{"host":"rw1trt79hfpl7pom","time":1613211152,"event":{"mods":["BaseMod","Bestiary","Colored Map","Minty Spire (QoL Compilation)","Relic Stats","StSLib","SuperFastMode"],"gold_per_floor":[366,380,305,317,79,112,127,147,173,173,173,200,217,249,261,347,359,381,393,457,487,527,571,600,645,712,154,172,186,186,203,203,277,277,297,297,643,662,109,136,136,136,218,218,232,259,273,273,273,273,273],"floor_reached":50,"language":"ENG","playtime":3527,"items_purged":["Strike_R","Strike_R+1","Strike_R+1"],"score":1274,"play_id":"9c1d13dd-f9af-4288-877b-1f5e52dea5f1","local_time":"20210213021232","is_ascension_mode":true,"campfire_choices":[{"floor":11.0,"key":"REST"},{"data":"Armaments","floor":15.0,"key":"SMITH"},{"floor":30.0,"key":"REST"},{"data":"Inflame","floor":32.0,"key":"SMITH"},{"floor":41,"key":"REST"},{"floor":44,"key":"RECALL"},{"floor":49,"key":"REST"}],"circlet_count":0,"master_deck":["AscendersBane","Strike_R+1","Defend_R+1","Defend_R+1","Defend_R+1","Defend_R+1","Bash","Armaments+1","Headbutt","True Grit","Power Through","Inflame+1","Shockwave","Fiend Fire","Flame Barrier","Heavy Blade","True Grit","Feed","Shrug It Off","Clothesline","Power Through","Sword Boomerang","Battle Trance","Dark Shackles","Inflame","Hologram","CutThroughFate+1","Burst","Madness","Madness","Crescendo+1","ReachHeaven","Study","PanicButton","Finesse","Master of Strategy","Pummel","Stack"],"relics":["Burning Blood","Centennial Puzzle","Pear","Dream Catcher","PreservedInsect","MawBank","SlaversCollar","Regal Pillow","Red Mask","Vajra","Calipers","Anchor","Bag of Preparation","PrismaticShard","Fusion Hammer","Old Coin","HandDrill","Matryoshka","Smiling Mask","Nunchaku","Pantograph","Singing Bowl","MealTicket"],"acts_visited":["Exordium","TheCity","TheBeyond"],"potions_floor_usage":[46],"damage_taken":[{"damage":7.0,"enemies":"Cultist","floor":1.0,"turns":4.0},{"damage":6.0,"enemies":"2 Louse","floor":2.0,"turns":3.0},{"damage":0.0,"enemies":"Jaw Worm","floor":4.0,"turns":5.0},{"damage":27.0,"enemies":"Gremlin Nob","floor":6.0,"turns":4.0},{"damage":41.0,"enemies":"Large Slime","floor":7.0,"turns":15.0},{"damage":9.0,"enemies":"Exordium Wildlife","floor":8.0,"turns":4.0},{"damage":31.0,"enemies":"3 Sentries","floor":12.0,"turns":11.0},{"damage":4.0,"enemies":"Exordium Thugs","floor":13.0,"turns":2.0},{"damage":0.0,"enemies":"Lagavulin","floor":14.0,"turns":5.0},{"damage":18.0,"enemies":"Slime Boss","floor":16.0,"turns":7.0},{"damage":33.0,"enemies":"Chosen","floor":18.0,"turns":7.0},{"damage":11.0,"enemies":"Shell Parasite","floor":21.0,"turns":6.0},{"damage":22.0,"enemies":"Masked Bandits","floor":22.0,"turns":5.0},{"damage":11.0,"enemies":"Gremlin Leader","floor":23.0,"turns":5.0},{"damage":14.0,"enemies":"Shelled Parasite and Fungi","floor":24.0,"turns":5.0},{"damage":30.0,"enemies":"Book of Stabbing","floor":25.0,"turns":7.0},{"damage":0.0,"enemies":"Cultist and Chosen","floor":28.0,"turns":4.0},{"damage":6.0,"enemies":"3 Cultists","floor":29.0,"turns":6.0},{"damage":3.0,"enemies":"Snake Plant","floor":31.0,"turns":4.0},{"damage":56.0,"enemies":"Automaton","floor":33.0,"turns":13.0},{"damage":22.0,"enemies":"3 Darklings","floor":35.0,"turns":7.0},{"damage":18.0,"enemies":"2 Orb Walkers","floor":37.0,"turns":4.0},{"damage":0.0,"enemies":"3 Shapes","floor":38.0,"turns":7.0},{"damage":2,"enemies":"Nemesis","floor":40,"turns":5},{"damage":13,"enemies":"3 Darklings","floor":45,"turns":4},{"damage":12,"enemies":"Giant Head","floor":46,"turns":8},{"damage":8,"enemies":"Jaw Worm Horde","floor":47,"turns":9},{"damage":116,"enemies":"Donu and Deca","floor":50,"turns":11}],"seed_played":"-6201942668790688184","potions_obtained":[{"floor":2.0,"key":"Weak Potion"},{"floor":4.0,"key":"SteroidPotion"},{"floor":7.0,"key":"FairyPotion"},{"floor":21.0,"key":"SkillPotion"},{"floor":22.0,"key":"Block Potion"},{"floor":25.0,"key":"Swift Potion"},{"floor":28.0,"key":"SkillPotion"},{"floor":33.0,"key":"LiquidBronze"},{"floor":38.0,"key":"Dexterity Potion"},{"floor":46,"key":"AttackPotion"}],"is_trial":false,"path_per_floor":["M","M","?","M","$","E","M","M","T","?","R","E","M","E","R","B",null,"M","?","T","M","?","E","M","E","T","$","M","M","R","M","R","B",null,"M","?","?","M","$","E","R","?","T","R","M","E","M","T","R","B"],"character_chosen":"IRONCLAD","items_purchased":["Centennial Puzzle","Bag of Preparation","PrismaticShard","Dark Shackles","SteroidPotion","HandDrill","Matryoshka"],"campfire_rested":4,"item_purchase_floors":[5,27,27,27,27,39,39],"current_hp_per_floor":[67,67,67,68,68,57,22,19,19,24,48,23,25,31,31,19,67,43,43,43,41,25,20,12,18,18,18,27,27,69,72,72,22,75,62,45,36,45,45,49,94,84,84,84,80,78,79,79,111,0,0],"gold":273,"neow_bonus":"TWO_FIFTY_GOLD","is_daily":false,"chose_seed":false,"campfire_upgraded":2,"win_rate":0.0,"timestamp":1613211152,"path_taken":["M","?","?","M","$","E","M","M","T","?","R","E","M","E","R","BOSS","M","?","?","M","?","E","?","E","T","?","M","M","R","M","R","BOSS","M","?","?","M","$","E","R","?","T","R","M","E","M","?","R","BOSS"],"items_purchased_type":["Relic","Relic","Relic","Card","Potion","Relic","Relic"],"build_version":"2020-12-22","purchased_purges":3,"victory":false,"max_hp_per_floor":[68,68,68,68,68,78,78,78,78,83,83,83,83,83,83,83,83,86,86,86,89,89,89,89,89,89,89,92,92,92,92,92,92,92,95,95,98,101,101,101,101,101,101,101,104,108,111,111,111,111,111],"relic_stats":{"Regal Pillow":30,"Singing Bowl":0,"counters":[28,177],"PreservedInsect":293,"Bag of Preparation":[24],"MawBank":156,"Smiling Mask":0,"Burning Blood":157,"Centennial Puzzle":[66],"Dream Catcher":4,"Nunchaku":[3],"Pantograph":0,"MealTicket":0,"HandDrill":[22],"obtain_stats":[{"Regal Pillow":20,"Pear":6,"Calipers":25,"Singing Bowl":48,"Vajra":23,"PreservedInsect":12,"Bag of Preparation":27,"MawBank":14,"PrismaticShard":27,"Smiling Mask":40,"Burning Blood":0,"Old Coin":37,"SlaversCollar":17,"Centennial Puzzle":5,"Dream Catcher":9,"Anchor":26,"Nunchaku":43,"Matryoshka":39,"Pantograph":46,"MealTicket":48,"Fusion Hammer":34,"Red Mask":22,"HandDrill":39},{"Regal Pillow":11,"Pear":4,"Calipers":16,"Singing Bowl":27,"Vajra":14,"PreservedInsect":7,"Bag of Preparation":16,"MawBank":9,"PrismaticShard":16,"Smiling Mask":24,"Burning Blood":0,"Old Coin":22,"SlaversCollar":10,"Centennial Puzzle":3,"Dream Catcher":6,"Anchor":16,"Nunchaku":24,"Matryoshka":23,"Pantograph":26,"MealTicket":27,"Fusion Hammer":20,"Red Mask":13,"HandDrill":23},{"Regal Pillow":67,"Pear":16,"Calipers":95,"Singing Bowl":166,"Vajra":83,"PreservedInsect":46,"Bag of Preparation":95,"MawBank":53,"PrismaticShard":95,"Smiling Mask":145,"Burning Blood":0,"Old Coin":133,"SlaversCollar":60,"Centennial Puzzle":12,"Dream Catcher":35,"Anchor":95,"Nunchaku":145,"Matryoshka":140,"Pantograph":157,"MealTicket":166,"Fusion Hammer":122,"Red Mask":78,"HandDrill":140}]},"card_choices":[{"not_picked":["Flex","Pummel"],"picked":"Armaments","floor":1.0},{"not_picked":["Havoc","Twin Strike"],"picked":"Headbutt","floor":2.0},{"not_picked":["Cleave","Flex"],"picked":"True Grit","floor":4.0},{"not_picked":["Reckless Charge","Perfected Strike"],"picked":"Power Through","floor":6.0},{"not_picked":["Blood for Blood","Iron Wave"],"picked":"Inflame","floor":7.0},{"not_picked":["Perfected Strike","Cleave"],"picked":"Shockwave","floor":8.0},{"not_picked":["Headbutt","Clash"],"picked":"Fiend Fire","floor":11.0},{"not_picked":["Armaments","Cleave"],"picked":"Flame Barrier","floor":12.0},{"not_picked":["Iron Wave","Havoc"],"picked":"Heavy Blade","floor":13.0},{"not_picked":["Metallicize","Iron Wave"],"picked":"True Grit","floor":14.0},{"not_picked":["Offering","Barricade"],"picked":"Feed","floor":16.0},{"not_picked":["Twin Strike","Bloodletting"],"picked":"Shrug It Off","floor":18.0},{"not_picked":["Armaments","Dropkick"],"picked":"Clothesline","floor":21.0},{"not_picked":["Dropkick","Armaments"],"picked":"Power Through","floor":22.0},{"not_picked":["Cleave","Hemokinesis","Havoc"],"picked":"SKIP","floor":23.0},{"not_picked":["Ghostly Armor","Juggernaut"],"picked":"Sword Boomerang","floor":24.0},{"not_picked":["Combust","Body Slam+1"],"picked":"Battle Trance","floor":25.0},{"not_picked":["Deflect+1","Twin Strike","Quick Slash"],"picked":"SKIP","floor":28.0},{"not_picked":["Rip and Tear","Cleave"],"picked":"Inflame","floor":29.0},{"not_picked":["Pommel Strike","Tempest"],"picked":"Hologram","floor":30.0},{"not_picked":["Flex","Compile Driver+1"],"picked":"CutThroughFate+1","floor":31.0},{"not_picked":["Venomology","Magnetism"],"picked":"Burst","floor":33.0},{"not_picked":["WheelKick","Coolheaded+1","InnerPeace"],"picked":"SKIP","floor":35.0},{"not_picked":["PanicButton","Sword Boomerang"],"picked":"Crescendo+1","floor":38.0},{"not_picked":["Bandage Up","Self Repair+1"],"picked":"ReachHeaven","floor":40},{"not_picked":["Flex","Blood for Blood"],"picked":"Study","floor":41},{"not_picked":["Violence","Impatience"],"picked":"PanicButton","floor":42},{"not_picked":["Good Instincts","Magnetism"],"picked":"Finesse","floor":42},{"not_picked":["Good Instincts","Enlightenment"],"picked":"Master of Strategy","floor":42},{"not_picked":["JustLucky+1","Consecrate+1"],"picked":"Pummel","floor":45},{"not_picked":["Redo","Blur","Outmaneuver"],"picked":"SKIP","floor":46},{"not_picked":["Coolheaded","Compile Driver","Bane"],"picked":"SKIP","floor":47},{"not_picked":["Rainbow","Sword Boomerang"],"picked":"Stack","floor":49}],"player_experience":2710986,"relics_obtained":[{"floor":6.0,"key":"Pear"},{"floor":9.0,"key":"Dream Catcher"},{"floor":12.0,"key":"PreservedInsect"},{"floor":14.0,"key":"MawBank"},{"floor":20.0,"key":"Regal Pillow"},{"floor":22.0,"key":"Red Mask"},{"floor":23.0,"key":"Vajra"},{"floor":25.0,"key":"Calipers"},{"floor":26.0,"key":"Anchor"},{"floor":37.0,"key":"Old Coin"},{"floor":40,"key":"Smiling Mask"},{"floor":43,"key":"Nunchaku"},{"floor":46,"key":"Pantograph"},{"floor":48,"key":"Singing Bowl"},{"floor":48,"key":"MealTicket"}],"event_choices":[{"cards_removed":["Strike_R"],"damage_healed":0.0,"max_hp_gain":0.0,"max_hp_loss":0.0,"gold_gain":0.0,"event_name":"The Cleric","player_choice":"Card Removal","floor":3.0,"gold_loss":75.0,"damage_taken":0.0},{"damage_healed":0.0,"max_hp_gain":5.0,"max_hp_loss":0.0,"gold_gain":0.0,"event_name":"Big Fish","player_choice":"Donut","floor":10.0,"gold_loss":0.0,"damage_taken":0.0},{"damage_healed":0.0,"max_hp_gain":0.0,"max_hp_loss":0.0,"gold_gain":0.0,"event_name":"Back to Basics","player_choice":"Simplicity","floor":19.0,"gold_loss":0.0,"damage_taken":0.0,"cards_upgraded":["Strike_R","Strike_R","Strike_R","Defend_R","Defend_R","Defend_R","Defend_R"]},{"damage_healed":0.0,"max_hp_gain":0.0,"max_hp_loss":0.0,"gold_gain":0.0,"event_name":"Masked Bandits","player_choice":"Fought Bandits","floor":22.0,"gold_loss":0.0,"damage_taken":0.0},{"damage_healed":0.0,"max_hp_gain":0.0,"max_hp_loss":0.0,"gold_gain":0.0,"event_name":"Winding Halls","player_choice":"Embrace Madness","floor":36.0,"gold_loss":0.0,"damage_taken":17.0,"cards_obtained":["Madness","Madness"]},{"damage_healed":0.0,"max_hp_gain":0.0,"max_hp_loss":0.0,"gold_gain":0.0,"event_name":"Mysterious Sphere","player_choice":"Fight","floor":37.0,"gold_loss":0.0,"damage_taken":0.0},{"damage_healed":0,"gold_gain":0,"player_choice":"Memory 3","damage_taken":10,"max_hp_gain":0,"max_hp_loss":0,"event_name":"SensoryStone","floor":42,"gold_loss":0}],"is_beta":false,"boss_relics":[{"not_picked":["Black Blood","SacredBark"],"picked":"SlaversCollar"},{"not_picked":["Empty Cage","Runic Cube"],"picked":"Fusion Hammer"}],"items_purged_floors":[5,27,39],"is_endless":false,"potions_floor_spawned":[2,4,7,8,14,21,22,25,28,33,35,38,46],"killed_by":"Donu and Deca","ascension_level":20}}