{"host":"8a3jzv7qxg3y7b6t","time":1613202792,"event":{"mods":["BaseMod","Better Third Choice","Downfall","Hermit","Minty Spire (QoL Compilation)","Relic Stats","StSLib","The Bug Knight","The Cursed"],"gold_per_floor":[116,191,191,207,223,223,302,314,338,348,381,25,25,52,52,155,155,173,193,204,204,221,248,248,248],"floor_reached":24,"language":"ENG","playtime":1411,"items_purged":[],"score":274,"play_id":"e0f86236-8fb7-45c6-9e25-e6de0856e1f8","local_time":"20210212235312","is_ascension_mode":true,"campfire_choices":[{"floor":6,"key":"RECALL"},{"floor":13,"key":"REST"},{"floor":15,"key":"REST"}],"circlet_count":0,"master_deck":["Strike_G","Strike_G","Strike_G","Strike_G","Strike_G","Defend_G","Defend_G","Defend_G","Defend_G","Defend_G","Survivor","Neutralize","Cloak And Dagger","Blade Dance","Bane","Backstab","All Out Attack","Mayhem","Envenom","After Image","Blade Dance","Dagger Throw+1","Bane+1","Blade Dance+1","All Out Attack+1"],"relics":["Ring of the Snake","Oddly Smooth Stone","Strawberry","Lantern","Orichalcum","HoveringKite","Centennial Puzzle"],"acts_visited":["Exordium","TheCity"],"potions_floor_usage":[11,14,16,20,23,23,24,24],"damage_taken":[{"damage":4,"enemies":"Small Slimes","floor":1,"turns":4},{"damage":21,"enemies":"Jaw Worm","floor":4,"turns":9},{"damage":0,"enemies":"Cultist","floor":5,"turns":3},{"damage":10,"enemies":"3 Louse","floor":8,"turns":4},{"damage":12,"enemies":"Gremlin Gang","floor":10,"turns":4},{"damage":13,"enemies":"3 Sentries","floor":11,"turns":7},{"damage":18,"enemies":"Gremlin Nob","floor":14,"turns":3},{"damage":17,"enemies":"The Guardian","floor":16,"turns":9},{"damage":0,"enemies":"Chosen","floor":18,"turns":6},{"damage":17,"enemies":"Spheric Guardian","floor":19,"turns":5},{"damage":20,"enemies":"Snake Plant","floor":20,"turns":5},{"damage":16,"enemies":"Centurion and Healer","floor":22,"turns":5},{"damage":28,"enemies":"Book of Stabbing","floor":23,"turns":6},{"damage":0,"enemies":"Cultist and Chosen","floor":24,"turns":1}],"seed_played":"4673541306627712239","potions_obtained":[{"floor":4,"key":"LiquidBronze"},{"floor":5,"key":"ColorlessPotion"},{"floor":10,"key":"Fire Potion"},{"floor":14,"key":"Weak Potion"},{"floor":19,"key":"Explosive Potion"},{"floor":21,"key":"EntropicBrew"},{"floor":21,"key":"GhostInAJar"}],"is_trial":false,"path_per_floor":["M","?","?","M","M","R","T","M","T","M","E","$","R","E","R","B",null,"M","M","M","?","M","E","M"],"character_chosen":"THE_SILENT","items_purchased":["Mayhem","Lantern","PowerPotion"],"campfire_rested":2,"item_purchase_floors":[12,12,12],"current_hp_per_floor":[73,62,62,41,41,41,41,31,31,19,13,13,38,20,45,28,84,84,67,47,47,31,3,3,3],"gold":248,"neow_bonus":"TEN_PERCENT_HP_BONUS","is_daily":false,"chose_seed":false,"campfire_upgraded":0,"win_rate":0.0,"timestamp":1613202792,"path_taken":["M","?","?","M","M","R","?","?","T","M","E","$","R","E","R","BOSS","M","?","M","?","?","E","M"],"items_purchased_type":["Card","Relic","Potion"],"build_version":"2020-12-22","purchased_purges":0,"victory":false,"max_hp_per_floor":[77,77,77,77,77,77,77,77,77,77,84,84,84,84,84,84,84,84,84,84,84,84,84,84,84],"relic_stats":{"Centennial Puzzle":[0],"counters":[14,71],"HoveringKite":[14],"Orichalcum":[30],"obtain_stats":[{"Lantern":12,"Centennial Puzzle":23,"Strawberry":11,"Oddly Smooth Stone":9,"HoveringKite":17,"Orichalcum":14,"Ring of the Snake":0},{"Lantern":6,"Centennial Puzzle":13,"Strawberry":6,"Oddly Smooth Stone":4,"HoveringKite":8,"Orichalcum":7,"Ring of the Snake":0},{"Lantern":31,"Centennial Puzzle":70,"Strawberry":31,"Oddly Smooth Stone":20,"HoveringKite":43,"Orichalcum":34,"Ring of the Snake":0}],"Ring of the Snake":[28]},"card_choices":[{"not_picked":["Quick Slash","Outmaneuver"],"picked":"Cloak And Dagger","floor":1},{"not_picked":["Flying Knee","Deadly Poison"],"picked":"Blade Dance","floor":4},{"not_picked":["Dodge and Roll","Eviscerate"],"picked":"Bane","floor":5},{"not_picked":["Bouncing Flask","Dodge and Roll","Flying Knee"],"picked":"SKIP","floor":8},{"not_picked":["Deadly Poison","Corpse Explosion"],"picked":"Backstab","floor":10},{"not_picked":["Bane","Quick Slash"],"picked":"All Out Attack","floor":11},{"not_picked":["Escape Plan","Leg Sweep"],"picked":"Envenom","floor":14},{"not_picked":["Glass Knife","Storm of Steel"],"picked":"After Image","floor":16},{"not_picked":["Bane","Deadly Poison"],"picked":"Blade Dance","floor":18},{"not_picked":["Heel Hook+1","Sucker Punch"],"picked":"Dagger Throw+1","floor":19},{"not_picked":["Backflip","Heel Hook"],"picked":"Bane+1","floor":20},{"not_picked":["Underhanded Strike","Poisoned Stab"],"picked":"Blade Dance+1","floor":22},{"not_picked":["Flechettes","Calculated Gamble"],"picked":"All Out Attack+1","floor":23}],"player_experience":679232,"relics_obtained":[{"floor":9,"key":"Oddly Smooth Stone"},{"floor":11,"key":"Strawberry"},{"floor":14,"key":"Orichalcum"},{"floor":23,"key":"Centennial Puzzle"}],"event_choices":[{"damage_healed":0,"gold_gain":75,"player_choice":"Gold","damage_taken":11,"max_hp_gain":0,"max_hp_loss":0,"event_name":"betterThird:BetterGoop","floor":2,"gold_loss":0},{"damage_healed":0,"gold_gain":0,"player_choice":"Ignored","damage_taken":0,"max_hp_gain":0,"max_hp_loss":0,"event_name":"Golden Wing","floor":3,"gold_loss":0},{"damage_healed":0,"gold_gain":0,"player_choice":"Got Potions","damage_taken":0,"max_hp_gain":0,"max_hp_loss":0,"event_name":"Lab","floor":21,"gold_loss":0}],"is_beta":false,"boss_relics":[{"not_picked":["Empty Cage","Ectoplasm"],"picked":"HoveringKite"}],"items_purged_floors":[],"is_endless":false,"potions_floor_spawned":[4,5,10,14,19],"killed_by":"Cultist and Chosen","ascension_level":4}}