{"host":"Krakhan","time":1613187993,"event":{"mods":["AchievementEnabler","BaseMod","Colored Map","Colored Powertips","Faster Ascension Climbing","Highlight Path","Minty Spire (QoL Compilation)","Rare Cards Sparkle","Relic Stats","StSLib"],"gold_per_floor":[114,74,92,105,105,135,135,9,59,20,35,61,61,77,77,154,154,169,59,71,71,82,82,82,82],"floor_reached":24,"language":"ENG","playtime":1102,"items_purged":["Strike_B"],"score":516,"play_id":"7c674974-74b1-45da-99d2-f6bc15ee618a","local_time":"20210212224633","is_ascension_mode":true,"campfire_choices":[{"data":"Sunder","floor":13,"key":"SMITH"},{"floor":15,"key":"REST"},{"floor":23,"key":"REST"}],"circlet_count":0,"master_deck":["AscendersBane","Strike_B","Strike_B","Strike_B+1","Defend_B","Defend_B","Defend_B","Defend_B","Zap+1","Dualcast","Beam Cell+1","Compile Driver","Genetic Algorithm","Undo","Ball Lightning","Sunder+1","Loop","Buffer","Sweeping Beam","Machine Learning","Leap","Conserve Battery","Cold Snap"],"relics":["Cracked Core","NeowsBlessing","Bag of Marbles","Dream Catcher","StrikeDummy","Runic Pyramid"],"acts_visited":["Exordium","TheCity"],"potions_floor_usage":[6,16,24],"damage_taken":[{"damage":0,"enemies":"Small Slimes","floor":1,"turns":1},{"damage":0,"enemies":"Cultist","floor":3,"turns":1},{"damage":0,"enemies":"2 Louse","floor":4,"turns":1},{"damage":20,"enemies":"Lagavulin","floor":6,"turns":7},{"damage":1,"enemies":"2 Fungi Beasts","floor":11,"turns":3},{"damage":15,"enemies":"3 Sentries","floor":12,"turns":6},{"damage":8,"enemies":"Blue Slaver","floor":14,"turns":3},{"damage":0,"enemies":"Slime Boss","floor":16,"turns":6},{"damage":7,"enemies":"3 Byrds","floor":18,"turns":5},{"damage":0,"enemies":"Chosen","floor":20,"turns":3},{"damage":14,"enemies":"Snake Plant","floor":21,"turns":3},{"damage":31,"enemies":"3 Cultists","floor":22,"turns":6},{"damage":39,"enemies":"Chosen and Byrds","floor":24,"turns":3}],"seed_played":"9074710085366913850","potions_obtained":[{"floor":1,"key":"PowerPotion"},{"floor":2,"key":"CultistPotion"},{"floor":11,"key":"EssenceOfSteel"},{"floor":14,"key":"Regen Potion"},{"floor":20,"key":"FocusPotion"}],"is_trial":false,"path_per_floor":["M","?","M","M","?","E","?","$","T","?","M","E","R","M","R","B",null,"M","?","M","M","M","R","M"],"character_chosen":"DEFECT","items_purchased":["Ball Lightning"],"campfire_rested":2,"item_purchase_floors":[8],"current_hp_per_floor":[64,64,64,64,43,23,40,40,40,40,39,24,24,16,37,37,63,56,56,56,42,11,31,0,0],"gold":82,"neow_bonus":"THREE_ENEMY_KILL","is_daily":false,"chose_seed":false,"campfire_upgraded":1,"win_rate":0.0,"timestamp":1613187993,"path_taken":["M","?","?","M","?","E","?","$","T","?","M","E","R","?","R","BOSS","M","?","M","?","?","R","M"],"items_purchased_type":["Card"],"build_version":"2020-12-18","purchased_purges":1,"victory":false,"max_hp_per_floor":[71,71,71,71,71,71,71,71,71,71,71,71,71,71,71,71,71,71,68,68,68,68,68,68,68],"relic_stats":{"Dream Catcher":2,"counters":[13,47],"obtain_stats":[{"Dream Catcher":9,"NeowsBlessing":0,"Bag of Marbles":6,"Cracked Core":0,"StrikeDummy":12,"Runic Pyramid":17},{"Dream Catcher":4,"NeowsBlessing":0,"Bag of Marbles":4,"Cracked Core":0,"StrikeDummy":6,"Runic Pyramid":8},{"Dream Catcher":10,"NeowsBlessing":0,"Bag of Marbles":10,"Cracked Core":0,"StrikeDummy":19,"Runic Pyramid":28}]},"card_choices":[{"not_picked":["Capacitor","Leap"],"picked":"Beam Cell","floor":1},{"not_picked":["FTL","Leap"],"picked":"Compile Driver","floor":3},{"not_picked":["Hologram","White Noise"],"picked":"Genetic Algorithm","floor":4},{"not_picked":["Gash","Tempest"],"picked":"Undo","floor":6},{"not_picked":["Scrape","Gash"],"picked":"Sunder","floor":11},{"not_picked":["Force Field","Melter"],"picked":"Loop","floor":12},{"not_picked":["Reprogram","Ball Lightning"],"picked":"Buffer","floor":14},{"not_picked":["Beam Cell","Genetic Algorithm"],"picked":"Sweeping Beam","floor":15},{"not_picked":["Fission","Amplify"],"picked":"Machine Learning","floor":16},{"not_picked":["Beam Cell+1","Steam Power"],"picked":"Leap","floor":18},{"not_picked":["Force Field","Ball Lightning","Barrage"],"picked":"SKIP","floor":20},{"not_picked":["Force Field","Ball Lightning","Barrage"],"picked":"SKIP","floor":20},{"not_picked":["Blizzard","Capacitor"],"picked":"Conserve Battery","floor":21},{"not_picked":["Turbo","Reprogram"],"picked":"Cold Snap","floor":22}],"player_experience":1386537,"relics_obtained":[{"floor":6,"key":"Bag of Marbles"},{"floor":9,"key":"Dream Catcher"},{"floor":12,"key":"StrikeDummy"}],"event_choices":[{"damage_healed":0,"gold_gain":0,"player_choice":"Bought 3 Potions","damage_taken":0,"max_hp_gain":0,"max_hp_loss":0,"event_name":"The Woman in Blue","floor":2,"gold_loss":0},{"damage_healed":0,"gold_gain":0,"player_choice":"Entered Light","damage_taken":21,"max_hp_gain":0,"max_hp_loss":0,"event_name":"Shining Light","floor":5,"gold_loss":0,"cards_upgraded":["Beam Cell","Strike_B"]},{"damage_healed":17,"gold_gain":0,"player_choice":"Healed and dodged fight","damage_taken":0,"max_hp_gain":0,"max_hp_loss":0,"event_name":"Mushrooms","floor":7,"gold_loss":0,"cards_obtained":["Parasite"]},{"damage_healed":0,"gold_gain":0,"player_choice":"Left Gold","damage_taken":0,"max_hp_gain":0,"max_hp_loss":0,"event_name":"World of Goop","floor":10,"gold_loss":39},{"cards_removed":["Parasite"],"damage_healed":0,"gold_gain":0,"player_choice":"Upgrade and Remove","damage_taken":0,"max_hp_gain":0,"max_hp_loss":0,"event_name":"Designer","floor":19,"gold_loss":110,"cards_upgraded":["Zap"]}],"is_beta":true,"boss_relics":[{"not_picked":["Empty Cage","Astrolabe"],"picked":"Runic Pyramid"}],"items_purged_floors":[8],"is_endless":false,"potions_floor_spawned":[1,11,14,20,21],"killed_by":"Chosen and Byrds","ascension_level":20}}