{"host":"0fd22hpf43j6tvvm","time":1613257603,"event":{"mods":["AchievementEnabler","BaseMod","Colored Map","Minty Spire (QoL Compilation)","Relic Stats"],"gold_per_floor":[117,117,117,292,392,430,430,470,470,489,509,509,543,556,556,682,682,700,700,713,255,170,210,210,253,253,2,33,52,52,77,77,205,205,221,244,96,96,116,116,135,173,198,233,260,135,156,175,175,175],"floor_reached":51,"language":"ENG","playtime":3543,"items_purged":["Doubt","Strike_R","Strike_R"],"score":1353,"play_id":"865d6b01-642a-42ca-b7c8-b86360c0b789","local_time":"20210213180643","is_ascension_mode":true,"campfire_choices":[{"data":"Spot Weakness","floor":7.0,"key":"SMITH"},{"data":"Rage","floor":12.0,"key":"SMITH"},{"data":"Metallicize","floor":15.0,"key":"SMITH"},{"data":"Apotheosis","floor":24.0,"key":"SMITH"},{"data":"Corruption","floor":30.0,"key":"SMITH"},{"floor":32.0,"key":"REST"},{"data":"Dark Embrace","floor":40.0,"key":"SMITH"},{"data":"True Grit","floor":49,"key":"SMITH"}],"circlet_count":0,"master_deck":["Strike_R","Strike_R","Strike_R","Defend_R","Defend_R","Defend_R","Bash","Dark Embrace+1","Spot Weakness+1","Rage+1","Ghostly Armor","Battle Trance","Metallicize+1","Havoc+1","Corruption+1","Heavy Blade+1","RitualDagger","Warcry+1","Apotheosis+1","True Grit+1","Sentinel","Cleave","Shrug It Off","Clothesline+1","Impervious","Sentinel","Spot Weakness+1","Battle Trance","Limit Break","Flex+1"],"relics":["Burning Blood","NeowsBlessing","Golden Idol","White Beast Statue","Tiny Chest","Mummified Hand","Bottled Tornado","Runic Pyramid","OrangePellets","Regal Pillow","Centennial Puzzle","Anchor","Gremlin Horn","Potion Belt","PreservedInsect","Coffee Dripper","Omamori","DollysMirror","Strawberry","Bag of Preparation","Bag of Marbles","Dream Catcher"],"acts_visited":["TheCity","TheBeyond"],"potions_floor_usage":[],"damage_taken":[{"damage":0.0,"enemies":"2 Louse","floor":1.0,"turns":1.0},{"damage":0.0,"enemies":"3 Sentries","floor":6.0,"turns":2.0},{"damage":0.0,"enemies":"Gremlin Nob","floor":8.0,"turns":1.0},{"damage":1.0,"enemies":"Small Slimes","floor":10.0,"turns":4.0},{"damage":0.0,"enemies":"Cultist","floor":11.0,"turns":4.0},{"damage":45.0,"enemies":"Lagavulin","floor":13.0,"turns":8.0},{"damage":2.0,"enemies":"3 Louse","floor":14.0,"turns":4.0},{"damage":29.0,"enemies":"Hexaghost","floor":16.0,"turns":9.0},{"damage":26.0,"enemies":"2 Thieves","floor":18.0,"turns":5.0},{"damage":0.0,"enemies":"Spheric Guardian","floor":20.0,"turns":4.0},{"damage":13.0,"enemies":"Book of Stabbing","floor":23.0,"turns":5.0},{"damage":15.0,"enemies":"Gremlin Leader","floor":25.0,"turns":6.0},{"damage":20.0,"enemies":"Book of Stabbing","floor":28.0,"turns":5.0},{"damage":0.0,"enemies":"Cultist and Chosen","floor":29.0,"turns":4.0},{"damage":1.0,"enemies":"Centurion and Healer","floor":31.0,"turns":5.0},{"damage":0.0,"enemies":"Champ","floor":33.0,"turns":12.0},{"damage":0.0,"enemies":"Orb Walker","floor":35.0,"turns":3.0},{"damage":0.0,"enemies":"3 Shapes","floor":39.0,"turns":3.0},{"damage":1.0,"enemies":"Maw","floor":41.0,"turns":4.0},{"damage":11.0,"enemies":"Reptomancer","floor":42.0,"turns":3.0},{"damage":0.0,"enemies":"Nemesis","floor":44.0,"turns":3.0},{"damage":0,"enemies":"Sphere and 2 Shapes","floor":47,"turns":3},{"damage":0,"enemies":"Spire Growth","floor":48,"turns":3},{"damage":0,"enemies":"Donu and Deca","floor":50,"turns":5}],"seed_played":"-2545350054349128443","potions_obtained":[{"floor":1.0,"key":"CultistPotion"},{"floor":8.0,"key":"FearPotion"},{"floor":10.0,"key":"Swift Potion"},{"floor":13.0,"key":"Block Potion"},{"floor":14.0,"key":"BlessingOfTheForge"},{"floor":16.0,"key":"FairyPotion"},{"floor":18.0,"key":"PowerPotion"},{"floor":20.0,"key":"Explosive Potion"},{"floor":23.0,"key":"ColorlessPotion"},{"floor":25.0,"key":"DistilledChaos"},{"floor":28.0,"key":"SteroidPotion"},{"floor":29.0,"key":"Explosive Potion"},{"floor":31.0,"key":"SkillPotion"},{"floor":33.0,"key":"LiquidBronze"},{"floor":39.0,"key":"Energy Potion"},{"floor":44.0,"key":"Weak Potion"},{"floor":47,"key":"Strength Potion"}],"is_trial":false,"path_per_floor":["M","?","?","?","?","E","R","E","T","M","M","R","E","M","R","B",null,"M","?","M","$","?","E","R","E","T","$","E","M","R","M","R","B",null,"M","T","$","?","M","R","M","E","T","E","T","$","M","M","R","B",null],"character_chosen":"IRONCLAD","items_purchased":["Apotheosis","True Grit","OrangePellets","Potion Belt","DollysMirror"],"campfire_rested":1,"item_purchase_floors":[21,21,21,27,37],"current_hp_per_floor":[78,71,51,51,51,57,57,63,63,68,74,74,35,39,39,16,64,44,38,44,44,44,37,37,28,28,28,14,20,20,25,64,70,78,80,80,80,80,80,80,80,82,82,87,87,87,87,87,87,87],"gold":175,"neow_bonus":"THREE_ENEMY_KILL","is_daily":false,"chose_seed":false,"campfire_upgraded":7,"win_rate":0.0,"timestamp":1613257603,"path_taken":["M","?","?","?","?","E","R","E","T","?","M","R","E","M","R","BOSS","M","?","M","$","?","E","R","E","T","$","E","M","R","M","R","BOSS","M","?","?","?","?","R","M","E","T","E","?","$","M","M","R","BOSS"],"items_purchased_type":["Card","Card","Relic","Relic","Relic"],"build_version":"2020-12-22","purchased_purges":3,"victory":true,"max_hp_per_floor":[80,80,80,80,80,80,80,80,80,80,80,80,80,80,80,80,80,80,80,80,80,80,80,80,80,80,80,80,80,80,80,80,80,80,80,80,80,80,80,80,80,87,87,87,87,87,87,87,87,87],"relic_stats":{"Regal Pillow":15,"Gremlin Horn":[9,10],"counters":[24,106],"Golden Idol":183,"PreservedInsect":110,"Bag of Preparation":[8],"Burning Blood":110,"OrangePellets":[17],"Centennial Puzzle":[14],"Dream Catcher":0,"Mummified Hand":[58],"Tiny Chest":2,"obtain_stats":[{"Potion Belt":27,"Regal Pillow":22,"NeowsBlessing":0,"Gremlin Horn":26,"Golden Idol":3,"PreservedInsect":28,"Omamori":36,"Bag of Preparation":43,"Bottled Tornado":13,"Burning Blood":0,"White Beast Statue":6,"OrangePellets":21,"Centennial Puzzle":23,"Anchor":25,"Dream Catcher":45,"Mummified Hand":9,"DollysMirror":37,"Strawberry":42,"Tiny Chest":8,"Coffee Dripper":34,"Bag of Marbles":44,"Runic Pyramid":17},{"Potion Belt":12,"Regal Pillow":10,"NeowsBlessing":0,"Gremlin Horn":12,"Golden Idol":1,"PreservedInsect":13,"Omamori":17,"Bag of Preparation":20,"Bottled Tornado":6,"Burning Blood":0,"White Beast Statue":2,"OrangePellets":10,"Centennial Puzzle":11,"Anchor":12,"Dream Catcher":21,"Mummified Hand":3,"DollysMirror":17,"Strawberry":20,"Tiny Chest":3,"Coffee Dripper":16,"Bag of Marbles":21,"Runic Pyramid":8},{"Potion Belt":53,"Regal Pillow":42,"NeowsBlessing":0,"Gremlin Horn":53,"Golden Idol":1,"PreservedInsect":58,"Omamori":82,"Bag of Preparation":92,"Bottled Tornado":20,"Burning Blood":0,"White Beast Statue":3,"OrangePellets":42,"Centennial Puzzle":47,"Anchor":53,"Dream Catcher":95,"Mummified Hand":4,"DollysMirror":82,"Strawberry":92,"Tiny Chest":4,"Coffee Dripper":79,"Bag of Marbles":95,"Runic Pyramid":33}]},"card_choices":[{"not_picked":["Combust","Thunderclap"],"picked":"Dark Embrace","floor":1.0},{"not_picked":["Battle Trance","Entrench"],"picked":"Spot Weakness","floor":6.0},{"not_picked":["Anger","Inflame"],"picked":"Rage","floor":8.0},{"not_picked":["Searing Blow","Anger"],"picked":"Ghostly Armor","floor":10.0},{"not_picked":["Inflame","Pommel Strike"],"picked":"Battle Trance","floor":11.0},{"not_picked":["Sever Soul","Flex"],"picked":"Metallicize","floor":13.0},{"not_picked":["Headbutt","Combust"],"picked":"Havoc","floor":14.0},{"not_picked":["Berserk","Bludgeon"],"picked":"Corruption","floor":16.0},{"not_picked":["Clothesline","Dropkick+1"],"picked":"Heavy Blade+1","floor":18.0},{"not_picked":["Thunderclap","Clash"],"picked":"Warcry+1","floor":20.0},{"not_picked":["Havoc","Spot Weakness"],"picked":"Sentinel","floor":23.0},{"not_picked":["Sword Boomerang+1","Evolve"],"picked":"Cleave","floor":25.0},{"not_picked":["Rage","Barricade"],"picked":"Shrug It Off","floor":28.0},{"not_picked":["Rage","Uppercut+1","Anger+1"],"picked":"SKIP","floor":29.0},{"not_picked":["Sword Boomerang+1","Warcry"],"picked":"Clothesline+1","floor":31.0},{"not_picked":["Feed","Reaper"],"picked":"Impervious","floor":33.0},{"not_picked":["Entrench+1","Body Slam"],"picked":"Sentinel","floor":35.0},{"not_picked":["Headbutt","Shrug It Off+1","Anger+1"],"picked":"SKIP","floor":39.0},{"not_picked":["Heavy Blade+1","Armaments+1"],"picked":"Battle Trance","floor":41.0},{"not_picked":["Bludgeon","Clothesline"],"picked":"Limit Break","floor":42.0},{"not_picked":["Combust","Dropkick+1","Havoc+1"],"picked":"SKIP","floor":44.0},{"not_picked":["Blood for Blood+1","Clash"],"picked":"Flex+1","floor":47},{"not_picked":["Iron Wave+1","True Grit+1","Immolate"],"picked":"SKIP","floor":48}],"player_experience":544077,"relics_obtained":[{"floor":6.0,"key":"White Beast Statue"},{"floor":8.0,"key":"Tiny Chest"},{"floor":9.0,"key":"Mummified Hand"},{"floor":13.0,"key":"Bottled Tornado"},{"floor":23.0,"key":"Centennial Puzzle"},{"floor":25.0,"key":"Anchor"},{"floor":26.0,"key":"Gremlin Horn"},{"floor":28.0,"key":"PreservedInsect"},{"floor":36.0,"key":"Omamori"},{"floor":42.0,"key":"Strawberry"},{"floor":43.0,"key":"Bag of Preparation"},{"floor":44.0,"key":"Bag of Marbles"},{"floor":45.0,"key":"Dream Catcher"}],"event_choices":[{"cards_removed":["Defend_R"],"damage_healed":0.0,"max_hp_gain":0.0,"max_hp_loss":0.0,"gold_gain":0.0,"event_name":"Golden Wing","player_choice":"Card Removal","floor":2.0,"gold_loss":0.0,"damage_taken":7.0},{"damage_healed":0.0,"max_hp_gain":0.0,"max_hp_loss":0.0,"gold_gain":0.0,"event_name":"Golden Idol","player_choice":"Take Damage","floor":3.0,"gold_loss":0.0,"damage_taken":20.0,"relics_obtained":["Golden Idol"]},{"damage_healed":0.0,"max_hp_gain":0.0,"max_hp_loss":0.0,"gold_gain":175.0,"event_name":"Liars Game","player_choice":"AGREE","floor":4.0,"gold_loss":0.0,"damage_taken":0.0,"cards_obtained":["Doubt"]},{"damage_healed":0.0,"max_hp_gain":0.0,"max_hp_loss":0.0,"gold_gain":100.0,"event_name":"Golden Shrine","player_choice":"Pray","floor":5.0,"gold_loss":0.0,"damage_taken":0.0},{"damage_healed":0.0,"max_hp_gain":0.0,"max_hp_loss":0.0,"gold_gain":0.0,"event_name":"Nest","player_choice":"Joined the Cult","floor":19.0,"gold_loss":0.0,"damage_taken":6.0,"cards_obtained":["RitualDagger"]},{"damage_healed":0.0,"max_hp_gain":0.0,"max_hp_loss":0.0,"gold_gain":0.0,"event_name":"Addict","player_choice":"Obtained Relic","floor":22.0,"gold_loss":85.0,"damage_taken":0.0,"relics_obtained":["Regal Pillow"]},{"damage_healed":0.0,"max_hp_gain":0.0,"max_hp_loss":0.0,"gold_gain":0.0,"event_name":"Upgrade Shrine","player_choice":"Upgraded","floor":38.0,"gold_loss":0.0,"damage_taken":0.0,"cards_upgraded":["Havoc"]}],"is_beta":false,"boss_relics":[{"not_picked":["SacredBark","SlaversCollar"],"picked":"Runic Pyramid"},{"not_picked":["Snecko Eye","Velvet Choker"],"picked":"Coffee Dripper"}],"items_purged_floors":[21,27,46],"is_endless":false,"potions_floor_spawned":[1,8,10,11,13,14,16,18,20,23,25,28,29,31,33,35,39,41,42,44,47,48],"ascension_level":8}}