{"host":"2x189hkb4impm2gi","time":1613252357,"event":{"mods":["AchievementEnabler","BaseMod","Colored Map","Colored Powertips","Downfall","Minty Spire (QoL Compilation)","StSLib"],"gold_per_floor":[111,142,154,166,163,202,214,237,314,311,323,361,73,131,156,272,284,296,320,332,359,397,409,421,433,457,469,512,524,521,533,557,672,684,696,346,366,381,65,83,107,153,164,164,198,298,598,623,635,635,635,665,8,8,8,8,8,8],"floor_reached":56,"language":"ENG","playtime":4882,"items_purged":["Regret"],"score":854,"play_id":"1abd7a54-536d-4317-8a52-ee6f0310c059","local_time":"20210213163917","is_ascension_mode":false,"campfire_choices":[{"data":"Slimebound:CorrosiveSpit","floor":1.0,"key":"SMITH"},{"floor":11.0,"key":"RECALL"},{"floor":13.0,"key":"REST"},{"data":"Slimebound:GoopSpray","floor":18.0,"key":"SMITH"},{"floor":25.0,"key":"REST"},{"data":"RitualDagger","floor":27.0,"key":"SMITH"},{"data":"Slimebound:Grow","floor":35,"key":"SMITH"},{"data":"Sadistic Nature","floor":44,"key":"SMITH"},{"data":"Slimebound:OozeBath","floor":47,"key":"SMITH"},{"data":"expansioncontent:InvincibleStrength","floor":54,"key":"SMITH"}],"circlet_count":0,"master_deck":["Slimebound:Tackle","Slimebound:Defend_Slimebound+1","Slimebound:Defend_Slimebound","Slimebound:Defend_Slimebound","Slimebound:Defend_Slimebound+1","Slimebound:Split","Slimebound:CorrosiveSpit+1","Slimebound:RollThrough","Slimebound:GoopSpray+1","Slimebound:RollThrough","Slimebound:SpikyOuterGoop","Slimebound:HauntingLick","Slimebound:RainOfGoop","Slimebound:Grow+1","Slimebound:LivingWall","Slimebound:OozeBath+1","Slimebound:GrowthPunch+1","RitualDagger+1","Slimebound:FlameTackle","Slimebound:AcidTongue+1","Slimebound:ViciousTackle","Slimebound:TongueLash","Slimebound:LeechEnergy","Slimebound:Tackle+1","Slimebound:Tackle+1","Slimebound:Tackle+1","Slimebound:ComboTackle","Slimebound:Schlurp","expansioncontent:DashGenerateEvil+1","Slimebound:SlimeSpikes+1","Slimebound:LeechingTouch+1","Sadistic Nature+1","Slimebound:ComboTackle+1","Slimebound:RejuvenatingLick","Slimebound:GoopTackle+1","Slimebound:Prepare+1","Slimebound:HauntingLick","Slimebound:RollThrough+1","expansioncontent:InvincibleStrength+1"],"relics":["Slimebound:AbsorbEndCombat","MawBank","Toy Ornithopter","WarpedTongs","Bottled Lightning","Slimebound:AggressiveSlimeRelic","Ancient Tea Set","downfall:HeartBlessingRed","downfall:HeartBlessingGreen","downfall:HeartBlessingBlue","Regal Pillow","Black Star","Red Mask","Mercury Hourglass","Potion Belt","Incense Burner","War Paint","Coffee Dripper","Sling","Molten Egg 2","Centennial Puzzle","Orichalcum","Ginger","Bottled Tornado","Letter Opener","downfall:GremlinWheel","Strawberry","Bag of Marbles","White Beast Statue","Ornamental Fan","Happy Flower","Bird Faced Urn"],"acts_visited":["Exordium","TheCity","TheBeyond","TheEnding"],"potions_floor_usage":[33,33,33,38,38,52,52,55,56,56],"damage_taken":[{"damage":2.0,"enemies":"Small Slimes","floor":2.0,"turns":4.0},{"damage":15.0,"enemies":"downfall:FleeingMerchant","floor":5.0,"turns":4.0},{"damage":18.0,"enemies":"3 Sentries","floor":6.0,"turns":5.0},{"damage":3.0,"enemies":"Cultist","floor":8.0,"turns":3.0},{"damage":28.0,"enemies":"3 Sentries","floor":9.0,"turns":6.0},{"damage":11.0,"enemies":"downfall:FleeingMerchant","floor":10.0,"turns":4.0},{"damage":21.0,"enemies":"Lagavulin","floor":12.0,"turns":5.0},{"damage":1.0,"enemies":"Jaw Worm","floor":15.0,"turns":3.0},{"damage":30.0,"enemies":"WA_ARCHETYPE_RETAIN","floor":16.0,"turns":7.0},{"damage":28.0,"enemies":"Spheric Guardian","floor":19.0,"turns":4.0},{"damage":6.0,"enemies":"3 Byrds","floor":21.0,"turns":4.0},{"damage":20.0,"enemies":"Masked Bandits","floor":22.0,"turns":5.0},{"damage":3.0,"enemies":"Centurion and Healer","floor":26.0,"turns":3.0},{"damage":51.0,"enemies":"Book of Stabbing","floor":28.0,"turns":8.0},{"damage":21.0,"enemies":"downfall:FleeingMerchant","floor":30.0,"turns":4.0},{"damage":0.0,"enemies":"Snecko","floor":32.0,"turns":3.0},{"damage":18,"enemies":"DF_ARCHETYPE_CLAW","floor":33,"turns":7},{"damage":5,"enemies":"downfall:FleeingMerchant","floor":36,"turns":4},{"damage":0,"enemies":"3 Shapes","floor":37,"turns":2},{"damage":0,"enemies":"Orb Walker","floor":38,"turns":1},{"damage":0,"enemies":"4 Shapes","floor":40,"turns":4},{"damage":9,"enemies":"2 Orb Walkers","floor":42,"turns":3},{"damage":4,"enemies":"Maw","floor":43,"turns":6},{"damage":3,"enemies":"Nemesis","floor":45,"turns":3},{"damage":0,"enemies":"Nemesis","floor":46,"turns":3},{"damage":1,"enemies":"Reptomancer","floor":48,"turns":2},{"damage":0,"enemies":"Jaw Worm Horde","floor":49,"turns":2},{"damage":15,"enemies":"IC_BLOCK_ARCHETYPE","floor":50,"turns":7},{"damage":29,"enemies":"downfall:CharBossMerchant","floor":52,"turns":6},{"damage":49,"enemies":"downfall:NeowBoss","floor":55,"turns":12},{"damage":67,"enemies":"downfall:NeowBossFinal","floor":56,"turns":11}],"seed_played":"-2661269656630428962","potions_obtained":[{"floor":2.0,"key":"Weak Potion"},{"floor":8.0,"key":"hexamod:SoulburnPotion"},{"floor":9.0,"key":"DistilledChaos"},{"floor":15.0,"key":"SkillPotion"},{"floor":16.0,"key":"bronze:BurnAndBuffPotion"},{"floor":21.0,"key":"ColorlessPotion"},{"floor":22.0,"key":"Slimebound:SpawnSlimePotion"},{"floor":33,"key":"SkillPotion"},{"floor":37,"key":"SkillPotion"},{"floor":40,"key":"SteroidPotion"},{"floor":43,"key":"Dexterity Potion"},{"floor":49,"key":"Swift Potion"}],"is_trial":false,"path_per_floor":["R","M","?","?","$","E","T","M","?","$","R","E","R","T","M","B",null,"R","M","?","M","?","T","T","R","M","R","E","?","$","?","M","B",null,"R","$","M","M","$","M","T","?","M","R","E","?","R","E","M","B",null,"E","$","R","B","B"],"character_chosen":"SLIMEBOUND","items_purchased":["Sling","Molten Egg 2","Slimebound:Schlurp","expansioncontent:DashGenerateEvil+1","Sadistic Nature","Centennial Puzzle","Happy Flower","Bird Faced Urn","Slimebound:SlimedPotion","EssenceOfSteel","expansioncontent:InvincibleStrength"],"campfire_rested":2,"item_purchase_floors":[36,36,36,36,39,39,53,53,53,53,53],"current_hp_per_floor":[65,65,65,65,54,44,44,45,25,25,25,12,44,44,47,35,75,75,53,47,49,42,42,42,75,75,75,28,28,15,15,21,26,75,75,74,75,75,75,75,75,72,73,73,72,74,74,81,82,69,82,57,57,57,31,0,0,0],"gold":8,"neow_bonus":"RANDOM_COMMON_RELIC","is_daily":false,"chose_seed":false,"campfire_upgraded":7,"win_rate":0.0,"timestamp":1613252357,"path_taken":["R","M","?","?","$","E","T","?","?","$","R","E","R","?","M","BOSS","R","M","?","M","?","?","T","R","?","R","E","?","$","?","M","BOSS","R","$","M","M","$","M","T","?","M","R","E","?","R","E","M","BOSS","E","$","R","BOSS","BOSS"],"items_purchased_type":["Relic","Relic","Card","Card","Card","Relic","Relic","Relic","Potion","Potion","Card"],"build_version":"2020-12-22","purchased_purges":1,"victory":false,"max_hp_per_floor":[65,65,65,65,65,65,65,65,65,65,65,65,75,75,75,75,75,75,75,75,75,75,75,75,75,75,75,75,75,75,75,75,75,75,75,75,75,75,75,75,75,75,75,75,75,75,75,82,82,82,82,82,82,82,82,82,82,82],"card_choices":[{"not_picked":["Slimebound:DivideAndConquer","Slimebound:FinishingTackle"],"picked":"Slimebound:RollThrough","floor":2.0},{"not_picked":["Slimebound:Schlurp","Slimebound:BestDefense"],"picked":"Slimebound:GoopSpray","floor":5.0},{"not_picked":["Slimebound:MinionMaster","Slimebound:DivideAndConquer"],"picked":"Slimebound:RollThrough","floor":6.0},{"not_picked":["Slimebound:SplitLeeching","Slimebound:SlimeBarrage"],"picked":"Slimebound:SpikyOuterGoop","floor":8.0},{"not_picked":["Slimebound:LevelUp","Slimebound:PressTheAttack"],"picked":"Slimebound:HauntingLick","floor":9.0},{"not_picked":["Slimebound:SplitAcid","Slimebound:SlimeBrawl"],"picked":"Slimebound:RainOfGoop","floor":10.0},{"not_picked":["Slimebound:LevelUp","Slimebound:Schlurp"],"picked":"Slimebound:Grow","floor":12.0},{"not_picked":["Slimebound:Nibble","Slimebound:Dissolve"],"picked":"Slimebound:LivingWall","floor":15.0},{"not_picked":["Slimebound:LeechLife","Slimebound:SlimeSlap"],"picked":"Slimebound:OozeBath","floor":16.0},{"not_picked":["Slimebound:DivideAndConquer","Slimebound:FinishingTackle"],"picked":"Slimebound:GrowthPunch+1","floor":19.0},{"not_picked":["Slimebound:SlimeSpikes","Slimebound:Dissolve"],"picked":"Slimebound:FlameTackle","floor":21.0},{"not_picked":["Slimebound:ServeAndProtect","Slimebound:LeechingTouch"],"picked":"Slimebound:AcidTongue+1","floor":22.0},{"not_picked":["Slimebound:SplitAcid","Slimebound:LevelUp"],"picked":"Slimebound:ViciousTackle","floor":26.0},{"not_picked":["Slimebound:LeadByExample+1","Slimebound:MegaLick"],"picked":"Slimebound:TongueLash","floor":28.0},{"not_picked":["Slimebound:TongueLash","Slimebound:GoopSpray"],"picked":"Slimebound:LeechEnergy","floor":30.0},{"not_picked":["Slimebound:AcidTongue+1","Slimebound:ForwardTackle","Slimebound:ItLooksTasty"],"picked":"SKIP","floor":32.0},{"not_picked":["Slimebound:SplitBruiser+1","Slimebound:GoopTackle"],"picked":"Slimebound:ComboTackle","floor":36},{"not_picked":["Slimebound:LeechEnergy+1","Slimebound:GoopTackle+1"],"picked":"Slimebound:SlimeSpikes+1","floor":37},{"not_picked":["Slimebound:SplitBruiser","Slimebound:SplitAcid+1"],"picked":"Slimebound:LeechingTouch+1","floor":38},{"not_picked":["Slimebound:SplitLeeching+1","Slimebound:Overexert"],"picked":"Slimebound:ComboTackle+1","floor":40},{"not_picked":["Slimebound:SpikyOuterGoop","Slimebound:LivingWall"],"picked":"Slimebound:RejuvenatingLick","floor":42},{"not_picked":["Slimebound:SplitBruiser","Slimebound:SplitSpecialist"],"picked":"Slimebound:GoopTackle+1","floor":43},{"not_picked":["Slimebound:SpikyOuterGoop","Slimebound:Dissolve+1"],"picked":"Slimebound:Prepare+1","floor":45},{"not_picked":["Slimebound:Nibble+1","Slimebound:Grow+1"],"picked":"Slimebound:HauntingLick","floor":48},{"not_picked":["Slimebound:SamplingLick","Slimebound:SplitSpecialist"],"picked":"Slimebound:RollThrough+1","floor":49},{"not_picked":["Slimebound:ItLooksTasty+1","Slimebound:DivideAndConquer+1","Slimebound:Nibble+1"],"picked":"SKIP","floor":52}],"player_experience":120759,"relics_obtained":[{"floor":6.0,"key":"Bottled Lightning"},{"floor":12.0,"key":"Ancient Tea Set"},{"floor":14.0,"key":"Regal Pillow"},{"floor":22.0,"key":"Red Mask"},{"floor":23.0,"key":"Mercury Hourglass"},{"floor":24.0,"key":"Potion Belt"},{"floor":28.0,"key":"Incense Burner"},{"floor":28.0,"key":"War Paint"},{"floor":41,"key":"Orichalcum"},{"floor":42,"key":"Ginger"},{"floor":45,"key":"Bottled Tornado"},{"floor":45,"key":"Letter Opener"},{"floor":46,"key":"downfall:GremlinWheel"},{"floor":48,"key":"Strawberry"},{"floor":48,"key":"Bag of Marbles"},{"floor":52,"key":"White Beast Statue"},{"floor":52,"key":"Ornamental Fan"}],"event_choices":[{"damage_healed":0.0,"max_hp_gain":0.0,"max_hp_loss":0.0,"gold_gain":0.0,"event_name":"Big Fish","player_choice":"Box","floor":3.0,"gold_loss":0.0,"damage_taken":0.0,"relics_obtained":["Toy Ornithopter"],"cards_obtained":["Regret"]},{"damage_healed":0.0,"max_hp_gain":0.0,"max_hp_loss":0.0,"gold_gain":0.0,"event_name":"Accursed Blacksmith","player_choice":"Rummage","floor":4.0,"gold_loss":0.0,"damage_taken":0.0,"relics_obtained":["WarpedTongs"],"cards_obtained":["Pain"]},{"damage_healed":0.0,"max_hp_gain":0.0,"max_hp_loss":0.0,"gold_gain":0.0,"event_name":"Masked Bandits","player_choice":"Fought Bandits","floor":22.0,"gold_loss":0.0,"damage_taken":0.0},{"damage_healed":0,"gold_gain":0,"player_choice":"Fight","damage_taken":0,"max_hp_gain":0,"max_hp_loss":0,"event_name":"Mysterious Sphere","floor":42,"gold_loss":0},{"damage_healed":0,"gold_gain":300,"player_choice":"Gold","damage_taken":0,"max_hp_gain":0,"max_hp_loss":0,"event_name":"Wheel of Change","floor":47,"gold_loss":0}],"is_beta":false,"boss_relics":[{"not_picked":["Runic Dome","Calling Bell"],"picked":"Black Star"},{"not_picked":["Busted Crown","Tiny House"],"picked":"Coffee Dripper"}],"items_purged_floors":[36],"is_endless":false,"potions_floor_spawned":[2,8,9,15,16,21,22,33,37,40,43,49],"killed_by":"downfall:NeowBossFinal","ascension_level":0}}