{"host":"za1qviwhp34x909e","time":1613192763,"event":{"mods":["BaseMod","Colored Map","Colored Powertips","Highlight Path","Koishi","Marisa????????","Minty Spire (QoL Compilation)","Quick Restart","Reimu??????","Remilia??????","StSLib","The Servant 0.9.4","Youmu??????"],"gold_per_floor":[110,129,204,215,10,10,35,35,35,35,60,21,21,33,33,134,134,145,160,9,23,37,62,62,82,106,106,117,128,128,154,154,253,253,272,19,31,43,53,53,78,78,103,114,113,113,126,119,119,119,119,119,19,48,48,48],"floor_reached":55,"language":"ENG","playtime":4100,"items_purged":["Strike_RM","Strike_RM"],"score":856,"play_id":"efa9ad32-2705-472e-b006-c64378171d53","local_time":"20210212230603","is_ascension_mode":false,"campfire_choices":[{"data":"BlasphemousPunishment","floor":6.0,"key":"SMITH"},{"data":"ScarletShoot","floor":10.0,"key":"SMITH"},{"data":"ScarletImprint","floor":15.0,"key":"SMITH"},{"data":"ChainGang","floor":24.0,"key":"SMITH"},{"data":"ScarletDream","floor":27.0,"key":"SMITH"},{"floor":32.0,"key":"REST"},{"data":"FitfulNightmare","floor":40.0,"key":"SMITH"},{"data":"ChaoticDestiny","floor":42.0,"key":"SMITH"},{"floor":49,"key":"RECALL"},{"data":"HeartBreak","floor":52,"key":"SMITH"}],"circlet_count":0,"master_deck":["Strike_RM","Strike_RM","Defend_RM","Defend_RM","Defend_RM","Defend_RM","RedMoon+1","ScarletShoot+1","NightDance","BlasphemousPunishment+1","BombardNight","StarOfDavid","ScarletDevil","ChainGang+1","RedMagic","ScarletImprint+1","HeartBreak+1","NightLord","CharismaGuard","BloodAndWine+1","Stigmanizer","VampireKiss","ScarletDream+1","ChaoticDestiny+1","ScarletDevil+1","UnderTheZenith+1","Doubt","GlobalNightmare","BombardNight","Necronomicurse","ForbiddenFruit","MillenniumVampire","BloodyHallows","RedRainbow","FitfulNightmare+1","EternalNight","NightLord","StarOfDavid+1","ScarletSymphony","LeisurelyOfLord+1","StarOfDavid+1","Poor:ReiMu","MastersStateliness+1","ScarletDevilSign","Flash of Steel","HunterOfTheNight+1","GlobalNightmare+1"],"relics":["ScarletHat","NeowsBlessing","PreservedInsect","Peace Pipe","Pen Nib","Shuriken","Boot","Cursed Key","RedBat","War Paint","Necronomicon","Dream Catcher","Sozu","Oddly Smooth Stone","Kunai","Lizard Tail","Unceasing Top"],"acts_visited":["Exordium","TheCity","TheBeyond","TheEnding"],"potions_floor_usage":[54],"damage_taken":[{"damage":0.0,"enemies":"Small Slimes","floor":1.0,"turns":1.0},{"damage":0.0,"enemies":"2 Louse","floor":2.0,"turns":1.0},{"damage":0.0,"enemies":"Cultist","floor":4.0,"turns":1.0},{"damage":15.0,"enemies":"3 Sentries","floor":7.0,"turns":5.0},{"damage":10.0,"enemies":"Gremlin Nob","floor":11.0,"turns":3.0},{"damage":10.0,"enemies":"Large Slime","floor":14.0,"turns":1.0},{"damage":13.0,"enemies":"Hexaghost","floor":16.0,"turns":8.0},{"damage":10.0,"enemies":"Chosen","floor":18.0,"turns":2.0},{"damage":0.0,"enemies":"3 Byrds","floor":19.0,"turns":2.0},{"damage":11.0,"enemies":"Centurion and Healer","floor":21.0,"turns":6.0},{"damage":11.0,"enemies":"Snake Plant","floor":22.0,"turns":2.0},{"damage":4.0,"enemies":"Book of Stabbing","floor":23.0,"turns":2.0},{"damage":23.0,"enemies":"Shelled Parasite and Fungi","floor":25.0,"turns":2.0},{"damage":12.0,"enemies":"Centurion and Healer","floor":28.0,"turns":5.0},{"damage":0.0,"enemies":"Snake Plant","floor":29.0,"turns":2.0},{"damage":10.0,"enemies":"Gremlin Leader","floor":31.0,"turns":2.0},{"damage":40.0,"enemies":"Automaton","floor":33.0,"turns":7.0},{"damage":0.0,"enemies":"Orb Walker","floor":35.0,"turns":1.0},{"damage":8.0,"enemies":"3 Darklings","floor":37.0,"turns":2.0},{"damage":5.0,"enemies":"Sphere and 2 Shapes","floor":38.0,"turns":2.0},{"damage":3.0,"enemies":"Maw","floor":39.0,"turns":2.0},{"damage":2.0,"enemies":"Reptomancer","floor":41.0,"turns":1.0},{"damage":13.0,"enemies":"Giant Head","floor":44.0,"turns":5.0},{"damage":20,"enemies":"Spire Growth","floor":45,"turns":2},{"damage":16,"enemies":"Sphere and 2 Shapes","floor":47,"turns":2},{"damage":10,"enemies":"Maw","floor":48,"turns":4},{"damage":37,"enemies":"Time Eater","floor":50,"turns":5},{"damage":59,"enemies":"Shield and Spear","floor":54,"turns":3},{"damage":106,"enemies":"The Heart","floor":55,"turns":5}],"seed_played":"7042767046913957959","potions_obtained":[{"floor":1.0,"key":"Swift Potion"},{"floor":2.0,"key":"EssenceOfSteel"},{"floor":14.0,"key":"Fruit Juice"}],"is_trial":false,"path_per_floor":["M","M","?","M","$","R","E","?","T","R","E","$","?","M","R","B",null,"M","M","$","M","M","E","R","M","T","R","M","M","?","E","R","B",null,"M","$","M","M","M","R","E","R","T","E","M","?","M","M","R","B",null,"R","$","E","B"],"character_chosen":"REMILIA","items_purchased":["PreservedInsect","StarOfDavid","RedMagic","BloodAndWine","Stigmanizer","VampireKiss","FitfulNightmare","EternalNight","NightLord"],"campfire_rested":1,"item_purchase_floors":[5,5,12,20,20,20,36,36,36],"current_hp_per_floor":[75,75,64,64,64,64,49,49,49,49,41,41,41,31,31,30,75,65,65,65,65,54,57,57,35,35,35,34,43,27,31,53,32,75,75,75,71,66,75,75,75,75,75,75,58,48,35,36,36,75,75,75,75,25,0,0],"gold":48,"neow_bonus":"THREE_ENEMY_KILL","is_daily":false,"chose_seed":false,"campfire_upgraded":8,"win_rate":0.0,"timestamp":1613192763,"path_taken":["M","M","?","M","$","R","E","?","T","R","E","$","?","M","R","BOSS","M","M","$","M","M","E","R","M","T","R","M","M","?","E","R","BOSS","M","$","M","M","M","R","E","R","T","E","M","?","M","M","R","BOSS","R","$","E","BOSS"],"items_purchased_type":["Relic","Card","Card","Card","Card","Card","Card","Card","Card"],"build_version":"2020-12-22","purchased_purges":2,"victory":false,"max_hp_per_floor":[75,75,75,75,75,75,75,75,75,75,75,75,75,75,75,75,75,75,75,75,75,75,75,75,75,75,75,75,75,75,75,75,75,75,75,75,75,75,75,75,75,75,75,75,75,75,75,75,75,75,75,75,75,80,80,80],"card_choices":[{"not_picked":["BloodyMagicSquare","VampireFantasy"],"picked":"NightDance","floor":1.0},{"not_picked":["VampireClaw","EndlessAdversity"],"picked":"BlasphemousPunishment","floor":2.0},{"not_picked":["GlobalNightmare","BadLadyScramble"],"picked":"BombardNight","floor":4.0},{"not_picked":["VampireClaw","VampireSweep"],"picked":"ScarletDevil","floor":7.0},{"not_picked":["EndlessAdversity","MastersStateliness"],"picked":"ChainGang","floor":11.0},{"not_picked":["CeilingFear","BombardNight"],"picked":"ScarletImprint","floor":14.0},{"not_picked":["HellCatastrophe","BloodRain"],"picked":"HeartBreak","floor":16.0},{"not_picked":["ScarletDevil+1","ScarletImprint"],"picked":"NightLord","floor":18.0},{"not_picked":["FavorOfDestiny","MastersStateliness"],"picked":"CharismaGuard","floor":19.0},{"not_picked":["VampireClaw+1","BloodHunter"],"picked":"ScarletDream","floor":21.0},{"not_picked":["MastersStateliness","HunterOfTheNight"],"picked":"ChaoticDestiny","floor":22.0},{"not_picked":["FavorOfDestiny","SuperhumanBloodyKnife"],"picked":"ScarletDevil+1","floor":23.0},{"not_picked":["SuperhumanBloodyKnife","NightDance"],"picked":"UnderTheZenith+1","floor":25.0},{"not_picked":["BlasphemousPunishment","ChainGang+1"],"picked":"GlobalNightmare","floor":28.0},{"not_picked":["BloodHunter","UnstableMagic"],"picked":"BombardNight","floor":29.0},{"not_picked":["UnstableMagic","BatForm"],"picked":"ForbiddenFruit","floor":31.0},{"not_picked":["UnstableMagic","UnderTheZenith"],"picked":"MillenniumVampire","floor":32.0},{"not_picked":["BloodyCatastrophe","BloodRain"],"picked":"BloodyHallows","floor":33.0},{"not_picked":["VampireSweep+1","MillenniumVampire"],"picked":"RedRainbow","floor":35.0},{"not_picked":["ScarletDevil","UnderTheZenith"],"picked":"StarOfDavid+1","floor":37.0},{"not_picked":["ScarletDevil","RedRainbow"],"picked":"ScarletSymphony","floor":38.0},{"not_picked":["FavorOfDestiny","UltimateOffering"],"picked":"LeisurelyOfLord+1","floor":39.0},{"not_picked":["SuperhumanBloodyKnife+1","Septette+1"],"picked":"StarOfDavid+1","floor":41.0},{"not_picked":["DiffusionOfMisfortune+1","BatForm"],"picked":"MastersStateliness+1","floor":44},{"not_picked":["VampireSweep+1","BloodHunter"],"picked":"ScarletDevilSign","floor":45},{"not_picked":["Impatience","HandOfGreed"],"picked":"Flash of Steel","floor":46},{"not_picked":["UnderTheZenith","DiffusionOfMisfortune+1","NightLord"],"picked":"SKIP","floor":47},{"not_picked":["CharismaGuard","MastersStateliness"],"picked":"HunterOfTheNight+1","floor":48},{"not_picked":["EndlessAdversity","ScarletGensokyo"],"picked":"GlobalNightmare+1","floor":54}],"player_experience":687019,"relics_obtained":[{"floor":7.0,"key":"Peace Pipe"},{"floor":9.0,"key":"Shuriken"},{"floor":11.0,"key":"Boot"},{"floor":23.0,"key":"RedBat"},{"floor":26.0,"key":"War Paint"},{"floor":30.0,"key":"Necronomicon"},{"floor":31.0,"key":"Dream Catcher"},{"floor":39.0,"key":"Oddly Smooth Stone"},{"floor":41.0,"key":"Kunai"},{"floor":44,"key":"Lizard Tail"},{"floor":54,"key":"Unceasing Top"}],"event_choices":[{"damage_healed":0.0,"max_hp_gain":0.0,"max_hp_loss":0.0,"gold_gain":75.0,"event_name":"World of Goop","player_choice":"Gather Gold","floor":3.0,"gold_loss":0.0,"damage_taken":11.0},{"damage_healed":0.0,"max_hp_gain":0.0,"max_hp_loss":0.0,"gold_gain":0.0,"event_name":"Big Fish","player_choice":"Box","floor":8.0,"gold_loss":0.0,"damage_taken":0.0,"relics_obtained":["Pen Nib"],"cards_obtained":["Regret"]},{"cards_removed":["Regret"],"damage_healed":0.0,"max_hp_gain":0.0,"max_hp_loss":0.0,"gold_gain":0.0,"event_name":"Fountain of Cleansing","player_choice":"Removed Curses","floor":13.0,"gold_loss":0.0,"damage_taken":0.0},{"damage_healed":0.0,"max_hp_gain":0.0,"max_hp_loss":0.0,"gold_gain":0.0,"event_name":"Cursed Tome","player_choice":"Obtained Book","floor":30.0,"gold_loss":0.0,"damage_taken":16.0},{"damage_healed":0,"gold_gain":0,"player_choice":"Memory 3","damage_taken":10,"max_hp_gain":0,"max_hp_loss":0,"event_name":"SensoryStone","floor":46,"gold_loss":0}],"is_beta":false,"boss_relics":[{"not_picked":["Astrolabe","RedLine:ReiMu"],"picked":"Cursed Key"},{"not_picked":["Coffee Dripper","SacredBark"],"picked":"Sozu"}],"items_purged_floors":[36,53],"is_endless":false,"potions_floor_spawned":[1,2,14,16,18,22,23,29,33,37,38,41,44,47],"killed_by":"The Heart","ascension_level":0}}