{"host":"p0hktren06injwdf","time":1613189310,"event":{"mods":["AchievementEnabler","BaseMod","Colored Map","DeckTracker","Minty Spire (QoL Compilation)","Permanent Neow","StSLib","SuperFastMode"],"gold_per_floor":[112,130,130,143,156,156,156,156,179,192,192,242,242,273,273,273,273],"floor_reached":16,"language":"KOR","playtime":228,"items_purged":[],"score":200,"play_id":"446d8d08-35cd-4232-982e-a7e82729d243","local_time":"20210213130830","is_ascension_mode":true,"campfire_choices":[{"data":"Zap","floor":6.0,"key":"SMITH"},{"data":"Static Discharge","floor":8.0,"key":"SMITH"},{"data":"Cold Snap","floor":11.0,"key":"SMITH"},{"floor":13.0,"key":"REST"},{"data":"Blizzard","floor":15.0,"key":"SMITH"}],"circlet_count":0,"master_deck":["AscendersBane","Strike_B","Strike_B","Strike_B","Strike_B","Defend_B","Defend_B","Defend_B","Defend_B","Zap+1","Dualcast","Cold Snap+1","Gash","Stack","Static Discharge+1","Glacier","Blizzard+1","Aggregate"],"relics":["Cracked Core","Akabeko","Bag of Marbles","Dream Catcher","Centennial Puzzle"],"acts_visited":["Exordium"],"potions_floor_usage":[],"damage_taken":[{"damage":2.0,"enemies":"Jaw Worm","floor":1.0,"turns":4.0},{"damage":1.0,"enemies":"Small Slimes","floor":2.0,"turns":3.0},{"damage":0.0,"enemies":"Cultist","floor":4.0,"turns":2.0},{"damage":23.0,"enemies":"Gremlin Gang","floor":5.0,"turns":4.0},{"damage":3.0,"enemies":"Blue Slaver","floor":10.0,"turns":3.0},{"damage":18.0,"enemies":"Gremlin Nob","floor":14.0,"turns":4.0},{"damage":42,"enemies":"The Guardian","floor":16,"turns":11}],"seed_played":"-6348536008505729135","potions_obtained":[{"floor":5.0,"key":"PowerPotion"}],"is_trial":false,"path_per_floor":["M","M","?","M","M","R","$","R","T","M","R","T","R","E","R","B"],"character_chosen":"DEFECT","items_purchased":[],"campfire_rested":1,"item_purchase_floors":[],"current_hp_per_floor":[62,61,61,61,38,38,38,38,38,35,35,35,56,38,38,0,0],"gold":273,"neow_bonus":"RANDOM_COMMON_RELIC","is_daily":false,"chose_seed":false,"campfire_upgraded":4,"win_rate":0.0,"timestamp":1613189310,"path_taken":["M","M","?","M","M","R","$","R","T","M","R","?","R","E","R","BOSS"],"items_purchased_type":[],"build_version":"2020-12-22","purchased_purges":0,"victory":false,"max_hp_per_floor":[71,71,71,71,71,71,71,71,71,71,71,71,71,71,71,71,71],"card_choices":[{"not_picked":["Turbo","Gash"],"picked":"Cold Snap","floor":1.0},{"not_picked":["Force Field","Barrage"],"picked":"Gash","floor":2.0},{"not_picked":["Turbo","Leap"],"picked":"Stack","floor":4.0},{"not_picked":["Coolheaded","Creative AI"],"picked":"Static Discharge","floor":5.0},{"not_picked":["Sunder","Hologram"],"picked":"Glacier","floor":10.0},{"not_picked":["Go for the Eyes","BootSequence"],"picked":"Blizzard","floor":13.0},{"not_picked":["Storm","Go for the Eyes"],"picked":"Aggregate","floor":14.0}],"player_experience":1045629,"relics_obtained":[{"floor":9.0,"key":"Bag of Marbles"},{"floor":12.0,"key":"Dream Catcher"},{"floor":14.0,"key":"Centennial Puzzle"}],"event_choices":[{"damage_healed":0.0,"max_hp_gain":0.0,"max_hp_loss":0.0,"gold_gain":0.0,"event_name":"Scrap Ooze","player_choice":"Fled","floor":3.0,"gold_loss":0.0,"damage_taken":0.0}],"is_beta":false,"boss_relics":[],"items_purged_floors":[],"is_endless":false,"potions_floor_spawned":[5],"killed_by":"The Guardian","ascension_level":20}}