{"host":"15ff3ltgpietarej","time":1613184033,"event":{"mods":["BaseMod","Bestiary","Downfall","Highlight Path","Minty Spire (QoL Compilation)","Relic Stats","StSLib"],"gold_per_floor":[0,14,31,50,50,79,79,99,99,114,14,31,31,48,58,58,58,58],"floor_reached":16,"language":"ENG","playtime":1057,"items_purged":[],"score":154,"play_id":"5c9ffd62-3ad1-459a-a679-392cfa64f297","local_time":"20210213034033","is_ascension_mode":true,"campfire_choices":[{"data":"Guardian:TwinSlam","floor":1.0,"key":"SMITH"},{"data":"Guardian:FastForward","floor":9,"key":"SMITH"},{"data":"Guardian:Orbwalk","floor":11,"key":"SMITH"},{"floor":13,"key":"REST"}],"circlet_count":0,"master_deck":["Guardian:Strike_Guardian","Guardian:Strike_Guardian","Guardian:Strike_Guardian","Guardian:Strike_Guardian","Guardian:Defend_Guardian","Guardian:Defend_Guardian","Guardian:Defend_Guardian","Guardian:Defend_Guardian","Guardian:CurlUp","Guardian:TwinSlam+1","Guardian:FastForward+1","Guardian:Orbwalk+1","Guardian:ShieldCharger","Guardian:Recover","Guardian:Suspension","Guardian:Reroute","Guardian:PrismaticBarrier","Guardian:Incinerate","Guardian:Gem_Red"],"relics":["Guardian:ModeShifter","Matryoshka","Strawberry","downfall:HeartBlessingGreen"],"acts_visited":["Exordium"],"potions_floor_usage":[6,6,15],"damage_taken":[{"damage":12.0,"enemies":"Small Slimes","floor":2.0,"turns":4.0},{"damage":6.0,"enemies":"Cultist","floor":3.0,"turns":3.0},{"damage":0.0,"enemies":"2 Louse","floor":4.0,"turns":2.0},{"damage":13,"enemies":"Lagavulin","floor":6,"turns":10},{"damage":16,"enemies":"Large Slime","floor":8,"turns":9},{"damage":12,"enemies":"Red Slaver","floor":10,"turns":4},{"damage":25,"enemies":"Exordium Thugs","floor":12,"turns":7},{"damage":6,"enemies":"Exordium Wildlife","floor":14,"turns":3},{"damage":10,"enemies":"Large Slime","floor":15,"turns":9},{"damage":32,"enemies":"DF_ARCHETYPE_STREAMLINE","floor":16,"turns":8}],"seed_played":"9171010937894979898","potions_obtained":[{"floor":2.0,"key":"FearPotion"},{"floor":4.0,"key":"BlessingOfTheForge"},{"floor":12,"key":"Block Potion"},{"floor":14,"key":"BlessingOfTheForge"}],"is_trial":false,"path_per_floor":["R","M","M","M","?","E","T","M","R","M","R","M","R","M","M","B"],"character_chosen":"GUARDIAN","items_purchased":[],"campfire_rested":1,"item_purchase_floors":[],"current_hp_per_floor":[72,60,54,54,80,67,74,58,58,46,46,21,47,41,31,0,0,0],"gold":58,"neow_bonus":"THREE_RARE_CARDS","is_daily":false,"chose_seed":false,"campfire_upgraded":3,"win_rate":0.0,"timestamp":1613184033,"path_taken":["R","M","M","M","?","E","T","M","R","M","R","M","R","M","M","BOSS"],"items_purchased_type":[],"build_version":"2020-12-22","purchased_purges":0,"victory":false,"max_hp_per_floor":[80,80,80,80,80,80,87,87,87,87,87,87,87,87,87,87,87,87],"relic_stats":{"counters":[10,59],"obtain_stats":[{"Matryoshka":6,"Strawberry":7,"Guardian:ModeShifter":0,"downfall:HeartBlessingGreen":11},{"Matryoshka":4,"Strawberry":4,"Guardian:ModeShifter":0,"downfall:HeartBlessingGreen":6},{"Matryoshka":19,"Strawberry":19,"Guardian:ModeShifter":0,"downfall:HeartBlessingGreen":32}]},"card_choices":[{"not_picked":["Guardian:CompilePackage","Guardian:StasisField"],"picked":"Guardian:FastForward","floor":0.0},{"not_picked":["Guardian:PolyBeam","Guardian:DecasProtection"],"picked":"Guardian:Orbwalk","floor":2.0},{"not_picked":["Guardian:PrimingBeam","Guardian:TemporalStrike"],"picked":"Guardian:ShieldCharger","floor":3.0},{"not_picked":["Guardian:WalkerClaw","Guardian:BronzeArmor"],"picked":"Guardian:Recover","floor":4.0},{"not_picked":["Guardian:FuturePlans","Guardian:TemporalStrike"],"picked":"Guardian:Suspension","floor":6},{"not_picked":["Guardian:RefractedBeam","Guardian:PrimingBeam"],"picked":"Guardian:Reroute","floor":8},{"not_picked":["Guardian:RefractedBeam","Guardian:PrimingBeam"],"picked":"Guardian:PrismaticBarrier","floor":10},{"not_picked":["Guardian:ChargeCore","Guardian:RollAttack"],"picked":"Guardian:Incinerate","floor":12},{"not_picked":["Guardian:ShieldSpikes","Guardian:PolyBeam"],"picked":"Guardian:Gem_Red","floor":14},{"not_picked":["Guardian:Recover","Guardian:WalkerClaw","Guardian:Gem_Green"],"picked":"SKIP","floor":15}],"player_experience":460596,"relics_obtained":[{"floor":6,"key":"Matryoshka"},{"floor":7,"key":"Strawberry"}],"event_choices":[{"damage_healed":26.0,"max_hp_gain":0.0,"max_hp_loss":0.0,"gold_gain":0.0,"event_name":"Wheel of Change","player_choice":"Full Heal","floor":5.0,"gold_loss":0.0,"damage_taken":0.0}],"is_beta":false,"boss_relics":[],"items_purged_floors":[],"is_endless":false,"potions_floor_spawned":[2,4,12,14],"killed_by":"DF_ARCHETYPE_STREAMLINE","ascension_level":9}}