{"host":"362zhnvmfmhc3u7b","time":1613191677,"event":{"mods":["BaseMod","Colored Powertips","Minty Spire (QoL Compilation)","Quick Restart","Rare Cards Sparkle","StSLib"],"gold_per_floor":[18,31,31,49,62,96,111,111,111],"floor_reached":8,"language":"ENG","playtime":374,"items_purged":[],"score":102,"play_id":"8da88f01-cdf2-4fce-bbab-f85e3f1df454","local_time":"20210212234757","is_ascension_mode":true,"campfire_choices":[],"circlet_count":0,"master_deck":["AscendersBane","Strike_P","Strike_P","Strike_P","Strike_P","Defend_P","Defend_P","Defend_P","Defend_P","Eruption","Vigilance","ConjureBlade","EmptyBody","FollowUp","Wallop","Wireheading","BowlingBash","Crescendo"],"relics":["PureWater","Lizard Tail"],"acts_visited":["Exordium"],"potions_floor_usage":[6,7],"damage_taken":[{"damage":4,"enemies":"Small Slimes","floor":1,"turns":5},{"damage":2,"enemies":"Jaw Worm","floor":2,"turns":3},{"damage":0,"enemies":"Cultist","floor":4,"turns":3},{"damage":7,"enemies":"2 Fungi Beasts","floor":5,"turns":3},{"damage":8,"enemies":"Gremlin Nob","floor":6,"turns":3},{"damage":39,"enemies":"Exordium Thugs","floor":7,"turns":8},{"damage":80,"enemies":"Lagavulin","floor":8,"turns":3}],"seed_played":"-5166830870370148774","potions_obtained":[{"floor":2,"key":"Block Potion"},{"floor":4,"key":"GamblersBrew"}],"is_trial":false,"path_per_floor":["M","M","$","M","M","E","M","E"],"character_chosen":"WATCHER","items_purchased":[],"campfire_rested":0,"item_purchase_floors":[],"current_hp_per_floor":[57,55,55,55,48,40,1,0,0],"gold":111,"neow_bonus":"THREE_RARE_CARDS","is_daily":false,"chose_seed":false,"campfire_upgraded":0,"win_rate":0.0,"timestamp":1613191677,"path_taken":["M","M","$","M","M","E","M","E"],"items_purchased_type":[],"build_version":"2020-12-22","purchased_purges":0,"victory":false,"max_hp_per_floor":[68,68,68,68,68,68,68,68,68],"card_choices":[{"not_picked":["Establishment","DevaForm"],"picked":"ConjureBlade","floor":0},{"not_picked":["FlyingSleeves","SignatureMove"],"picked":"EmptyBody","floor":1},{"not_picked":["FlurryOfBlows","ClearTheMind"],"picked":"FollowUp","floor":2},{"not_picked":["FlurryOfBlows","Prostrate"],"picked":"Wallop","floor":4},{"not_picked":["FlurryOfBlows","Prostrate"],"picked":"Wireheading","floor":5},{"not_picked":["Adaptation","Evaluate"],"picked":"BowlingBash","floor":6},{"not_picked":["FlyingSleeves","WreathOfFlame"],"picked":"Crescendo","floor":7}],"player_experience":1605418,"relics_obtained":[{"floor":6,"key":"Lizard Tail"}],"event_choices":[],"is_beta":false,"boss_relics":[],"items_purged_floors":[],"is_endless":false,"potions_floor_spawned":[2,4,5],"killed_by":"Lagavulin","ascension_level":14}}