{"host":"qbjtml023iza03hb","time":1613259098,"event":{"mods":["AchievementEnabler","BaseMod","Better Sensory Stone","Better Skull","Minty Spire (QoL Compilation)","StSLib"],"gold_per_floor":[360,360,141,141,141,141,141,164,164,178,201,201,215,215,215,336,336,360,19,19,38,57,92,92,133,133,133,167,19,19,32,32,158,158,178,1177,1177,1196,1196,1196,1232,1232,1307,1346,658,679,84,104,104,104],"floor_reached":51,"language":"FRA","playtime":3389,"items_purged":["Strike_B","Strike_B","Defend_B","Normality","Defend_B"],"score":856,"play_id":"34842943-9007-4eaf-be17-9f5d551d8d9f","local_time":"20210214003138","is_ascension_mode":true,"campfire_choices":[{"data":"Zap","floor":6.0,"key":"SMITH"},{"data":"Barrage","floor":12.0,"key":"SMITH"},{"floor":15.0,"key":"REST"},{"floor":24.0,"key":"REST"},{"floor":27.0,"key":"REST"},{"floor":30.0,"key":"REST"},{"floor":32.0,"key":"REST"},{"data":"Biased Cognition","floor":40,"key":"SMITH"},{"data":"Creative AI","floor":42,"key":"SMITH"},{"floor":49,"key":"REST"}],"circlet_count":0,"master_deck":["Strike_B","Defend_B+1","Zap+1","Dualcast+1","Ball Lightning","Core Surge","Tempest","Rebound","Barrage+1","Thunder Strike","Biased Cognition+1","Coolheaded","Coolheaded","Double Energy+1","Capacitor","Self Repair","Hologram+1","Conserve Battery","Electrodynamics","White Noise+1","Madness","Madness","Creative AI+1","BootSequence+1","Loop","Master of Strategy","All For One","Buffer","Barrage+1"],"relics":["Cracked Core","Golden Idol","Omamori","Emotion Chip","Bottled Flame","Black Star","Ancient Tea Set","WarpedTongs","Akabeko","Cables","Kunai","Shuriken","Incense Burner","DataDisk","Orichalcum","Busted Crown","Mummified Hand","Gambling Chip","Pear","Dream Catcher","Toolbox","Bronze Scales"],"acts_visited":["Exordium","TheCity","TheBeyond"],"potions_floor_usage":[41,46,50],"damage_taken":[{"damage":0.0,"enemies":"Small Slimes","floor":1.0,"turns":2.0},{"damage":0.0,"enemies":"Jaw Worm","floor":8.0,"turns":2.0},{"damage":0.0,"enemies":"2 Louse","floor":10.0,"turns":1.0},{"damage":0.0,"enemies":"2 Fungi Beasts","floor":11.0,"turns":3.0},{"damage":3.0,"enemies":"Blue Slaver","floor":13.0,"turns":2.0},{"damage":12.0,"enemies":"Slime Boss","floor":16.0,"turns":6.0},{"damage":6.0,"enemies":"Spheric Guardian","floor":18.0,"turns":3.0},{"damage":16.0,"enemies":"3 Byrds","floor":21.0,"turns":3.0},{"damage":10.0,"enemies":"3 Cultists","floor":22.0,"turns":4.0},{"damage":18.0,"enemies":"Book of Stabbing","floor":23.0,"turns":4.0},{"damage":8.0,"enemies":"Gremlin Leader","floor":25.0,"turns":4.0},{"damage":41.0,"enemies":"Slavers","floor":28.0,"turns":3.0},{"damage":5.0,"enemies":"Shelled Parasite and Fungi","floor":31.0,"turns":2.0},{"damage":18.0,"enemies":"Automaton","floor":33.0,"turns":8.0},{"damage":0.0,"enemies":"3 Darklings","floor":35.0,"turns":2.0},{"damage":6.0,"enemies":"Orb Walker","floor":38.0,"turns":3.0},{"damage":28,"enemies":"Reptomancer","floor":41,"turns":4},{"damage":20,"enemies":"Giant Head","floor":44,"turns":6},{"damage":0,"enemies":"Maw","floor":46,"turns":4},{"damage":20,"enemies":"Jaw Worm Horde","floor":48,"turns":3},{"damage":23,"enemies":"Time Eater","floor":50,"turns":6}],"seed_played":"2755518279377821618","potions_obtained":[{"floor":11.0,"key":"FearPotion"},{"floor":21.0,"key":"EssenceOfSteel"},{"floor":23.0,"key":"DistilledChaos"},{"floor":28.0,"key":"Strength Potion"},{"floor":31.0,"key":"BlessingOfTheForge"},{"floor":35.0,"key":"Weak Potion"},{"floor":41,"key":"FearPotion"}],"is_trial":false,"path_per_floor":["M","?","$","?","?","R","?","M","T","M","M","R","M","?","R","B",null,"M","$","?","M","M","E","R","E","T","R","E","$","R","M","R","B",null,"M","?","?","M","?","R","E","R","T","E","$","M","$","M","R","B",null],"character_chosen":"DEFECT","items_purchased":["Omamori","Ancient Tea Set","AttackPotion","Coolheaded","Conserve Battery","Loop","Toolbox","Master of Strategy","Regen Potion","Regen Potion","All For One","Buffer","Bronze Scales","SkillPotion"],"campfire_rested":6,"item_purchase_floors":[3,19,19,19,29,45,45,45,45,45,47,47,47,47],"current_hp_per_floor":[68,51,51,44,44,44,30,30,30,30,30,30,27,20,40,28,68,62,62,62,46,36,18,38,30,30,50,16,16,36,38,58,47,68,68,68,59,63,63,63,42,42,42,42,42,64,64,51,74,61],"gold":104,"neow_bonus":"TWO_FIFTY_GOLD","is_daily":false,"chose_seed":false,"campfire_upgraded":4,"win_rate":0.0,"timestamp":1613259098,"path_taken":["M","?","$","?","?","R","?","M","T","M","M","R","M","?","R","BOSS","M","$","?","M","M","E","R","E","T","R","E","?","R","M","R","BOSS","M","?","?","M","?","R","E","R","T","E","$","?","?","M","R","BOSS"],"items_purchased_type":["Relic","Relic","Potion","Card","Card","Card","Relic","Card","Potion","Potion","Card","Card","Relic","Potion"],"build_version":"2020-12-22","purchased_purges":5,"victory":true,"max_hp_per_floor":[68,68,68,68,68,68,68,68,68,68,68,68,68,68,68,68,68,68,68,68,68,68,68,68,68,68,68,68,68,68,68,68,68,68,68,68,68,68,68,68,68,68,68,78,78,78,78,78,78,78],"card_choices":[{"not_picked":["Turbo","Barrage"],"picked":"Ball Lightning","floor":1.0},{"not_picked":["Stack","Conserve Battery"],"picked":"Tempest","floor":8.0},{"not_picked":["Steam","Streamline"],"picked":"Rebound","floor":10.0},{"not_picked":["Streamline","Turbo"],"picked":"Barrage","floor":11.0},{"not_picked":["Heatsinks","Coolheaded"],"picked":"Thunder Strike","floor":13.0},{"not_picked":["Meteor Strike","Hyperbeam"],"picked":"Biased Cognition","floor":16.0},{"not_picked":["Storm","Consume+1"],"picked":"Coolheaded","floor":18.0},{"not_picked":["Go for the Eyes","Coolheaded"],"picked":"Double Energy+1","floor":21.0},{"not_picked":["Rip and Tear","Consume","Reprogram+1"],"picked":"SKIP","floor":22.0},{"not_picked":["Amplify","Hologram"],"picked":"Capacitor","floor":23.0},{"not_picked":["Rebound+1","Hyperbeam"],"picked":"Self Repair","floor":25.0},{"not_picked":["Blizzard","Compile Driver+1"],"picked":"Hologram+1","floor":28.0},{"not_picked":["Undo","Leap","Coolheaded"],"picked":"SKIP","floor":31.0},{"not_picked":["Rainbow","Seek"],"picked":"Electrodynamics","floor":33.0},{"not_picked":[],"picked":"White Noise+1","floor":35.0},{"not_picked":["Sweeping Beam"],"picked":"SKIP","floor":38.0},{"not_picked":[],"picked":"BootSequence+1","floor":41},{"not_picked":["Stack+1"],"picked":"SKIP","floor":44},{"not_picked":["Gash"],"picked":"SKIP","floor":46},{"not_picked":["Coolheaded"],"picked":"SKIP","floor":48},{"not_picked":[],"picked":"Barrage+1","floor":49}],"player_experience":296949,"relics_obtained":[{"floor":9.0,"key":"Bottled Flame"},{"floor":23.0,"key":"Akabeko"},{"floor":23.0,"key":"Cables"},{"floor":25.0,"key":"Kunai"},{"floor":25.0,"key":"Shuriken"},{"floor":26.0,"key":"Incense Burner"},{"floor":28.0,"key":"DataDisk"},{"floor":28.0,"key":"Orichalcum"},{"floor":41,"key":"Mummified Hand"},{"floor":41,"key":"Gambling Chip"},{"floor":44,"key":"Pear"},{"floor":44,"key":"Dream Catcher"}],"event_choices":[{"damage_healed":0.0,"max_hp_gain":0.0,"max_hp_loss":0.0,"gold_gain":0.0,"event_name":"Golden Idol","player_choice":"Take Damage","floor":2.0,"gold_loss":0.0,"damage_taken":17.0,"relics_obtained":["Golden Idol"]},{"damage_healed":0.0,"max_hp_gain":0.0,"max_hp_loss":0.0,"gold_gain":0.0,"event_name":"Scrap Ooze","player_choice":"Success","floor":4.0,"gold_loss":0.0,"damage_taken":7.0,"relics_obtained":["Emotion Chip"]},{"damage_healed":0.0,"max_hp_gain":0.0,"max_hp_loss":0.0,"gold_gain":0.0,"cards_transformed":["Strike_B"],"event_name":"Living Wall","player_choice":"Change","floor":5.0,"gold_loss":0.0,"damage_taken":0.0,"cards_obtained":["Core Surge"]},{"damage_healed":0.0,"max_hp_gain":0.0,"max_hp_loss":0.0,"gold_gain":0.0,"event_name":"Shining Light","player_choice":"Entered Light","floor":7.0,"gold_loss":0.0,"damage_taken":14.0,"cards_upgraded":["Dualcast","Defend_B"]},{"cards_removed":["Defend_B"],"damage_healed":0.0,"max_hp_gain":0.0,"max_hp_loss":0.0,"gold_gain":0.0,"event_name":"Golden Wing","player_choice":"Card Removal","floor":14.0,"gold_loss":0.0,"damage_taken":7.0},{"damage_healed":0.0,"max_hp_gain":0.0,"max_hp_loss":0.0,"gold_gain":0.0,"event_name":"Accursed Blacksmith","player_choice":"Rummage","floor":20.0,"gold_loss":0.0,"damage_taken":0.0,"relics_obtained":["WarpedTongs"],"cards_obtained":["Pain"]},{"damage_healed":0.0,"max_hp_gain":0.0,"max_hp_loss":0.0,"gold_gain":999.0,"event_name":"MindBloom","player_choice":"Gold","floor":36.0,"gold_loss":0.0,"damage_taken":0.0,"cards_obtained":["Normality","Normality"]},{"damage_healed":0.0,"max_hp_gain":0.0,"max_hp_loss":0.0,"gold_gain":0.0,"event_name":"Winding Halls","player_choice":"Embrace Madness","floor":37.0,"gold_loss":0.0,"damage_taken":9.0,"cards_obtained":["Madness","Madness"]},{"damage_healed":0,"gold_gain":0,"player_choice":"1 cards matched","damage_taken":0,"max_hp_gain":0,"max_hp_loss":0,"event_name":"Match and Keep!","floor":39,"gold_loss":0,"cards_obtained":["Creative AI"]}],"is_beta":false,"boss_relics":[{"not_picked":["SacredBark","Coffee Dripper"],"picked":"Black Star"},{"not_picked":["Fusion Hammer","Runic Pyramid"],"picked":"Busted Crown"}],"items_purged_floors":[3,19,29,45,47],"is_endless":false,"potions_floor_spawned":[11,21,23,28,31,35,41,48],"ascension_level":3}}