{"host":"zmnaju399zpax9sm","time":1613227866,"event":{"mods":["BaseMod","Hermit","Minty Spire (QoL Compilation)","StSLib","The Cursed","The Poker Player","The Runesmith"],"gold_per_floor":[114,130,205,205,221,254,254,289,289,254,270,270,297,314,314,413,413,429,183,201,214,214,214,243,243,312,14,45,45,76,92,92,192,192,207,207,207,217,233,260,260,560,560,594,306,306,149,1,1,1],"floor_reached":51,"language":"KOR","playtime":2799,"items_purged":[],"score":844,"play_id":"29b64c9d-7383-41b9-9a06-b4886be55904","local_time":"20210213235105","is_ascension_mode":true,"campfire_choices":[{"data":"TheCursedMod:OutForBlood","floor":7.0,"key":"SMITH"},{"data":"TheCursedMod:DarkBarrier","floor":12.0,"key":"SMITH"},{"floor":15.0,"key":"REST"},{"data":"TheCursedMod:VoidForm","floor":23.0,"key":"SMITH"},{"floor":25.0,"key":"REST"},{"floor":32.0,"key":"REST"},{"floor":41.0,"key":"REST"},{"floor":49,"key":"REST"}],"circlet_count":0,"master_deck":["TheCursedMod:Strike_TheCursed","TheCursedMod:Strike_TheCursed","TheCursedMod:Strike_TheCursed","TheCursedMod:Strike_TheCursed","TheCursedMod:Defend_TheCursed","TheCursedMod:Defend_TheCursed","TheCursedMod:Defend_TheCursed","TheCursedMod:CursedWand","TheCursedMod:CleanUpWorkshop","TheCursedMod:Dregs","TheCursedMod:DarkBarrier+1","TheCursedMod:WearCloak","TheCursedMod:AbyssShockwave","TheCursedMod:OutForBlood+1","TheCursedMod:VoidForm+1","TheCursedMod:Wield+1","TheCursedMod:CircleOfFlame+1","TheCursedMod:StunningStrike","TheCursedMod:RapidMovement+1","TheCursedMod:DemonSword","CurseOfTheBell","TheCursedMod:DarkBarrier+1","TheCursedMod:CursedAmulet+1","TheCursedMod:LuckyCharm+1","TheCursedMod:SpitefulPlan"],"relics":["TheCursedMod:BlackMagic101","Mango","Gremlin Horn","Sundial","Bronze Scales","TheCursedMod:FourLeafCloverCharm","Bottled Tornado","Enchiridion","TheCursedMod:SoulVessel","Question Card","Medical Kit","Happy Flower","Red Mask","Art of War","Calling Bell","Regal Pillow","Runesmith:Nanobots","Torii","Blue Candle","Old Coin","Kunai","Vajra","Mercury Hourglass","ClockworkSouvenir","Frozen Eye"],"acts_visited":["Exordium","TheCity","TheBeyond"],"potions_floor_usage":[50],"damage_taken":[{"damage":0.0,"enemies":"Cultist","floor":1.0,"turns":5.0},{"damage":0.0,"enemies":"Jaw Worm","floor":2.0,"turns":4.0},{"damage":6.0,"enemies":"2 Louse","floor":5.0,"turns":2.0},{"damage":17.0,"enemies":"3 Sentries","floor":6.0,"turns":8.0},{"damage":31.0,"enemies":"Gremlin Nob","floor":8.0,"turns":5.0},{"damage":5.0,"enemies":"Looter","floor":11.0,"turns":3.0},{"damage":18.0,"enemies":"3 Sentries","floor":13.0,"turns":8.0},{"damage":9.0,"enemies":"Blue Slaver","floor":14.0,"turns":4.0},{"damage":39.0,"enemies":"The Guardian","floor":16.0,"turns":11.0},{"damage":8.0,"enemies":"Chosen","floor":18.0,"turns":6.0},{"damage":15.0,"enemies":"2 Thieves","floor":20.0,"turns":3.0},{"damage":20.0,"enemies":"Snecko","floor":21.0,"turns":5.0},{"damage":9.0,"enemies":"Gremlin Leader","floor":24.0,"turns":6.0},{"damage":11.0,"enemies":"Masked Bandits","floor":28.0,"turns":4.0},{"damage":26.0,"enemies":"Slavers","floor":30.0,"turns":4.0},{"damage":25.0,"enemies":"Snake Plant","floor":31.0,"turns":4.0},{"damage":43.0,"enemies":"Automaton","floor":33.0,"turns":9.0},{"damage":19.0,"enemies":"3 Darklings","floor":35.0,"turns":3.0},{"damage":2.0,"enemies":"3 Shapes","floor":38.0,"turns":11.0},{"damage":16.0,"enemies":"3 Darklings","floor":39.0,"turns":4.0},{"damage":46.0,"enemies":"Nemesis","floor":40.0,"turns":11.0},{"damage":56.0,"enemies":"Giant Head","floor":44.0,"turns":8.0},{"damage":48,"enemies":"Awakened One","floor":50,"turns":13}],"seed_played":"-691462364887904777","potions_obtained":[{"floor":1.0,"key":"SteroidPotion"},{"floor":6.0,"key":"LiquidBronze"},{"floor":16.0,"key":"Fire Potion"},{"floor":20.0,"key":"Ancient Potion"},{"floor":28.0,"key":"SteroidPotion"},{"floor":30.0,"key":"FairyPotion"},{"floor":35.0,"key":"SteroidPotion"}],"is_trial":false,"path_per_floor":["M","M","?","T","M","E","R","E","T","?","M","R","E","M","R","B",null,"M","$","M","M","?","R","E","R","T","$","?","$","E","M","R","B",null,"M","?","$","M","M","E","R","T","T","E","$","?","$","$","R","B",null],"character_chosen":"THE_CURSED","items_purchased":["Bottled Tornado","Medical Kit","Happy Flower","TheCursedMod:SpitefulPlan","Mercury Hourglass","ClockworkSouvenir","Frozen Eye"],"campfire_rested":5,"item_purchase_floors":[19,27,27,45,45,47,48],"current_hp_per_floor":[75,75,75,75,69,66,66,35,35,57,52,52,34,25,51,12,89,81,81,66,46,30,30,21,47,47,47,38,38,14,20,46,4,89,73,73,73,75,60,18,59,59,59,8,8,8,8,8,49,11],"gold":1,"neow_bonus":"ONE_RANDOM_RARE_CARD","is_daily":false,"chose_seed":false,"campfire_upgraded":3,"win_rate":0.0,"timestamp":1613227865,"path_taken":["M","M","?","?","?","E","R","E","T","?","M","R","E","M","R","BOSS","M","$","M","M","?","R","E","R","T","$","?","?","E","M","R","BOSS","M","?","$","?","?","E","R","?","T","E","?","?","?","$","R","BOSS"],"items_purchased_type":["Relic","Relic","Relic","Card","Relic","Relic","Relic"],"build_version":"2020-12-22","purchased_purges":0,"victory":true,"max_hp_per_floor":[75,75,75,75,75,89,89,89,89,89,89,89,89,89,89,89,89,89,89,89,89,89,89,89,89,89,89,89,89,89,89,89,89,89,89,89,89,89,89,89,89,89,89,89,89,89,89,89,89,89],"card_choices":[{"not_picked":["TheCursedMod:CursedArmor","TheCursedMod:CircleOfFlame"],"picked":"TheCursedMod:WearCloak","floor":1.0},{"not_picked":["TheCursedMod:AshesToAshes","TheCursedMod:CircleOfCorruption"],"picked":"TheCursedMod:AbyssShockwave","floor":2.0},{"not_picked":["TheCursedMod:DoubleShield","TheCursedMod:Stigma","TheCursedMod:Obscuration"],"picked":"SKIP","floor":5.0},{"not_picked":["TheCursedMod:CursedShiv","TheCursedMod:ManaCirculation"],"picked":"TheCursedMod:OutForBlood","floor":6.0},{"not_picked":["TheCursedMod:RapidMovement","TheCursedMod:CursedAmulet","TheCursedMod:HellsGateOpen"],"picked":"SKIP","floor":8.0},{"not_picked":["TheCursedMod:Wield","TheCursedMod:Torture","TheCursedMod:RapidMovement"],"picked":"SKIP","floor":11.0},{"not_picked":["TheCursedMod:HellsGateOpen","TheCursedMod:CircleOfBlood","TheCursedMod:Wield"],"picked":"SKIP","floor":13.0},{"not_picked":["TheCursedMod:WearCloak","TheCursedMod:VitalStrike","TheCursedMod:SmokeScreen"],"picked":"SKIP","floor":14.0},{"not_picked":["TheCursedMod:NeowsMight","TheCursedMod:ParallelWorld"],"picked":"TheCursedMod:VoidForm","floor":16.0},{"not_picked":["TheCursedMod:RavingStaff","TheCursedMod:SpreadPlague+1"],"picked":"TheCursedMod:Wield+1","floor":18.0},{"not_picked":["TheCursedMod:Obscuration","TheCursedMod:CircleOfAmplification"],"picked":"TheCursedMod:CircleOfFlame+1","floor":20.0},{"not_picked":["TheCursedMod:WearCloak","TheCursedMod:RavingStaff+1","TheCursedMod:CursedMace"],"picked":"SKIP","floor":21.0},{"not_picked":["TheCursedMod:RapidMovement","TheCursedMod:CursedMace"],"picked":"TheCursedMod:StunningStrike","floor":24.0},{"not_picked":["TheCursedMod:CircleOfFlame","TheCursedMod:SpitefulStrike","TheCursedMod:Stigma"],"picked":"TheCursedMod:RapidMovement+1","floor":28.0},{"not_picked":["TheCursedMod:Torture","TheCursedMod:Wield","TheCursedMod:TacticalStrike","TheCursedMod:CursedMace+1"],"picked":"SKIP","floor":30.0},{"not_picked":["TheCursedMod:CircleOfWindfury+1","TheCursedMod:BlessingInDisguise","TheCursedMod:CursedShiv","TheCursedMod:CursedAmulet"],"picked":"SKIP","floor":31.0},{"not_picked":["TheCursedMod:VoidForm","TheCursedMod:NeowsMight","TheCursedMod:UltimatePain"],"picked":"TheCursedMod:DemonSword","floor":33.0},{"not_picked":["TheCursedMod:TroublousMinions","TheCursedMod:CursedBlade+1","TheCursedMod:CircleOfFlame+1","TheCursedMod:WearCloak+1"],"picked":"SKIP","floor":35.0},{"not_picked":["TheCursedMod:ShockAndAwe","TheCursedMod:CursedShiv+1","TheCursedMod:BlessingInDisguise"],"picked":"TheCursedMod:CursedAmulet+1","floor":38.0},{"not_picked":["TheCursedMod:ReleasedKnowledge+1","TheCursedMod:Grudge","TheCursedMod:Stigma+1","TheCursedMod:FleshFromBone"],"picked":"SKIP","floor":39.0},{"not_picked":["TheCursedMod:Obscuration","TheCursedMod:SaltUponWound","TheCursedMod:ReleasedStrength+1","TheCursedMod:PrepareRite+1"],"picked":"SKIP","floor":40.0},{"not_picked":["TheCursedMod:SmokeScreen+1","TheCursedMod:CursedStaff+1","TheCursedMod:RavingStaff"],"picked":"TheCursedMod:LuckyCharm+1","floor":44.0}],"player_experience":506866,"relics_obtained":[{"floor":6.0,"key":"Mango"},{"floor":8.0,"key":"Gremlin Horn"},{"floor":9.0,"key":"Sundial"},{"floor":13.0,"key":"Bronze Scales"},{"floor":22.0,"key":"Enchiridion"},{"floor":24.0,"key":"TheCursedMod:SoulVessel"},{"floor":26.0,"key":"Question Card"},{"floor":28.0,"key":"Red Mask"},{"floor":30.0,"key":"Art of War"},{"floor":34.0,"key":"Regal Pillow"},{"floor":34.0,"key":"Runesmith:Nanobots"},{"floor":34.0,"key":"Torii"},{"floor":40.0,"key":"Blue Candle"},{"floor":42.0,"key":"Old Coin"},{"floor":43.0,"key":"Kunai"},{"floor":44.0,"key":"Vajra"}],"event_choices":[{"damage_healed":0.0,"max_hp_gain":0.0,"max_hp_loss":0.0,"gold_gain":75.0,"event_name":"Golden Wing","player_choice":"Gained Gold","floor":3.0,"gold_loss":0.0,"damage_taken":0.0},{"damage_healed":22.0,"max_hp_gain":0.0,"max_hp_loss":0.0,"gold_gain":0.0,"event_name":"The Cleric","player_choice":"Healed","floor":10.0,"gold_loss":35.0,"damage_taken":0.0},{"damage_healed":0.0,"max_hp_gain":0.0,"max_hp_loss":0.0,"gold_gain":0.0,"event_name":"Cursed Tome","player_choice":"Obtained Book","floor":22.0,"gold_loss":0.0,"damage_taken":16.0},{"damage_healed":0.0,"max_hp_gain":0.0,"max_hp_loss":0.0,"gold_gain":0.0,"event_name":"Masked Bandits","player_choice":"Fought Bandits","floor":28.0,"gold_loss":0.0,"damage_taken":0.0},{"damage_healed":0.0,"max_hp_gain":0.0,"max_hp_loss":0.0,"gold_gain":0.0,"event_name":"Duplicator","player_choice":"Copied","floor":36.0,"gold_loss":0.0,"damage_taken":0.0,"cards_obtained":["TheCursedMod:DarkBarrier"]},{"cards_removed":["TheCursedMod:Defend_TheCursed"],"damage_healed":0.0,"max_hp_gain":0.0,"max_hp_loss":0.0,"gold_gain":0.0,"event_name":"Falling","player_choice":"Removed Skill","floor":46.0,"gold_loss":0.0,"damage_taken":0.0}],"is_beta":false,"boss_relics":[{"not_picked":["Black Star","Sozu"],"picked":"TheCursedMod:FourLeafCloverCharm"},{"not_picked":["Velvet Choker","SlaversCollar"],"picked":"Calling Bell"}],"items_purged_floors":[],"is_endless":false,"potions_floor_spawned":[1,6,16,20,28,30,35],"ascension_level":1}}