{"host":"p0hktren06injwdf","time":1613181930,"event":{"mods":["AchievementEnabler","BaseMod","Colored Map","DeckTracker","Minty Spire (QoL Compilation)","Permanent Neow","StSLib","SuperFastMode"],"gold_per_floor":[110,123,123,143,158,191,156,156,156,71,106,118,173,210,222,325,337,369,381,393,405,433,445,457,457],"floor_reached":24,"language":"KOR","playtime":334,"items_purged":[],"score":428,"play_id":"38340fc8-a34d-4764-ac07-4d985f6f9e39","local_time":"20210213110530","is_ascension_mode":true,"campfire_choices":[{"data":"Bludgeon","floor":12.0,"key":"SMITH"},{"data":"Demon Form","floor":15,"key":"SMITH"},{"data":"Demon Form","floor":23,"key":"SMITH"}],"circlet_count":0,"master_deck":["AscendersBane","Strike_R","Strike_R","Strike_R","Strike_R","Defend_R","Defend_R","Defend_R","Defend_R","Bash","Double Tap","Cleave","Pommel Strike","Feel No Pain","Anger","Demon Form+1","Bludgeon+1","Fire Breathing","Battle Trance","Demon Form+1","Flame Barrier"],"relics":["Burning Blood","Golden Idol","Pantograph","Eternal Feather","MawBank","FossilizedHelix","Velvet Choker"],"acts_visited":["Exordium","TheCity"],"potions_floor_usage":[22,22],"damage_taken":[{"damage":12.0,"enemies":"Jaw Worm","floor":1.0,"turns":3.0},{"damage":8.0,"enemies":"2 Louse","floor":2.0,"turns":2.0},{"damage":12.0,"enemies":"Small Slimes","floor":4.0,"turns":4.0},{"damage":13.0,"enemies":"2 Fungi Beasts","floor":5.0,"turns":4.0},{"damage":32.0,"enemies":"Gremlin Nob","floor":6.0,"turns":4.0},{"damage":30.0,"enemies":"3 Sentries","floor":11.0,"turns":7.0},{"damage":15.0,"enemies":"Lagavulin","floor":13.0,"turns":5.0},{"damage":0,"enemies":"Looter","floor":14,"turns":2},{"damage":30,"enemies":"The Guardian","floor":16,"turns":8},{"damage":9,"enemies":"Chosen","floor":18,"turns":5},{"damage":12,"enemies":"3 Byrds","floor":22,"turns":5},{"damage":66,"enemies":"Slavers","floor":24,"turns":5}],"seed_played":"-3338019789187822396","potions_obtained":[{"floor":6.0,"key":"LiquidBronze"},{"floor":13.0,"key":"Swift Potion"},{"floor":16,"key":"Block Potion"}],"is_trial":false,"path_per_floor":["M","M","?","M","M","E","?","?","T","$","E","R","E","M","R","B",null,"M","?","?","?","M","R","E"],"character_chosen":"IRONCLAD","items_purchased":["Bludgeon"],"campfire_rested":0,"item_purchase_floors":[10],"current_hp_per_floor":[62,60,60,54,47,21,38,38,38,38,14,23,14,20,32,33,59,56,56,56,56,50,62,0,0],"gold":457,"neow_bonus":"ONE_RANDOM_RARE_CARD","is_daily":false,"chose_seed":false,"campfire_upgraded":3,"win_rate":0.0,"timestamp":1613181930,"path_taken":["M","M","?","M","M","E","?","?","T","$","E","R","E","M","R","BOSS","M","?","?","?","M","R","E"],"items_purchased_type":["Card"],"build_version":"2020-12-22","purchased_purges":0,"victory":false,"max_hp_per_floor":[75,75,68,68,68,68,68,68,68,68,68,68,68,68,68,68,68,68,68,68,68,68,68,68,68],"card_choices":[{"not_picked":["Armaments","Shrug It Off"],"picked":"Cleave","floor":1.0},{"not_picked":["Cleave","Sentinel"],"picked":"Pommel Strike","floor":2.0},{"not_picked":["Seeing Red","Perfected Strike"],"picked":"Feel No Pain","floor":4.0},{"not_picked":["Cleave","Ghostly Armor"],"picked":"Anger","floor":5.0},{"not_picked":["Heavy Blade","Wild Strike"],"picked":"Demon Form","floor":6.0},{"not_picked":["Seeing Red","Clothesline","Rage"],"picked":"SKIP","floor":11.0},{"not_picked":["Juggernaut","Warcry"],"picked":"Fire Breathing","floor":13.0},{"not_picked":["Shrug It Off","Inflame"],"picked":"Battle Trance","floor":14},{"not_picked":["Double Tap","Impervious"],"picked":"Demon Form","floor":16},{"not_picked":["Battle Trance","Iron Wave","Dropkick"],"picked":"SKIP","floor":18},{"not_picked":["Dropkick","Headbutt"],"picked":"Flame Barrier","floor":22}],"player_experience":1039264,"relics_obtained":[{"floor":6.0,"key":"Pantograph"},{"floor":9.0,"key":"Eternal Feather"},{"floor":11.0,"key":"MawBank"},{"floor":13.0,"key":"FossilizedHelix"}],"event_choices":[{"damage_healed":0.0,"max_hp_gain":0.0,"max_hp_loss":7.0,"gold_gain":0.0,"event_name":"Golden Idol","player_choice":"Lose Max HP","floor":3.0,"gold_loss":0.0,"damage_taken":0.0,"relics_obtained":["Golden Idol"]},{"damage_healed":17.0,"max_hp_gain":0.0,"max_hp_loss":0.0,"gold_gain":0.0,"event_name":"The Cleric","player_choice":"Healed","floor":7.0,"gold_loss":35.0,"damage_taken":0.0},{"damage_healed":0.0,"max_hp_gain":0.0,"max_hp_loss":0.0,"gold_gain":0.0,"event_name":"Golden Wing","player_choice":"Ignored","floor":8.0,"gold_loss":0.0,"damage_taken":0.0},{"damage_healed":0,"gold_gain":0,"player_choice":"Ignored","damage_taken":0,"max_hp_gain":0,"max_hp_loss":0,"event_name":"Vampires","floor":19,"gold_loss":0},{"damage_healed":0,"gold_gain":0,"player_choice":"Ignored","damage_taken":0,"max_hp_gain":0,"max_hp_loss":0,"event_name":"Ghosts","floor":20,"gold_loss":0},{"cards_removed":["Strike_R"],"damage_healed":0,"gold_gain":0,"player_choice":"Purged","damage_taken":0,"max_hp_gain":0,"max_hp_loss":0,"event_name":"Purifier","floor":21,"gold_loss":0}],"is_beta":false,"boss_relics":[{"not_picked":["Runic Cube","Sozu"],"picked":"Velvet Choker"}],"items_purged_floors":[],"is_endless":false,"potions_floor_spawned":[6,13,16],"killed_by":"Slavers","ascension_level":20}}