{"host":"o221npfsfw6z66k1","time":1613244448,"event":{"mods":["BaseMod","Downfall","Googly Eyes","Hermit","Hero for Fun","Jorbs\u0027s Wanderer Trilogy","Minty Spire (QoL Compilation)","Random Character Button","Replay The Spire","Robot Space Explorer","StSLib","The Animator","The Cursed","The Hierophant","The Jungle","The Runesmith","The Servant 0.9.4"],"gold_per_floor":[117,133,133,78,98,125,145,156,156,156,156,187,199,230,230,326,326,336,336,348,362,378,378,378],"floor_reached":23,"language":"ENG","playtime":3866,"items_purged":[],"score":301,"play_id":"c964ef49-836c-477c-955d-2f7f055c7380","local_time":"20210213122728","is_ascension_mode":true,"campfire_choices":[{"floor":10,"key":"REST"},{"data":"Buffer","floor":15,"key":"SMITH"}],"circlet_count":0,"master_deck":["Strike_B","Strike_B","Strike_B","Defend_B","Defend_B","Defend_B","Zap","Dualcast","Mirror Shield","Cold Snap","Panic Button","Auto Shields+1","Cold Snap","Buffer+1","Genetic Algorithm","Skim","Steam","Genetic Algorithm","Rainbow","Ball Lightning","Coolheaded+1","Capacitor+1","Sweeping Beam+1"],"relics":["Cracked Core","Runesmith:AutoHammer","Omamori","Oddly Smooth Stone","Replay:Bottled Steam","Nuclear Battery"],"acts_visited":["Exordium","theJungle:Jungle"],"potions_floor_usage":[14,14,23,23],"damage_taken":[{"damage":7,"enemies":"Jaw Worm","floor":1,"turns":3},{"damage":0,"enemies":"Cultist","floor":2,"turns":4},{"damage":0,"enemies":"2 Louse","floor":5,"turns":3},{"damage":14,"enemies":"Lagavulin","floor":6,"turns":13},{"damage":7,"enemies":"Large Slime","floor":7,"turns":5},{"damage":8,"enemies":"3 Louse","floor":8,"turns":5},{"damage":5,"enemies":"3 Sentries","floor":12,"turns":12},{"damage":0,"enemies":"Exordium Thugs","floor":13,"turns":6},{"damage":11,"enemies":"Gremlin Nob","floor":14,"turns":6},{"damage":13,"enemies":"The Guardian","floor":16,"turns":17},{"damage":0,"enemies":"theJungle:GiantWrat","floor":18,"turns":7},{"damage":0,"enemies":"Shell Parasite","floor":20,"turns":9},{"damage":0,"enemies":"theJungle:2_Snecko_Cultists","floor":21,"turns":5},{"damage":0,"enemies":"Snake Plant","floor":22,"turns":6},{"damage":74,"enemies":"theJungle:Cassacara","floor":23,"turns":11}],"seed_played":"1158947963063605487","potions_obtained":[{"floor":2,"key":"Languid Potion"},{"floor":6,"key":"Elixir"},{"floor":7,"key":"Milkshake"},{"floor":12,"key":"SkillPotion"},{"floor":16,"key":"EssenceOfSteel"},{"floor":21,"key":"FocusPotion"}],"is_trial":false,"path_per_floor":["M","M","?","$","M","E","M","M","T","R","?","E","M","E","R","B",null,"M","?","M","M","M","E"],"character_chosen":"DEFECT","items_purchased":["Auto Shields+1"],"campfire_rested":1,"item_purchase_floors":[4],"current_hp_per_floor":[61,61,61,61,61,47,40,32,32,54,47,42,42,31,31,18,61,61,63,63,63,63,0,0],"gold":378,"neow_bonus":"ONE_RANDOM_RARE_CARD","is_daily":false,"chose_seed":false,"campfire_upgraded":1,"win_rate":0.0,"timestamp":1613244448,"path_taken":["M","M","?","$","M","E","?","M","T","R","?","E","M","E","R","BOSS","M","?","M","M","M","E"],"items_purchased_type":["Card"],"build_version":"2020-12-22","purchased_purges":0,"victory":false,"max_hp_per_floor":[75,75,75,75,75,75,75,75,75,75,75,75,75,75,75,75,75,75,75,75,75,75,75,75],"card_choices":[{"not_picked":["Streamline","Hologram"],"picked":"Cold Snap","floor":1},{"not_picked":["Beam Cell","Conserve Battery"],"picked":"Panic Button","floor":2},{"not_picked":["Heatsinks","Double Energy","Beam Cell"],"picked":"SKIP","floor":5},{"not_picked":["Panic Button","Lockon"],"picked":"Cold Snap","floor":6},{"not_picked":["BootSequence","Leap"],"picked":"Buffer","floor":7},{"not_picked":["Panic Button","Aggregate"],"picked":"Genetic Algorithm","floor":8},{"not_picked":["Cold Snap","Hyperbeam"],"picked":"Skim","floor":12},{"not_picked":["ReplayTheSpireMod:System Scan","Gash"],"picked":"Steam","floor":13},{"not_picked":["Streamline","Hologram"],"picked":"Genetic Algorithm","floor":14},{"not_picked":["ReplayRNGCard","Hyperbeam"],"picked":"Rainbow","floor":16},{"not_picked":["Beam Cell","Gash"],"picked":"Ball Lightning","floor":18},{"not_picked":["Leap","Reprogram"],"picked":"Coolheaded+1","floor":20},{"not_picked":["Streamline","ReplaySolidLightProjector"],"picked":"Capacitor+1","floor":21},{"not_picked":["Hologram","Heatsinks"],"picked":"Sweeping Beam+1","floor":22}],"player_experience":414504,"relics_obtained":[{"floor":6,"key":"Runesmith:AutoHammer"},{"floor":9,"key":"Omamori"},{"floor":12,"key":"Oddly Smooth Stone"},{"floor":14,"key":"Replay:Bottled Steam"}],"event_choices":[{"cards_removed":["Strike_B"],"damage_healed":0,"gold_gain":0,"player_choice":"Purged","damage_taken":0,"max_hp_gain":0,"max_hp_loss":0,"event_name":"Purifier","floor":3,"gold_loss":0},{"cards_removed":["Defend_B"],"damage_healed":0,"gold_gain":0,"player_choice":"Card Removal","damage_taken":7,"max_hp_gain":0,"max_hp_loss":0,"event_name":"Golden Wing","floor":11,"gold_loss":0}],"is_beta":false,"boss_relics":[{"not_picked":["Sozu","Replay:Drink Me"],"picked":"Nuclear Battery"}],"items_purged_floors":[],"is_endless":false,"potions_floor_spawned":[2,6,7,12,13,16,21,22],"killed_by":"theJungle:Cassacara","ascension_level":8}}