{"host":"za1qviwhp34x909e","time":1613212929,"event":{"mods":["Act Like it!","BaseMod","Colored Map","Colored Powertips","Downfall","Hermit","Highlight Path","Hubris","Koishi","Marisa????????","Minty Spire (QoL Compilation)","Quick Restart","Reimu??????","Remilia??????","Replay The Spire","StSLib","The Cursed","The Disciple","The Hierophant","The Mystic","The Necromancer","The Runesmith","The Servant 0.9.4","The Wild Card"],"gold_per_floor":[359,88,118,154,179,179,206,206,206,206,242,292,292,331,331,331,331,459,459,496,201,201,245,245,299,299,299,371,424,464,475,495,495,495,596,596,647,647,647,647,324,391,391,404,404,471,486,521,535,551,551,551],"floor_reached":53,"language":"ENG","playtime":4757,"items_purged":["Strike_MRS","Strike_MRS"],"score":819,"play_id":"f7fcbd79-c8dd-477a-87c4-34c03dd1f9d1","local_time":"20210213044209","is_ascension_mode":false,"campfire_choices":[{"data":"WitchOfGreed","floor":6,"key":"SMITH"},{"data":"EventHorizon","floor":8,"key":"SMITH"},{"floor":10,"key":"REST"},{"data":"SprinkleStarSeal","floor":13,"key":"SMITH"},{"data":"MagicChant","floor":26,"key":"SMITH"}],"circlet_count":0,"master_deck":["Defend_MRS","Defend_MRS","Defend_MRS","MasterSpark","UpSweep","OpenUniverse+1","SporeBomb","WitchOfGreed+1","DoubleSpark","ShootingEcho","SprinkleStarSeal+1","DoubleSpark","EventHorizon+1","GravityBeat","DC","Singularity","Singularity+1","CasketOfStar+1","MilkyWay","AsteroidBelt+1","WitchLeyline+1","DoubleSpark+1","MysteriousBeam+1","MagicChant+1","Shame","UltimateShortwave+1","GravityBeat+1","GalacticHalo","Acceleration","StarlightTyphoon","hubris:NaturalOne","MillisecondPulsars+1","OortCloud+1","DragonMeteor+1","DragonMeteor+1","PowerUp+1","Spreading Infection","hubris:Despair","NonDirectionalLaser+1","GalacticHalo+1","SuperPerseids","MachineGunSpark"],"relics":["MiniHakkero","ReplayTheSpireMod:TigerMarble","Bag of Preparation","Golden Egg","Smiling Mask","Cursed Key","Orichalcum","FaceOfCleric","Replay:PocketPolymizer","Shuriken","Centennial Puzzle","PreservedInsect","hubris:Icosahedron","hubris:GrandSneckoEye","hubris:Towel","Anchor","Replay:Arrowhead","Mirror","Counterbalance"],"acts_visited":["Exordium","TheCity","TheBeyond"],"potions_floor_usage":[5,12,18,18,18,23,25,29,31,31,31,32,35,35,46,46,50,50],"damage_taken":[{"damage":1,"enemies":"Jaw Worm","floor":1,"turns":4},{"damage":0,"enemies":"Cultist","floor":3,"turns":3},{"damage":16,"enemies":"2 Louse","floor":4,"turns":4},{"damage":15,"enemies":"Exordium Thugs","floor":5,"turns":4},{"damage":14,"enemies":"Gremlin Nob","floor":7,"turns":4},{"damage":11,"enemies":"Blue Slaver","floor":11,"turns":4},{"damage":16,"enemies":"Lagavulin","floor":12,"turns":11},{"damage":3,"enemies":"Exordium Wildlife","floor":14,"turns":3},{"damage":16,"enemies":"Fading Forest","floor":18,"turns":11},{"damage":6,"enemies":"Chosen","floor":20,"turns":4},{"damage":6,"enemies":"Spheric Guardian","floor":23,"turns":3},{"damage":15,"enemies":"Gremlin Leader","floor":25,"turns":6},{"damage":17,"enemies":"Slavers","floor":29,"turns":3},{"damage":13,"enemies":"Snake Plant","floor":30,"turns":4},{"damage":0,"enemies":"Chosen and Byrds","floor":31,"turns":4},{"damage":15,"enemies":"Centurion and Healer","floor":32,"turns":4},{"damage":17,"enemies":"Collector","floor":35,"turns":6},{"damage":11,"enemies":"3 Darklings","floor":37,"turns":6},{"damage":0,"enemies":"Giant Head","floor":42,"turns":4},{"damage":0,"enemies":"Orb Walker","floor":44,"turns":3},{"damage":22,"enemies":"Nemesis","floor":46,"turns":5},{"damage":15,"enemies":"3 Darklings","floor":47,"turns":3},{"damage":5,"enemies":"Transient","floor":48,"turns":5},{"damage":5,"enemies":"Sphere and 2 Shapes","floor":49,"turns":3},{"damage":16,"enemies":"Writhing Mass","floor":50,"turns":3},{"damage":41,"enemies":"Donu and Deca","floor":52,"turns":8}],"seed_played":"-3573518136482217902","potions_obtained":[{"floor":1,"key":"DuplicationPotion"},{"floor":3,"key":"Elixir"},{"floor":3,"key":"Energy Potion"},{"floor":4,"key":"Fire Potion"},{"floor":5,"key":"SpeedPotion"},{"floor":11,"key":"Flashbang"},{"floor":12,"key":"FearPotion"},{"floor":18,"key":"Swift Potion"},{"floor":20,"key":"ColorlessPotion"},{"floor":23,"key":"GamblersBrew"},{"floor":25,"key":"Adrenaline Potion"},{"floor":30,"key":"EntropicBrew"},{"floor":31,"key":"Weak Potion"},{"floor":32,"key":"EssenceOfSteel"},{"floor":37,"key":"Weak Potion"},{"floor":37,"key":"hexamod:SoulburnPotion"},{"floor":46,"key":"FairyPotion"},{"floor":46,"key":"Milkshake"}],"is_trial":false,"path_per_floor":["M","$","M","M","M","R","E","R","T","R","M","E","R","M","PTL","PTL","R_BF","B",null,"M","$","?","M","?","E","R","?","T","E","M","M","M","?","R_BF","B",null,"M","?","?","?","$","E","T","M","T","E","M","M","M","M","R_BF","B",null],"character_chosen":"MARISA","items_purchased":["SporeBomb","ReplayTheSpireMod:TigerMarble","WitchOfGreed","DoubleSpark","AsteroidBelt","Orichalcum","WitchLeyline","OortCloud","Anchor","DragonMeteor"],"campfire_rested":1,"item_purchase_floors":[2,2,2,2,21,21,21,41,41,41],"current_hp_per_floor":[74,74,74,58,43,43,29,29,29,51,40,24,24,21,21,21,21,15,75,69,69,69,64,64,54,54,54,54,38,26,27,13,13,37,21,82,72,72,72,72,72,73,73,74,74,53,39,35,31,16,41,26],"gold":551,"neow_bonus":"TWO_FIFTY_GOLD","is_daily":false,"chose_seed":false,"campfire_upgraded":4,"win_rate":0.0,"timestamp":1613212929,"path_taken":["M","$","M","M","M","R","E","R","T","R","M","E","R","M","PTL","PTL","R_BF","BOSS","M","$","?","?","?","E","R","?","T","E","M","?","M","?","R_BF","BOSS","M","?","?","?","$","E","?","?","T","E","M","M","M","M","R_BF","BOSS"],"items_purchased_type":["Card","Relic","Card","Card","Card","Relic","Card","Card","Relic","Card"],"build_version":"2020-12-22","purchased_purges":2,"victory":true,"max_hp_per_floor":[75,75,75,75,75,75,75,75,75,75,75,75,75,75,75,75,75,75,75,75,75,75,76,76,77,77,77,77,78,79,80,81,81,81,82,82,83,83,79,79,79,80,80,81,81,82,83,84,85,86,86,87],"card_choices":[{"not_picked":["Singularity","GrandCross"],"picked":"OpenUniverse","floor":1},{"not_picked":["DC","DarkMatter"],"picked":"ShootingEcho","floor":3},{"not_picked":["6A","UnstableBomb"],"picked":"SprinkleStarSeal","floor":4},{"not_picked":["DragonMeteor","ManaConvection"],"picked":"DoubleSpark","floor":5},{"not_picked":["WitchLeyline","SuperPerseids"],"picked":"EventHorizon","floor":7},{"not_picked":["EventHorizon","NonDirectionalLaser"],"picked":"GravityBeat","floor":11},{"not_picked":["FairyDestructionRay","BlazingStar"],"picked":"DC","floor":12},{"not_picked":["IllusionStar","MysteriousBeam"],"picked":"Singularity","floor":14},{"not_picked":["AbsoluteMagnitude","MillisecondPulsars"],"picked":"CasketOfStar","floor":18},{"not_picked":["IllusionStar","DarkMatter"],"picked":"MilkyWay","floor":20},{"not_picked":["ChargingUp","OrrerysSun"],"picked":"DoubleSpark+1","floor":23},{"not_picked":["DoubleSpark","DC"],"picked":"MysteriousBeam","floor":25},{"not_picked":["SporeBomb+1","ManaConvection"],"picked":"UltimateShortwave","floor":29},{"not_picked":["WitchOfGreed","Orbital"],"picked":"GravityBeat+1","floor":30},{"not_picked":["DragonMeteor","LuminesStrike"],"picked":"GalacticHalo","floor":31},{"not_picked":["Occultation","BlazeAway"],"picked":"Acceleration","floor":32},{"not_picked":["CasketOfStar","BigCrunch"],"picked":"MillisecondPulsars","floor":35},{"not_picked":["WitchLeyline","OpenUniverse","EnergyRecoil"],"picked":"SKIP","floor":37},{"not_picked":["TreasureHunter","DragonMeteor+1"],"picked":"PowerUp+1","floor":42},{"not_picked":["ChargingUp","WitchOfGreed","ShootingEcho+1"],"picked":"SKIP","floor":44},{"not_picked":["ShootingEcho+1","GrandCross","DC+1"],"picked":"SKIP","floor":46},{"not_picked":["DoubleSpark+1","GravityBeat+1"],"picked":"NonDirectionalLaser+1","floor":47},{"not_picked":["EarthLightRay+1","GrandCross+1"],"picked":"GalacticHalo+1","floor":48},{"not_picked":["PowerUp","WitchLeyline"],"picked":"SuperPerseids","floor":49},{"not_picked":["LuminesStrike","DC","EarthLightRay+1"],"picked":"SKIP","floor":50}],"player_experience":694351,"relics_obtained":[{"floor":7,"key":"Bag of Preparation"},{"floor":9,"key":"Golden Egg"},{"floor":12,"key":"Smiling Mask"},{"floor":25,"key":"Replay:PocketPolymizer"},{"floor":28,"key":"Shuriken"},{"floor":29,"key":"Centennial Puzzle"},{"floor":29,"key":"PreservedInsect"},{"floor":42,"key":"Replay:Arrowhead"},{"floor":45,"key":"Mirror"},{"floor":46,"key":"Counterbalance"}],"event_choices":[{"damage_healed":0,"gold_gain":0,"player_choice":"Trade","damage_taken":0,"relics_obtained":["FaceOfCleric"],"max_hp_gain":0,"max_hp_loss":0,"event_name":"FaceTrader","floor":22,"gold_loss":0},{"damage_healed":0,"gold_gain":0,"player_choice":"Ignored","damage_taken":0,"max_hp_gain":0,"max_hp_loss":0,"event_name":"Vampires","floor":24,"gold_loss":0},{"damage_healed":0,"gold_gain":0,"player_choice":"Upgraded","damage_taken":0,"max_hp_gain":0,"max_hp_loss":0,"event_name":"Upgrade Shrine","floor":27,"gold_loss":0,"cards_upgraded":["MysteriousBeam"]},{"cards_removed":["sneckomod:Defend"],"damage_healed":0,"gold_gain":0,"player_choice":"Removed Skill","damage_taken":0,"max_hp_gain":0,"max_hp_loss":0,"event_name":"Falling","floor":38,"gold_loss":0},{"damage_healed":0,"gold_gain":0,"player_choice":"Max HP","damage_taken":0,"max_hp_gain":0,"max_hp_loss":4,"event_name":"Winding Halls","floor":39,"gold_loss":0}],"is_beta":false,"boss_relics":[{"not_picked":["RedLine:ReiMu","Replay:Ancient Bell"],"picked":"Cursed Key"},{"not_picked":["Sozu","Philosopher\u0027s Stone"],"picked":"hubris:GrandSneckoEye"}],"items_purged_floors":[21,41],"is_endless":false,"potions_floor_spawned":[1,3,5,11,23,31,32,37,47,48],"ascension_level":0}}