{"host":"n5x0e04y88v3omrc","time":1613202565,"event":{"mods":["Aspiration","BaseMod","Colored Powertips","Downfall","Minty Spire (QoL Compilation)","Replay The Spire","Shop Mod","StSLib"],"gold_per_floor":[119,44,55,66,141,141,154,184,211,211,211,211,222,222,222,238,238,342,342,354,354,269,281,296,296,346,346,420,440,450,467,492,508,508,508,508],"floor_reached":35,"language":"ZHS","playtime":2589,"items_purged":["Strike_R"],"score":296,"play_id":"385421e2-d257-4951-9de1-78ca5172a2ad","local_time":"20210213154925","is_ascension_mode":false,"campfire_choices":[{"data":"Metallicize","floor":6,"key":"SMITH"},{"data":"Clash","floor":10,"key":"SMITH"},{"data":"Strike_R","floor":12,"key":"SMITH"},{"floor":25,"key":"REST"},{"data":"Anger","floor":27,"key":"SMITH"},{"floor":34,"key":"DIG"}],"circlet_count":0,"master_deck":["Strike_R","Strike_R","Strike_R","Strike_R+1","Defend_R","Defend_R","Defend_R","Bash","Anger+1","Clash+1","Metallicize+1","Replay:Undeath\u0027s Touch","Injury","Combust","Headbutt","Hemokinesis","Feed","Pommel Strike+1","Shrug It Off+1","Dropkick+1","Whirlwind+1","Twin Strike+1","Seeing Red+1","Carnage+1"],"relics":["Burning Blood","ReplayTheSpireMod:Lightbulb","Toxic Egg 2","Velvet Choker","bronze:BronzeIdol","Onion Ring","hexamod:CandleOfCauterizing","Counterbalance"],"acts_visited":["Exordium","TheCity"],"potions_floor_usage":[18,18,18],"damage_taken":[{"damage":19,"enemies":"Jaw Worm","floor":1,"turns":6},{"damage":2,"enemies":"Small Slimes","floor":3,"turns":3},{"damage":1,"enemies":"Cultist","floor":4,"turns":3},{"damage":7,"enemies":"3 Louse","floor":7,"turns":4},{"damage":3,"enemies":"2 Fungi Beasts","floor":13,"turns":4},{"damage":21,"enemies":"Exordium Thugs","floor":16,"turns":4},{"damage":37,"enemies":"Hexaghost","floor":18,"turns":7},{"damage":19,"enemies":"2 Thieves","floor":20,"turns":3},{"damage":12,"enemies":"Shell Parasite","floor":23,"turns":2},{"damage":28,"enemies":"3 Cultists","floor":24,"turns":5},{"damage":26,"enemies":"Shelled Parasite and Fungi","floor":29,"turns":4},{"damage":14,"enemies":"Snake Plant","floor":30,"turns":3},{"damage":0,"enemies":"3 Cultists","floor":31,"turns":2},{"damage":25,"enemies":"Book of Stabbing","floor":32,"turns":3},{"damage":22,"enemies":"Centurion and Healer","floor":33,"turns":4},{"damage":38,"enemies":"Champ","floor":35,"turns":3}],"seed_played":"8193124670624972760","potions_obtained":[{"floor":3,"key":"LifebloodPotion"},{"floor":13,"key":"Adrenaline Potion"},{"floor":16,"key":"Adrenaline Potion"},{"floor":24,"key":"Swift Potion"},{"floor":31,"key":"Adrenaline Potion"}],"is_trial":false,"path_per_floor":["M","$","M","M","?","R","M","?","T","R","?","R","M","PTL","PTL","M","R","B",null,"M","?","?","M","M","R","?","R","T","M","M","M","E","M","R","B"],"character_chosen":"IRONCLAD","items_purchased":[],"campfire_rested":1,"item_purchase_floors":[],"current_hp_per_floor":[75,75,79,84,73,73,72,72,72,72,72,72,75,75,75,60,60,29,88,78,78,78,72,53,81,81,81,81,64,56,62,43,27,27,0,0],"gold":508,"neow_bonus":"TEN_PERCENT_HP_BONUS","is_daily":false,"chose_seed":false,"campfire_upgraded":4,"win_rate":0.0,"timestamp":1613202565,"path_taken":["M","$","M","M","?","R","M","?","T","R","?","R","M","PTL","PTL","?","R","BOSS","M","?","?","M","M","R","?","R","T","M","M","?","E","M","R","BOSS"],"items_purchased_type":[],"build_version":"2020-12-22","purchased_purges":1,"victory":false,"max_hp_per_floor":[88,88,88,88,88,88,88,88,88,88,88,88,88,88,88,88,88,88,88,91,91,91,91,94,94,94,94,94,97,97,97,97,97,97,97,97],"card_choices":[{"not_picked":["Iron Wave","ReplayTheSpireMod:Limb From Limb"],"picked":"Anger","floor":1},{"not_picked":["Fire Breathing","Replay:Undeath\u0027s Touch"],"picked":"Clash","floor":3},{"not_picked":["Run Through","Berserk"],"picked":"Metallicize","floor":4},{"not_picked":["Metallicize","Battle Trance"],"picked":"Replay:Undeath\u0027s Touch","floor":7},{"not_picked":["ReplayTheSpireMod:Strike From Hell","Burning Pact+1"],"picked":"Combust","floor":13},{"not_picked":["Perfected Strike","Fire Breathing"],"picked":"Headbutt","floor":16},{"not_picked":["Replay:Many Hands+1","Offering+1"],"picked":"Feed","floor":18},{"not_picked":["ReplayTheSpireMod:Strike From Hell","Shockwave+1"],"picked":"Pommel Strike+1","floor":20},{"not_picked":["ReplayTheSpireMod:Muscle Training+1","Massacre"],"picked":"Shrug It Off+1","floor":23},{"not_picked":["Replay:Undeath\u0027s Touch","Clothesline","Iron Wave"],"picked":"SKIP","floor":24},{"not_picked":["Battle Trance+1","Searing Blow"],"picked":"Dropkick+1","floor":29},{"not_picked":["ReplayTheSpireMod:Limb From Limb","Clothesline"],"picked":"Whirlwind+1","floor":30},{"not_picked":["Cleave","Replay:Many Hands+1"],"picked":"Twin Strike+1","floor":31},{"not_picked":["Warcry+1","Flex+1"],"picked":"Seeing Red+1","floor":32},{"not_picked":["Flex+1","Seeing Red+1"],"picked":"Carnage+1","floor":33}],"player_experience":1832,"relics_obtained":[{"floor":9,"key":"ReplayTheSpireMod:Lightbulb"},{"floor":28,"key":"Onion Ring"},{"floor":32,"key":"hexamod:CandleOfCauterizing"},{"floor":34,"key":"Counterbalance"}],"event_choices":[{"damage_healed":0,"gold_gain":75,"player_choice":"Gather Gold","damage_taken":11,"max_hp_gain":0,"max_hp_loss":0,"event_name":"World of Goop","floor":5,"gold_loss":0},{"damage_healed":0,"gold_gain":30,"player_choice":"Searched \u00271\u0027 times","damage_taken":0,"max_hp_gain":0,"max_hp_loss":0,"event_name":"Dead Adventurer","floor":8,"gold_loss":0},{"damage_healed":0,"gold_gain":0,"player_choice":"Obtained Relic","damage_taken":0,"relics_obtained":["bronze:BronzeIdol"],"max_hp_gain":0,"max_hp_loss":0,"event_name":"Addict","floor":22,"gold_loss":85},{"damage_healed":0,"gold_gain":100,"player_choice":"Bet on Murderer","damage_taken":0,"max_hp_gain":0,"max_hp_loss":0,"event_name":"The Joust","floor":26,"gold_loss":50}],"is_beta":false,"boss_relics":[{"not_picked":["Replay:Wanted Poster","Replay:Drink Me"],"picked":"Velvet Choker"}],"items_purged_floors":[2],"is_endless":false,"potions_floor_spawned":[3,13,16,24,31],"killed_by":"Champ","ascension_level":0}}