{"host":"juvwyqk4ifq614bf","time":1613248117,"event":{"mods":["2.2 Compatiblity","Act Like it!","BaseMod","Better Altar","Better Match","Better Note","Better Sensory Stone","Better Third Choice","Conspire","Ekko","Friendly Minions","GifTheSpireLib","Hubris","Infinite Spire","Minty Spire (QoL Compilation)","Mirrors Mod","Replay The Spire","StSLib","Stuff the Spire","The Alterego","TheVelvet"],"gold_per_floor":[121,146,123,123,223,223,272,272,272,311,411,433,433,457,457,575,575,572,631,631,631,631,647,647],"floor_reached":23,"language":"ENG","playtime":1756,"items_purged":[],"score":256,"play_id":"833aec76-e9bd-4489-a382-af1730e867c2","local_time":"20210213212837","is_ascension_mode":true,"campfire_choices":[{"data":"Judgement","floor":6.0,"key":"SMITH"},{"floor":15.0,"key":"REST"}],"circlet_count":0,"master_deck":["Defend_P+1","Defend_P+1","Defend_P+1","Defend_P+1","Eruption","Vigilance","EmptyBody","Halt","CutThroughFate","ReplayTheSpireMod:Stacked","EmptyBody","Judgement+1","TalkToTheHand","SashWhip","JustLucky","LessonLearned","EmptyFist+1","Tantrum","Bite","Bite","Bite","Bite","Bite"],"relics":["PureWater","Replay:Bandana","Chameleon Ring","Mummified Hand","hubris:DeckOfHolding","Lizard Tail","SacredBark","hubris:TenFootPole","hubris:Icosahedron"],"acts_visited":["Exordium","TheCity"],"potions_floor_usage":[19],"damage_taken":[{"damage":0.0,"enemies":"Small Slimes","floor":1.0,"turns":3.0},{"damage":0.0,"enemies":"Cultist","floor":2.0,"turns":3.0},{"damage":9.0,"enemies":"Lagavulin","floor":7.0,"turns":7.0},{"damage":0.0,"enemies":"3 Sentries","floor":10.0,"turns":4.0},{"damage":0.0,"enemies":"2 Louse","floor":12.0,"turns":2.0},{"damage":0.0,"enemies":"Large Slime","floor":14.0,"turns":3.0},{"damage":18.0,"enemies":"Slime Boss","floor":16.0,"turns":10.0},{"damage":3,"enemies":"2 Thieves","floor":18,"turns":4},{"damage":38,"enemies":"conspire:MimicChest","floor":19,"turns":16},{"damage":95,"enemies":"Book of Stabbing","floor":23,"turns":10}],"seed_played":"8844095176231025576","potions_obtained":[{"floor":1.0,"key":"BottledMiracle"},{"floor":8.0,"key":"SneckoOil"},{"floor":8.0,"key":"Cursed Concoction"},{"floor":12.0,"key":"Fire Potion"},{"floor":13.0,"key":"Elixir"},{"floor":13.0,"key":"FearPotion"},{"floor":18,"key":"conspire:TimeTravelPotion"}],"is_trial":false,"path_per_floor":["M","M","$","?","?","R","E","R","T","E","?","M","R","M","R","B",null,"M","?","?","?","?","E"],"character_chosen":"WATCHER","items_purchased":["CutThroughFate"],"campfire_rested":1,"item_purchase_floors":[3],"current_hp_per_floor":[72,72,72,49,21,21,12,12,12,12,12,12,12,12,33,15,72,69,47,47,47,47,0,0],"gold":647,"neow_bonus":"RANDOM_COMMON_RELIC","is_daily":false,"chose_seed":false,"campfire_upgraded":1,"win_rate":0.0,"timestamp":1613248117,"path_taken":["M","M","$","?","?","R","E","R","T","E","?","?","R","?","R","BOSS","M","?","?","?","?","E"],"items_purchased_type":["Card"],"build_version":"2020-12-22","purchased_purges":0,"victory":false,"max_hp_per_floor":[72,72,72,72,72,72,72,72,72,72,72,72,72,72,72,72,72,72,72,50,50,50,50,50],"card_choices":[{"not_picked":["ClearTheMind","Evaluate"],"picked":"EmptyBody","floor":1.0},{"not_picked":["Crescendo","PathToVictory"],"picked":"Halt","floor":2.0},{"not_picked":["SashWhip","Protect"],"picked":"EmptyBody","floor":5.0},{"not_picked":["Crescendo","Prostrate"],"picked":"Judgement","floor":5.0},{"not_picked":["JustLucky","Evaluate"],"picked":"TalkToTheHand","floor":5.0},{"not_picked":["Meditate","CarveReality"],"picked":"SashWhip","floor":7.0},{"not_picked":["EmptyBody","Crescendo","SashWhip"],"picked":"SKIP","floor":10.0},{"not_picked":["EmptyMind","FlyingSleeves","CutThroughFate"],"picked":"SKIP","floor":12.0},{"not_picked":["Replay:ManipulateFuture","EmptyMind"],"picked":"JustLucky","floor":14.0},{"not_picked":["Omniscience","Blasphemy"],"picked":"LessonLearned","floor":16.0},{"not_picked":["BowlingBash","FlyingSleeves"],"picked":"EmptyFist+1","floor":18},{"not_picked":["Perseverance","ForeignInfluence"],"picked":"Tantrum","floor":19}],"player_experience":236700,"relics_obtained":[{"floor":7.0,"key":"Mummified Hand"},{"floor":9.0,"key":"hubris:DeckOfHolding"},{"floor":10.0,"key":"Lizard Tail"},{"floor":19,"key":"hubris:TenFootPole"}],"event_choices":[{"damage_healed":0.0,"max_hp_gain":0.0,"max_hp_loss":0.0,"gold_gain":100.0,"event_name":"Golden Shrine","player_choice":"Pray","floor":11.0,"gold_loss":0.0,"damage_taken":0.0},{"damage_healed":0,"gold_gain":0,"player_choice":"Became a vampire","damage_taken":0,"max_hp_gain":0,"max_hp_loss":22,"event_name":"Vampires","floor":20,"gold_loss":0,"cards_obtained":["Bite","Bite","Bite","Bite","Bite"]},{"damage_healed":0,"gold_gain":0,"player_choice":"Simplicity","damage_taken":0,"max_hp_gain":0,"max_hp_loss":4,"event_name":"betterThird:BetterWriting","floor":22,"gold_loss":0}],"is_beta":false,"boss_relics":[{"not_picked":["Runic Dome","conspire:SeveredTorchhead"],"picked":"SacredBark"}],"items_purged_floors":[],"is_endless":false,"potions_floor_spawned":[1,12,18],"killed_by":"Book of Stabbing","ascension_level":1}}