{"host":"bakf0s4odzu8z5xt","time":1613202791,"event":{"mods":["2.2 Compatiblity","BaseMod","Downfall","Friendly Minions","Minty Spire (QoL Compilation)","StSLib"],"gold_per_floor":[99,99,9,24,36,54,54,54,82,82,92,109,9,41,59,162,162,62,79,93,103,103,123,123,151,51,63,89,99,99,109,128,230,230,230,246,256,73,73,88,111,61,73,100,120,120,135,170,184,184,184,219,51,51,51,51],"floor_reached":57,"language":"ENG","playtime":5661,"items_purged":["hexamod:Strike","hexamod:HauntingEcho","hexamod:Sear","hexamod:TurnItUp+1"],"score":1504,"play_id":"9d5ede7c-a3d3-4d85-8936-e7aa8597cacd","local_time":"20210213015311","is_ascension_mode":true,"campfire_choices":[{"floor":1,"key":"RECALL"},{"data":"hexamod:GhostLash","floor":8,"key":"SMITH"},{"data":"hexamod:HexaLevel","floor":10,"key":"SMITH"},{"floor":13,"key":"REST"},{"data":"hexamod:GiftsFromTheDead","floor":18,"key":"SMITH"},{"data":"hexamod:Float","floor":26,"key":"SMITH"},{"floor":30,"key":"REST"},{"data":"hexamod:GiftsFromTheDead","floor":35,"key":"SMITH"},{"floor":46,"key":"REST"},{"data":"hexamod:RadiantFlame","floor":54,"key":"SMITH"}],"circlet_count":0,"master_deck":["hexamod:Defend","hexamod:Defend","hexamod:Defend","hexamod:Defend+1","hexamod:Float+1","hexamod:GhostLash+1","hexamod:FlamesFromBeyond+1","hexamod:FlameSwitch+1","hexamod:HexaLevel+1","hexamod:RecurringNightmare+1","hexamod:Hexaguard+1","hexamod:ShieldOfDarkness+1","hexamod:GiftsFromTheDead+1","hexamod:RainOfEmbers+1","hexamod:SpectralSpark+1","hexamod:Haunt+1","hexamod:GhostLash+1","hexamod:NightmareStrike+1","hexamod:CatchUp+1","hexamod:EtherealExpedition+1","hexamod:GiftsFromTheDead+1","hexamod:NightmareGuise+1","hexamod:PhantomCloak+1","hexamod:NightmareGuise+1","hexamod:RadiantFlame+1","hexamod:ShieldOfDarkness+1"],"relics":["hexamod:SpiritBrand","Toxic Egg 2","Mercury Hourglass","Smiling Mask","downfall:HeartBlessingRed","Art of War","Astrolabe","downfall:HeartBlessingGreen","Juzu Bracelet","downfall:HeartBlessingBlue","Pen Nib","Busted Crown","Bag of Preparation","Orichalcum","Guardian:BottledAnomaly","Happy Flower","Toy Ornithopter","CeramicFish","Bottled Lightning"],"acts_visited":["Exordium","TheCity","TheBeyond","TheEnding"],"potions_floor_usage":[14,25,28,28,31,31,33,48,48,56,56,56],"damage_taken":[{"damage":0,"enemies":"downfall:FleeingMerchant","floor":3,"turns":4},{"damage":2,"enemies":"Jaw Worm","floor":4,"turns":3},{"damage":2,"enemies":"2 Louse","floor":5,"turns":2},{"damage":0,"enemies":"Cultist","floor":6,"turns":3},{"damage":20,"enemies":"3 Sentries","floor":9,"turns":6},{"damage":1,"enemies":"2 Fungi Beasts","floor":11,"turns":3},{"damage":2,"enemies":"3 Louse","floor":12,"turns":3},{"damage":10,"enemies":"Gremlin Nob","floor":14,"turns":3},{"damage":13,"enemies":"Blue Slaver","floor":15,"turns":2},{"damage":15,"enemies":"WA_ARCHETYPE_RETAIN","floor":16,"turns":7},{"damage":0,"enemies":"Spheric Guardian","floor":19,"turns":3},{"damage":7,"enemies":"3 Byrds","floor":20,"turns":3},{"damage":2,"enemies":"Sentry and Sphere","floor":21,"turns":4},{"damage":1,"enemies":"Cultist and Chosen","floor":23,"turns":3},{"damage":0,"enemies":"Gremlin Leader","floor":25,"turns":4},{"damage":12,"enemies":"Chosen and Byrds","floor":27,"turns":5},{"damage":25,"enemies":"Slavers","floor":28,"turns":3},{"damage":0,"enemies":"3 Cultists","floor":29,"turns":3},{"damage":0,"enemies":"Snake Plant","floor":31,"turns":3},{"damage":18,"enemies":"Centurion and Healer","floor":32,"turns":4},{"damage":26,"enemies":"IC_MUSHROOM_ARCHETYPE","floor":33,"turns":7},{"damage":27,"enemies":"3 Darklings","floor":36,"turns":4},{"damage":0,"enemies":"3 Shapes","floor":37,"turns":3},{"damage":0,"enemies":"downfall:FleeingMerchant","floor":38,"turns":4},{"damage":5,"enemies":"Jaw Worm Horde","floor":40,"turns":3},{"damage":0,"enemies":"4 Shapes","floor":43,"turns":3},{"damage":8,"enemies":"Nemesis","floor":44,"turns":7},{"damage":0,"enemies":"Maw","floor":45,"turns":4},{"damage":0,"enemies":"Transient","floor":47,"turns":5},{"damage":0,"enemies":"Reptomancer","floor":48,"turns":3},{"damage":0,"enemies":"Spire Growth","floor":49,"turns":3},{"damage":18,"enemies":"DF_ARCHETYPE_ORBS","floor":50,"turns":4},{"damage":3,"enemies":"downfall:CharBossMerchant","floor":52,"turns":6},{"damage":9,"enemies":"downfall:NeowBoss","floor":55,"turns":11},{"damage":13,"enemies":"downfall:NeowBossFinal","floor":56,"turns":6}],"seed_played":"-1265878140704269359","potions_obtained":[{"floor":6,"key":"FearPotion"},{"floor":9,"key":"ColorlessPotion"},{"floor":15,"key":"hexamod:SoulburnPotion"},{"floor":20,"key":"sneckomod:MuddlingPotion"},{"floor":21,"key":"Weak Potion"},{"floor":27,"key":"AttackPotion"},{"floor":29,"key":"DistilledChaos"},{"floor":32,"key":"Weak Potion"},{"floor":37,"key":"DuplicationPotion"},{"floor":40,"key":"Explosive Potion"},{"floor":45,"key":"Fire Potion"},{"floor":48,"key":"Explosive Potion"},{"floor":52,"key":"AttackPotion"}],"is_trial":false,"path_per_floor":["R","?","$","M","M","M","T","R","E","R","M","M","R","E","M","B",null,"R","M","M","M","?","M","T","E","R","M","E","M","R","M","M","B",null,"R","M","M","$","?","M","T","$","M","E","M","R","M","E","M","B",null,"E","$","R","B","B",null],"character_chosen":"THE_SPIRIT","items_purchased":["Bag of Preparation","Orichalcum","Guardian:BottledAnomaly","hexamod:RadiantFlame","hexamod:ShieldOfDarkness+1","Energy Potion"],"campfire_rested":3,"item_purchase_floors":[38,38,38,53,53,53],"current_hp_per_floor":[77,74,74,72,70,70,70,70,50,50,49,47,70,60,47,32,77,77,77,70,68,60,59,59,59,69,57,32,32,58,58,40,14,87,87,60,60,60,60,55,55,55,55,47,47,73,73,83,83,65,87,84,84,84,75,77],"gold":51,"neow_bonus":"TEN_PERCENT_HP_BONUS","is_daily":false,"chose_seed":false,"campfire_upgraded":6,"win_rate":0.0,"timestamp":1613202791,"path_taken":["R","?","$","M","M","M","T","R","E","R","M","M","R","E","M","BOSS","R","M","M","M","?","M","T","E","R","M","E","M","R","M","M","BOSS","R","M","M","$","?","M","T","$","M","E","M","R","M","E","M","BOSS","E","$","R","BOSS","BOSS"],"items_purchased_type":["Relic","Relic","Relic","Card","Card","Potion"],"build_version":"2020-12-22","purchased_purges":4,"victory":true,"max_hp_per_floor":[77,77,77,77,77,77,77,77,77,77,77,77,77,77,77,77,77,77,77,77,77,77,77,77,77,87,87,87,87,87,87,87,87,87,87,87,87,87,87,87,87,87,87,87,87,87,87,87,87,87,87,87,87,87,87,87],"card_choices":[{"not_picked":["hexamod:NightmareGuise+1","hexamod:HeatMetal"],"picked":"hexamod:GhostLash","floor":3},{"not_picked":["hexamod:SwordOfDarkness","hexamod:NightmareStrike"],"picked":"hexamod:FlamesFromBeyond+1","floor":4},{"not_picked":["hexamod:PhantomCloak","hexamod:FastForward+1"],"picked":"hexamod:FlameSwitch+1","floor":5},{"not_picked":["hexamod:BurningTouch+1","hexamod:PhantomFireball","hexamod:NightmareGuise+1"],"picked":"SKIP","floor":6},{"not_picked":["hexamod:NightmareGuise+1","hexamod:SpectralAdrenaline+1"],"picked":"hexamod:HexaLevel","floor":9},{"not_picked":["hexamod:HeatMetal","hexamod:BurningTouch+1"],"picked":"hexamod:RecurringNightmare+1","floor":11},{"not_picked":["hexamod:HeatMetal","hexamod:Firestarter"],"picked":"hexamod:Hexaguard+1","floor":12},{"not_picked":["hexamod:SpectralSpark+1","hexamod:BacktrackSmack","hexamod:FirstSeal"],"picked":"SKIP","floor":14},{"not_picked":["hexamod:InspiringFlames+1","hexamod:BacktrackSmack"],"picked":"hexamod:ShieldOfDarkness+1","floor":15},{"not_picked":["hexamod:ForkedFlame","hexamod:Toasty"],"picked":"hexamod:GiftsFromTheDead","floor":16},{"not_picked":["hexamod:Hexaguard+1","hexamod:NightmareStrike"],"picked":"hexamod:Haunt+1","floor":19},{"not_picked":["hexamod:ThirdSeal","hexamod:ShieldOfDarkness+1"],"picked":"hexamod:GhostLash+1","floor":20},{"not_picked":["hexamod:ThermalTransfer","hexamod:BacktrackSmack"],"picked":"hexamod:HauntingEcho","floor":21},{"not_picked":["hexamod:Rewind+1","hexamod:HeatCrush"],"picked":"hexamod:TurnItUp+1","floor":23},{"not_picked":["hexamod:GhostOfSpireFuture","hexamod:SoulSteal+1","hexamod:AdvancingGuard+1"],"picked":"SKIP","floor":25},{"not_picked":["hexamod:ExtraCrispy","hexamod:InspiringFlames+1"],"picked":"hexamod:NightmareStrike+1","floor":27},{"not_picked":["hexamod:HexaLevel","hexamod:HauntingEcho","hexamod:BacktrackSmack"],"picked":"SKIP","floor":28},{"not_picked":["hexamod:EmpoweredFlame","hexamod:GhostLash","hexamod:PhantomFireball"],"picked":"SKIP","floor":29},{"not_picked":["hexamod:BurningTouch+1","hexamod:FirstSeal"],"picked":"hexamod:CatchUp+1","floor":31},{"not_picked":["hexamod:PhantomFireball+1","hexamod:HeatMetal"],"picked":"hexamod:EtherealExpedition+1","floor":32},{"not_picked":["hexamod:SixthSeal","hexamod:UnlimitedPower+1"],"picked":"hexamod:GiftsFromTheDead","floor":33},{"not_picked":[],"picked":"hexamod:NightmareGuise+1","floor":36},{"not_picked":["hexamod:DynamicBlow"],"picked":"SKIP","floor":37},{"not_picked":[],"picked":"hexamod:PhantomCloak+1","floor":38},{"not_picked":["hexamod:BurningTouch+1"],"picked":"SKIP","floor":40},{"not_picked":[],"picked":"hexamod:NightmareGuise+1","floor":43},{"not_picked":["hexamod:AdvancingGuard+1"],"picked":"SKIP","floor":44},{"not_picked":["hexamod:ThirdSeal"],"picked":"SKIP","floor":45},{"not_picked":["hexamod:ThermalTransfer"],"picked":"SKIP","floor":47},{"not_picked":["hexamod:AdvancingGuard+1"],"picked":"SKIP","floor":48},{"not_picked":["hexamod:ThermalTransfer"],"picked":"SKIP","floor":49},{"not_picked":["hexamod:VolcanoVisage"],"picked":"SKIP","floor":52}],"player_experience":2168116,"relics_obtained":[{"floor":7,"key":"Mercury Hourglass"},{"floor":9,"key":"Smiling Mask"},{"floor":14,"key":"Art of War"},{"floor":25,"key":"Juzu Bracelet"},{"floor":28,"key":"Pen Nib"},{"floor":41,"key":"Happy Flower"},{"floor":44,"key":"Toy Ornithopter"},{"floor":48,"key":"CeramicFish"},{"floor":52,"key":"Bottled Lightning"}],"event_choices":[{"damage_healed":0,"gold_gain":0,"player_choice":"Success","damage_taken":3,"relics_obtained":["Toxic Egg 2"],"max_hp_gain":0,"max_hp_loss":0,"event_name":"Scrap Ooze","floor":2,"gold_loss":0}],"is_beta":false,"boss_relics":[{"not_picked":["sneckomod:SneckoTalon","Cursed Key"],"picked":"Astrolabe"},{"not_picked":["Calling Bell","Velvet Choker"],"picked":"Busted Crown"}],"items_purged_floors":[3,38,42,53],"is_endless":false,"potions_floor_spawned":[6,9,15,20,21,27,29,32,37,40,45,48,52],"ascension_level":3}}