{"host":"fkig9nrckec4xsh0","time":1613176415,"event":{"mods":["Act Like it!","BaseMod","Colored Map","Gensokyo","Hermit","Marisa????????","Minty Spire (QoL Compilation)","Quick Restart","Replay The Spire","StSLib"],"gold_per_floor":[118,118,135,188,188,217,227,227,227],"floor_reached":8,"language":"ENG","playtime":294,"items_purged":[],"score":117,"play_id":"46ae43c7-9ac4-4e54-8178-3ed286f9e9b4","local_time":"20210212193335","is_ascension_mode":true,"campfire_choices":[],"circlet_count":0,"master_deck":["AscendersBane","Strike_B","Strike_B","Strike_B","Strike_B","Defend_B","Defend_B","Defend_B","Defend_B","Zap","Dualcast","Steam Power","Streamline+1","Coolheaded","Double Energy"],"relics":["Cracked Core","NeowsBlessing","Happy Flower","Ornamental Fan","Gensokyo:OccultBall","Replay:Bottled Eggs"],"acts_visited":["Exordium"],"potions_floor_usage":[],"damage_taken":[{"damage":0,"enemies":"Gensokyo:Python","floor":1,"turns":1},{"damage":0,"enemies":"Gensokyo:2_Kodama","floor":3,"turns":1},{"damage":0,"enemies":"Gensokyo:Aya","floor":6,"turns":1},{"damage":15,"enemies":"Gensokyo:3_Fairies","floor":7,"turns":4},{"damage":0,"enemies":"Gensokyo:Cirno","floor":8,"turns":1}],"seed_played":"5398862720482622742","potions_obtained":[{"floor":6,"key":"Strength Potion"},{"floor":7,"key":"Languid Potion"}],"is_trial":false,"path_per_floor":["M","?","M","?","?","E","M","E"],"character_chosen":"DEFECT","items_purchased":[],"campfire_rested":0,"item_purchase_floors":[],"current_hp_per_floor":[68,68,68,68,68,68,53,53,53],"gold":227,"neow_bonus":"THREE_ENEMY_KILL","is_daily":false,"chose_seed":false,"campfire_upgraded":0,"win_rate":0.0,"timestamp":1613176415,"path_taken":["M","?","M","?","?","E","?","E"],"items_purchased_type":[],"build_version":"2020-12-22","purchased_purges":0,"victory":false,"max_hp_per_floor":[75,75,75,75,75,75,75,75,75],"card_choices":[{"not_picked":["Beam Cell","Reprogram"],"picked":"Gash","floor":1},{"not_picked":["Rebound","Blizzard"],"picked":"Lockon","floor":3},{"not_picked":["Leap","Conserve Battery"],"picked":"Steam Power","floor":4},{"not_picked":["Hologram","Coolheaded"],"picked":"Streamline","floor":4},{"not_picked":["Turbo","Panic Button"],"picked":"Coolheaded","floor":6},{"not_picked":["Compile Driver","Sweeping Beam"],"picked":"Double Energy","floor":7}],"player_experience":431754,"relics_obtained":[{"floor":4,"key":"Ornamental Fan"},{"floor":6,"key":"Gensokyo:OccultBall"},{"floor":6,"key":"Replay:Bottled Eggs"}],"event_choices":[],"is_beta":false,"boss_relics":[],"items_purged_floors":[],"is_endless":false,"potions_floor_spawned":[6,7],"killed_by":"Gensokyo:Cirno","ascension_level":10}}