{"host":"vflj39ie5n27t074","time":1613177057,"event":{"mods":["BaseMod","BetterRewards","Bossed Relics","Colored Map","Colored Powertips","Downfall","Hubris","Infinite Spire","Marisa????????","Minty Spire (QoL Compilation)","Replay The Spire","SIMod","StSLib","The Bug Knight","The Jungle","The Mystic","The Servant 0.9.4"],"gold_per_floor":[114,114,114,38,38,38,38],"floor_reached":6,"language":"ENG","playtime":248,"items_purged":[],"score":32,"play_id":"5b131961-0567-4337-b1f2-cf79f0218071","local_time":"20210212184417","is_ascension_mode":false,"campfire_choices":[],"circlet_count":0,"master_deck":["Strike_AJ","Strike_TS","Strike_RR","Strike_RD","Defend_PP","Defend_FS","Defend_AJ","ConcertedEfforts","HarmonyShield","PartyTime","FollowTherRainbow","BehindTheScene+1","TasteRainbow","HollowMod:QuickDashStart"],"relics":["The_element_of_harmony","Blood Vial"],"acts_visited":["Exordium"],"potions_floor_usage":[],"damage_taken":[{"damage":3,"enemies":"Jaw Worm","floor":1,"turns":5},{"damage":79,"enemies":"Gremlin Nob","floor":6,"turns":6}],"seed_played":"8198072917234223690","potions_obtained":[{"floor":1,"key":"SteroidPotion"}],"is_trial":false,"path_per_floor":["M","?","?","$","?","E"],"character_chosen":"TWI_CLASS","items_purchased":["TasteRainbow"],"campfire_rested":0,"item_purchase_floors":[4],"current_hp_per_floor":[79,79,76,76,76,0,0],"gold":38,"neow_bonus":"THREE_CARDS","is_daily":false,"chose_seed":false,"campfire_upgraded":0,"win_rate":0.0,"timestamp":1613177057,"path_taken":["M","?","?","$","?","E"],"items_purchased_type":["Card"],"build_version":"2020-12-22","purchased_purges":0,"victory":false,"max_hp_per_floor":[82,82,82,82,82,82,82],"card_choices":[{"not_picked":["Laughter","DynamicVision"],"picked":"Yay","floor":0},{"not_picked":["TenInstruments"],"picked":"PartyTime","floor":1},{"not_picked":["Tornado"],"picked":"FollowTherRainbow","floor":1}],"player_experience":141048,"relics_obtained":[],"event_choices":[{"damage_healed":0,"gold_gain":0,"player_choice":"Success","damage_taken":3,"relics_obtained":["Blood Vial"],"max_hp_gain":0,"max_hp_loss":0,"event_name":"Scrap Ooze","floor":3,"gold_loss":0},{"cards_removed":["Defend_TS"],"damage_healed":0,"gold_gain":0,"player_choice":"Took Card","damage_taken":0,"max_hp_gain":0,"max_hp_loss":0,"event_name":"NoteForYourself","floor":5,"gold_loss":0,"cards_obtained":["HollowMod:QuickDashStart"]}],"is_beta":false,"boss_relics":[],"items_purged_floors":[],"is_endless":false,"potions_floor_spawned":[1],"killed_by":"Gremlin Nob","ascension_level":0}}