{"host":"fnlf8nl5agtxb8g8","time":1613214565,"event":{"mods":["Act Like it!","BaseMod","Better Altar","Better Match","Better Note","Better Sensory Stone","Better Skull","Better Third Choice","Better Vampires","Minty Spire (QoL Compilation)","Quick Restart","Rare Cards Sparkle","StSLib","The Jungle","The Senshi"],"gold_per_floor":[111,111,286,286,306,306,341,341,366,382,393,425,375,375,375],"floor_reached":14,"language":"ENG","playtime":457,"items_purged":[],"score":118,"play_id":"60da1221-b0d5-4d9c-a045-9789d685d1f6","local_time":"20210213050925","is_ascension_mode":true,"campfire_choices":[{"data":"theSenshi:SailorKick","floor":6.0,"key":"SMITH"}],"circlet_count":0,"master_deck":["theSenshi:SailorKick+1","theSenshi:SailorKick","theSenshi:SailorKick","theSenshi:SailorKick","theSenshi:SailorBlock","theSenshi:SailorBlock","theSenshi:SailorBlock","theSenshi:SailorBlock","theSenshi:RoseThrow","theSenshi:MoonPrismPowerMakeUp","theSenshi:LunaSensingAllies","theSenshi:MoonPunch+1","theSenshi:MercurysCunning+1"],"relics":["Philosopher\u0027s Stone","Molten Egg 2","Toy Ornithopter","Orichalcum","StrikeDummy"],"acts_visited":["Exordium"],"potions_floor_usage":[],"damage_taken":[{"damage":0.0,"enemies":"Small Slimes","floor":1.0,"turns":4.0},{"damage":3.0,"enemies":"Jaw Worm","floor":5.0,"turns":3.0},{"damage":28.0,"enemies":"Gremlin Nob","floor":7.0,"turns":4.0},{"damage":5.0,"enemies":"2 Louse","floor":10.0,"turns":2.0},{"damage":6.0,"enemies":"Looter","floor":11.0,"turns":4.0},{"damage":20.0,"enemies":"Lagavulin","floor":12.0,"turns":6.0},{"damage":15,"enemies":"3 Sentries","floor":14,"turns":4}],"seed_played":"2464249069168118624","potions_obtained":[{"floor":7.0,"key":"Energy Potion"},{"floor":11.0,"key":"BlessingOfTheForge"}],"is_trial":false,"path_per_floor":["M","?","?","?","M","R","E","?","T","M","M","E","?","E"],"character_chosen":"THE_SENSHI","items_purchased":[],"campfire_rested":0,"item_purchase_floors":[],"current_hp_per_floor":[75,75,75,68,65,65,37,34,34,29,23,13,13,0,0],"gold":375,"neow_bonus":"BOSS_RELIC","is_daily":false,"chose_seed":false,"campfire_upgraded":1,"win_rate":0.0,"timestamp":1613214565,"path_taken":["M","?","?","?","M","R","E","?","T","M","M","E","?","E"],"items_purchased_type":[],"build_version":"2020-12-22","purchased_purges":0,"victory":false,"max_hp_per_floor":[75,75,75,75,75,75,75,75,75,75,75,75,75,75,75],"card_choices":[{"not_picked":["theSenshi:SailorChibiMoonAssists","theSenshi:MoonPrincessHalation","theSenshi:MoonTiaraMagic"],"picked":"SKIP","floor":1.0},{"not_picked":["theSenshi:MoonKick","theSenshi:LunasBite","theSenshi:SailorNeptuneAssists"],"picked":"SKIP","floor":5.0},{"not_picked":["theSenshi:SailorV","theSenshi:EncouragingSpeech"],"picked":"theSenshi:LunaSensingAllies","floor":7.0},{"not_picked":["theSenshi:MoonsReflection","theSenshi:SchoolBag"],"picked":"theSenshi:MoonPunch+1","floor":10.0},{"not_picked":["theSenshi:MarsPride","theSenshi:YouCanTalk","theSenshi:TallSilhouette"],"picked":"SKIP","floor":11.0},{"not_picked":["theSenshi:SupersonicWaves+1","theSenshi:UranusStrength"],"picked":"theSenshi:MercurysCunning+1","floor":12.0}],"player_experience":823195,"relics_obtained":[{"floor":7.0,"key":"Molten Egg 2"},{"floor":9.0,"key":"Orichalcum"},{"floor":12.0,"key":"StrikeDummy"}],"event_choices":[{"damage_healed":75.0,"max_hp_gain":0.0,"max_hp_loss":75.0,"gold_gain":0.0,"event_name":"betterThird:BetterShining","player_choice":"Embrace Burn","floor":2.0,"gold_loss":0.0,"damage_taken":0.0},{"damage_healed":0.0,"max_hp_gain":0.0,"max_hp_loss":0.0,"gold_gain":175.0,"event_name":"betterThird:BetterSerpent","player_choice":"AGREE","floor":3.0,"gold_loss":0.0,"damage_taken":111.0},{"cards_removed":["Doubt"],"damage_healed":0.0,"max_hp_gain":0.0,"max_hp_loss":0.0,"gold_gain":0.0,"event_name":"Golden Wing","player_choice":"Card Removal","floor":4.0,"gold_loss":0.0,"damage_taken":7.0},{"damage_healed":0.0,"max_hp_gain":0.0,"max_hp_loss":0.0,"gold_gain":0.0,"event_name":"betterThird:BetterScrap","player_choice":"Relic ","floor":8.0,"gold_loss":0.0,"damage_taken":3.0,"cards_obtained":["Conclude"]},{"cards_removed":["Burn"],"damage_healed":0.0,"max_hp_gain":0.0,"max_hp_loss":0.0,"gold_gain":0.0,"event_name":"The Cleric","player_choice":"Card Removal","floor":13.0,"gold_loss":50.0,"damage_taken":0.0}],"is_beta":false,"boss_relics":[],"items_purged_floors":[],"is_endless":false,"potions_floor_spawned":[7,11],"killed_by":"3 Sentries","ascension_level":4}}