{"host":"bpnwh7vpv9k3tssc","time":1613253137,"event":{"mods":["BaseMod","Colored Map","Colored Powertips","Curses Come First","Highlight Path","Minty Spire (QoL Compilation)","Quick Restart","Random Character Button","Relic Sorter","StSLib"],"gold_per_floor":[116,116,130,130,130,160,160,177,204,19,19,0,33,53,53,158,158,176,146,146],"floor_reached":19,"language":"ENG","playtime":647,"items_purged":[],"score":254,"play_id":"14d9fd4d-4b68-4aba-b44a-852d29576470","local_time":"20210213225217","is_ascension_mode":true,"campfire_choices":[{"floor":7,"key":"REST"},{"floor":15,"key":"REST"}],"circlet_count":0,"master_deck":["Zap","Dualcast+1","Heatsinks","Loop","Steam","White Noise","Defragment","Parasite","Beam Cell","Defragment","Amplify","Go for the Eyes","Meteor Strike","Amplify","Biased Cognition","Lockon","Undo","Sunder","Chaos"],"relics":["Sozu","Pen Nib","Ancient Tea Set","Art of War","Bag of Marbles","Pandora\u0027s Box"],"acts_visited":["Exordium","TheCity"],"potions_floor_usage":[],"damage_taken":[{"damage":2,"enemies":"2 Louse","floor":1,"turns":3},{"damage":3,"enemies":"Jaw Worm","floor":3,"turns":4},{"damage":44,"enemies":"3 Sentries","floor":6,"turns":10},{"damage":5,"enemies":"Small Slimes","floor":8,"turns":4},{"damage":23,"enemies":"Gremlin Nob","floor":13,"turns":5},{"damage":10,"enemies":"2 Fungi Beasts","floor":14,"turns":4},{"damage":25,"enemies":"Hexaghost","floor":16,"turns":13},{"damage":47,"enemies":"3 Byrds","floor":18,"turns":6},{"damage":16,"enemies":"2 Thieves","floor":19,"turns":1}],"seed_played":"8075969156633236282","potions_obtained":[],"is_trial":false,"path_per_floor":["M","?","M","?","?","E","R","M","T","$","?","?","E","M","R","B",null,"M","M"],"character_chosen":"DEFECT","items_purchased":["Defragment","Art of War"],"campfire_rested":2,"item_purchase_floors":[10,10],"current_hp_per_floor":[66,71,68,61,45,1,25,20,20,20,40,40,17,7,31,6,62,15,0,0],"gold":146,"neow_bonus":"BOSS_RELIC","is_daily":false,"chose_seed":false,"campfire_upgraded":0,"win_rate":0.0,"timestamp":1613253137,"path_taken":["M","?","M","?","?","E","R","M","T","$","?","?","E","M","R","BOSS","M","M"],"items_purchased_type":["Card","Relic"],"build_version":"2020-12-22","purchased_purges":0,"victory":false,"max_hp_per_floor":[75,80,80,80,80,80,80,80,80,80,80,80,80,80,80,80,80,80,80,80],"card_choices":[{"not_picked":["Redo","Stack"],"picked":"Heatsinks","floor":1},{"not_picked":["Sweeping Beam","Beam Cell"],"picked":"Loop","floor":3},{"not_picked":["Compile Driver","Meteor Strike"],"picked":"Steam","floor":6},{"not_picked":["Rip and Tear","Consume"],"picked":"White Noise","floor":8},{"not_picked":["Auto Shields","Gash"],"picked":"Beam Cell","floor":13},{"not_picked":["Redo","Gash"],"picked":"Defragment","floor":14},{"not_picked":["Reboot","Seek"],"picked":"Amplify","floor":16},{"not_picked":["Streamline","Sweeping Beam"],"picked":"Chaos","floor":18}],"player_experience":380409,"relics_obtained":[{"floor":6,"key":"Pen Nib"},{"floor":9,"key":"Ancient Tea Set"},{"floor":13,"key":"Bag of Marbles"}],"event_choices":[{"damage_healed":0,"gold_gain":0,"player_choice":"Donut","damage_taken":0,"max_hp_gain":5,"max_hp_loss":0,"event_name":"Big Fish","floor":2,"gold_loss":0},{"cards_removed":["Strike_B"],"damage_healed":0,"gold_gain":0,"player_choice":"Card Removal","damage_taken":7,"max_hp_gain":0,"max_hp_loss":0,"event_name":"Golden Wing","floor":4,"gold_loss":0},{"damage_healed":0,"gold_gain":0,"player_choice":"Entered Light","damage_taken":16,"max_hp_gain":0,"max_hp_loss":0,"event_name":"Shining Light","floor":5,"gold_loss":0,"cards_upgraded":["Defend_B","Dualcast"]},{"damage_healed":20,"gold_gain":0,"player_choice":"Healed and dodged fight","damage_taken":0,"max_hp_gain":0,"max_hp_loss":0,"event_name":"Mushrooms","floor":11,"gold_loss":0,"cards_obtained":["Parasite"]},{"damage_healed":0,"gold_gain":0,"player_choice":"Left Gold","damage_taken":0,"max_hp_gain":0,"max_hp_loss":0,"event_name":"World of Goop","floor":12,"gold_loss":19}],"is_beta":false,"boss_relics":[{"not_picked":["Velvet Choker","Fusion Hammer"],"picked":"Pandora\u0027s Box"}],"items_purged_floors":[],"is_endless":false,"potions_floor_spawned":[3,6,13,16],"killed_by":"2 Thieves","ascension_level":9}}