{"host":"pj7egx7jkoz18hom","time":1613216462,"event":{"mods":["AchievementEnabler","BaseMod","Keyboard Shortcuts","Minty Spire (QoL Compilation)","SuperFastMode"],"gold_per_floor":[111,186,27,47,58,85,96,96,96,96,127,127,142,155,155,260,260,273,51,51,51,105,136,136,150,177,194,194,222,234,246,258,369,381,408,400,8,0,24,54,54,54,54,71,71,121,133,158,158,158],"floor_reached":51,"language":"KOR","playtime":5785,"items_purged":["Strike_R"],"score":999,"play_id":"cfce46fa-8de0-4e1c-ab15-eab394ee3226","local_time":"20210213204102","is_ascension_mode":true,"campfire_choices":[{"floor":8,"key":"REST"},{"data":"Demon Form","floor":10,"key":"SMITH"},{"floor":15,"key":"REST"},{"data":"Corruption","floor":24,"key":"SMITH"},{"data":"Double Tap","floor":30,"key":"SMITH"},{"data":"Limit Break","floor":32,"key":"SMITH"},{"floor":49,"key":"REST"}],"circlet_count":0,"master_deck":["Strike_R+1","Strike_R+1","Strike_R+1","Strike_R+1","Defend_R+1","Defend_R+1","Defend_R+1","Defend_R+1","Bash+1","Flex+1","Demon Form+1","Pommel Strike+1","Pummel+1","Heavy Blade+1","Double Tap+1","CurseOfTheBell","Shrug It Off+1","Fire Breathing+1","Spot Weakness+1","Corruption+1","Dual Wield+1","Inflame+1","True Grit+1","Flame Barrier+1","Limit Break+1","Dramatic Entrance+1"],"relics":["Black Blood","Thread and Needle","Eternal Feather","Mercury Hourglass","MealTicket","Calling Bell","Tiny Chest","Mummified Hand","Dead Branch","Orrery","MutagenicStrength","Juzu Bracelet","PreservedInsect","Lantern","Molten Egg 2","MawBank","ClockworkSouvenir","Ornamental Fan","Red Mask","Oddly Smooth Stone","Kunai","Mark of the Bloom","Shuriken","Orichalcum","TungstenRod"],"acts_visited":["Exordium","TheCity","TheBeyond"],"potions_floor_usage":[13,16,16,27,33,50,50],"damage_taken":[{"damage":2,"enemies":"2 Louse","floor":1,"turns":3},{"damage":12,"enemies":"Jaw Worm","floor":4,"turns":3},{"damage":0,"enemies":"Cultist","floor":5,"turns":2},{"damage":57,"enemies":"3 Sentries","floor":6,"turns":9},{"damage":10,"enemies":"Looter","floor":7,"turns":3},{"damage":40,"enemies":"Lagavulin","floor":11,"turns":7},{"damage":0,"enemies":"3 Louse","floor":13,"turns":1},{"damage":0,"enemies":"Blue Slaver","floor":14,"turns":3},{"damage":31,"enemies":"Hexaghost","floor":16,"turns":7},{"damage":44,"enemies":"Shell Parasite","floor":18,"turns":6},{"damage":18,"enemies":"Slavers","floor":23,"turns":3},{"damage":8,"enemies":"Spheric Guardian","floor":25,"turns":3},{"damage":7,"enemies":"Centurion and Healer","floor":27,"turns":4},{"damage":1,"enemies":"Book of Stabbing","floor":29,"turns":3},{"damage":16,"enemies":"Automaton","floor":33,"turns":4},{"damage":0,"enemies":"3 Shapes","floor":35,"turns":3},{"damage":2,"enemies":"Nemesis","floor":40,"turns":3},{"damage":0,"enemies":"3 Darklings","floor":44,"turns":5},{"damage":1,"enemies":"Sphere and 2 Shapes","floor":47,"turns":3},{"damage":21,"enemies":"Reptomancer","floor":48,"turns":3},{"damage":31,"enemies":"Time Eater","floor":50,"turns":5}],"seed_played":"-8374069506321203323","potions_obtained":[{"floor":6,"key":"Explosive Potion"},{"floor":11,"key":"SkillPotion"},{"floor":14,"key":"SteroidPotion"},{"floor":16,"key":"Dexterity Potion"},{"floor":23,"key":"HeartOfIron"},{"floor":25,"key":"CultistPotion"},{"floor":36,"key":"SneckoOil"},{"floor":44,"key":"BlessingOfTheForge"}],"is_trial":false,"path_per_floor":["M","?","$","M","M","E","M","R","T","R","E","T","M","M","R","B",null,"M","$","?","?","T","E","R","M","T","M","T","E","R","?","R","B",null,"M","?","$","?","T","E","?","?","T","M","$","T","M","E","R","B",null],"character_chosen":"IRONCLAD","items_purchased":["Demon Form","Orrery","ClockworkSouvenir","Ornamental Fan"],"campfire_rested":3,"item_purchase_floors":[3,19,37,37],"current_hp_per_floor":[80,69,69,63,69,18,14,38,38,47,13,13,19,25,58,33,80,42,57,57,57,57,45,57,55,55,54,54,59,71,71,80,70,80,80,80,80,80,80,80,80,80,80,80,80,80,79,58,58,27],"gold":158,"neow_bonus":"UPGRADE_CARD","is_daily":false,"chose_seed":false,"campfire_upgraded":4,"win_rate":0.0,"timestamp":1613216462,"path_taken":["M","?","$","M","M","E","M","R","T","R","E","?","M","?","R","BOSS","M","$","?","?","?","E","R","M","T","M","?","E","R","?","R","BOSS","M","?","$","?","?","E","?","?","T","M","?","?","M","E","R","BOSS"],"items_purchased_type":["Card","Relic","Relic","Relic"],"build_version":"2020-12-22","purchased_purges":1,"victory":true,"max_hp_per_floor":[80,80,80,80,80,80,80,80,80,80,80,80,80,80,80,80,80,80,80,80,80,80,80,80,80,80,80,80,80,80,80,80,80,80,80,80,80,80,80,80,80,80,80,80,80,80,80,80,80,80],"card_choices":[{"not_picked":["Headbutt","Reckless Charge"],"picked":"Flex","floor":1},{"not_picked":["Flex","Intimidate"],"picked":"Pommel Strike","floor":4},{"not_picked":["Dual Wield","Whirlwind"],"picked":"Pummel","floor":5},{"not_picked":["Second Wind","Sentinel"],"picked":"Heavy Blade","floor":6},{"not_picked":["Clash","Hemokinesis","Warcry"],"picked":"SKIP","floor":7},{"not_picked":["Dropkick","Evolve","Dual Wield"],"picked":"SKIP","floor":11},{"not_picked":["Thunderclap","Clash","Clothesline"],"picked":"SKIP","floor":13},{"not_picked":["Warcry","Rupture","Havoc"],"picked":"SKIP","floor":14},{"not_picked":["Demon Form","Bludgeon"],"picked":"Double Tap","floor":16},{"not_picked":["Havoc","Perfected Strike"],"picked":"Shrug It Off","floor":18},{"not_picked":["Iron Wave","Anger"],"picked":"Fire Breathing","floor":19},{"not_picked":["Flex","Shockwave+1"],"picked":"Spot Weakness+1","floor":19},{"not_picked":["Ghostly Armor","Armaments"],"picked":"Corruption","floor":19},{"not_picked":["Pommel Strike","Clothesline"],"picked":"Dual Wield","floor":19},{"not_picked":["Clash","Sword Boomerang+1"],"picked":"True Grit+1","floor":23},{"not_picked":["Havoc+1","Wild Strike+1","Evolve"],"picked":"SKIP","floor":25},{"not_picked":["Shrug It Off","True Grit","Uppercut"],"picked":"SKIP","floor":27},{"not_picked":["Shrug It Off","Disarm"],"picked":"Flame Barrier+1","floor":29},{"not_picked":["Clash+1","Flex","Wild Strike+1"],"picked":"SKIP","floor":35},{"not_picked":["Havoc","Body Slam+1","Clothesline+1"],"picked":"SKIP","floor":40},{"not_picked":["Impatience","Mayhem"],"picked":"Dramatic Entrance+1","floor":42},{"not_picked":["Hemokinesis+1","Blood for Blood+1","True Grit"],"picked":"SKIP","floor":44},{"not_picked":["Thunderclap+1","Flex","Armaments"],"picked":"SKIP","floor":47},{"not_picked":["Havoc","Offering","Searing Blow+1"],"picked":"SKIP","floor":48}],"player_experience":35837,"relics_obtained":[{"floor":6,"key":"Thread and Needle"},{"floor":9,"key":"Eternal Feather"},{"floor":11,"key":"Mercury Hourglass"},{"floor":12,"key":"MealTicket"},{"floor":17,"key":"Tiny Chest"},{"floor":17,"key":"Mummified Hand"},{"floor":17,"key":"Dead Branch"},{"floor":22,"key":"Juzu Bracelet"},{"floor":23,"key":"PreservedInsect"},{"floor":26,"key":"Lantern"},{"floor":28,"key":"Molten Egg 2"},{"floor":29,"key":"MawBank"},{"floor":39,"key":"Oddly Smooth Stone"},{"floor":40,"key":"Kunai"},{"floor":43,"key":"Shuriken"},{"floor":46,"key":"Orichalcum"},{"floor":48,"key":"TungstenRod"}],"event_choices":[{"damage_healed":0,"gold_gain":75,"player_choice":"Gather Gold","damage_taken":11,"max_hp_gain":0,"max_hp_loss":0,"event_name":"World of Goop","floor":2,"gold_loss":0},{"damage_healed":0,"gold_gain":0,"player_choice":"Read","damage_taken":0,"max_hp_gain":0,"max_hp_loss":0,"event_name":"The Library","floor":20,"gold_loss":0,"cards_obtained":["Inflame"]},{"damage_healed":0,"gold_gain":0,"player_choice":"Inject Mutagens","damage_taken":0,"relics_obtained":["MutagenicStrength"],"max_hp_gain":0,"max_hp_loss":0,"event_name":"Drug Dealer","floor":21,"gold_loss":0},{"damage_healed":0,"gold_gain":0,"player_choice":"1 cards matched","damage_taken":0,"max_hp_gain":0,"max_hp_loss":0,"event_name":"Match and Keep!","floor":31,"gold_loss":0,"cards_obtained":["Limit Break"]},{"damage_healed":0,"gold_gain":0,"player_choice":"Bought 1 Potion","damage_taken":0,"max_hp_gain":0,"max_hp_loss":0,"event_name":"The Woman in Blue","floor":36,"gold_loss":0},{"damage_healed":0,"gold_gain":0,"player_choice":"Paid","damage_taken":0,"relics_obtained":["Red Mask"],"max_hp_gain":0,"max_hp_loss":0,"event_name":"Tomb of Lord Red Mask","floor":38,"gold_loss":8},{"damage_healed":0,"gold_gain":0,"player_choice":"Upgrade","damage_taken":0,"relics_obtained":["Mark of the Bloom"],"max_hp_gain":0,"max_hp_loss":0,"event_name":"MindBloom","floor":41,"gold_loss":0,"cards_upgraded":["Strike_R","Strike_R","Strike_R","Strike_R","Defend_R","Defend_R","Defend_R","Defend_R","Flex","Pommel Strike","Pummel","Heavy Blade","Shrug It Off","Fire Breathing","Dual Wield","Inflame"]},{"damage_healed":0,"gold_gain":0,"player_choice":"Memory 1","damage_taken":0,"max_hp_gain":0,"max_hp_loss":0,"event_name":"SensoryStone","floor":42,"gold_loss":0}],"is_beta":false,"boss_relics":[{"not_picked":["Fusion Hammer","Busted Crown"],"picked":"Calling Bell"},{"not_picked":["Snecko Eye","Runic Pyramid"],"picked":"Black Blood"}],"items_purged_floors":[19],"is_endless":false,"potions_floor_spawned":[6,11,14,16,23,25,44],"ascension_level":2}}