{"host":"lly094a91h6n5nv5","time":1613211030,"event":{"mods":["AchievementEnabler","BaseMod","Block Reminder","Colored Map","Minty Spire (QoL Compilation)"],"gold_per_floor":[109,184,24,38,78,78,143,143,170,196,201,201,260,335,335,470,470,490,490,109,154,154,154,219,263,263,37,37,37,84,126,126,257,257,305,350,350,350,350,350,409,37,37,79,79,142,155,167,167,167],"floor_reached":51,"language":"ENG","playtime":5688,"items_purged":["Prostrate","Alpha"],"score":1185,"play_id":"89274786-f6cc-453b-91a1-53e43c1d6c6c","local_time":"20210213041030","is_ascension_mode":true,"campfire_choices":[{"data":"Wish","floor":6.0,"key":"SMITH"},{"data":"Eruption","floor":8.0,"key":"SMITH"},{"floor":15.0,"key":"REST"},{"data":"TalkToTheHand","floor":23.0,"key":"SMITH"},{"data":"Adaptation","floor":28.0,"key":"SMITH"},{"data":"Wallop","floor":32.0,"key":"SMITH"},{"data":"Blind","floor":40.0,"key":"SMITH"},{"floor":49,"key":"REST"}],"circlet_count":0,"master_deck":["Eruption+1","Vigilance+1","Protect","WheelKick+1","CutThroughFate","Wireheading+1","Wish+1","ThirdEye","Indignation","LikeWater+1","ClearTheMind+1","Sanctity+1","Weave+1","LessonLearned","SashWhip+1","CutThroughFate+1","Wallop+1","TalkToTheHand+1","Halt+1","ThirdEye+1","Adaptation+1","Halt+1","EmptyMind+1","EmptyBody","SpiritShield","InnerPeace","Blind+1","LikeWater","Crescendo+1","MentalFortress"],"relics":["Runic Dome","Juzu Bracelet","Bag of Preparation","Happy Flower","Strawberry","Pandora\u0027s Box","FossilizedHelix","Tiny Chest","Pear","MutagenicStrength","Philosopher\u0027s Stone","Gambling Chip","TheAbacus","StrikeDummy","Letter Opener","Ornamental Fan"],"acts_visited":["Exordium","TheCity","TheBeyond"],"potions_floor_usage":[50,50],"damage_taken":[{"damage":0.0,"enemies":"2 Louse","floor":1.0,"turns":3.0},{"damage":5.0,"enemies":"Cultist","floor":4.0,"turns":4.0},{"damage":12.0,"enemies":"Small Slimes","floor":5.0,"turns":4.0},{"damage":10.0,"enemies":"3 Sentries","floor":7.0,"turns":8.0},{"damage":0.0,"enemies":"Lagavulin","floor":10.0,"turns":3.0},{"damage":25.0,"enemies":"Exordium Thugs","floor":11.0,"turns":5.0},{"damage":0.0,"enemies":"3 Sentries","floor":13.0,"turns":14.0},{"damage":21.0,"enemies":"Hexaghost","floor":16.0,"turns":13.0},{"damage":2.0,"enemies":"Shell Parasite","floor":18.0,"turns":4.0},{"damage":36.0,"enemies":"2 Thieves","floor":21.0,"turns":4.0},{"damage":16.0,"enemies":"Slavers","floor":24.0,"turns":7.0},{"damage":18.0,"enemies":"Snake Plant","floor":25.0,"turns":6.0},{"damage":0.0,"enemies":"Centurion and Healer","floor":30.0,"turns":7.0},{"damage":0.0,"enemies":"Snecko","floor":31.0,"turns":7.0},{"damage":11.0,"enemies":"Champ","floor":33.0,"turns":10.0},{"damage":4.0,"enemies":"3 Shapes","floor":35.0,"turns":5.0},{"damage":0.0,"enemies":"Orb Walker","floor":36.0,"turns":4.0},{"damage":0.0,"enemies":"Nemesis","floor":41.0,"turns":7.0},{"damage":29,"enemies":"Jaw Worm Horde","floor":44,"turns":7},{"damage":0,"enemies":"Giant Head","floor":46,"turns":9},{"damage":0,"enemies":"Maw","floor":47,"turns":10},{"damage":15,"enemies":"3 Darklings","floor":48,"turns":6},{"damage":23,"enemies":"Donu and Deca","floor":50,"turns":9}],"seed_played":"-4042795175594080113","potions_obtained":[{"floor":5.0,"key":"Ambrosia"},{"floor":10.0,"key":"Ancient Potion"},{"floor":11.0,"key":"StancePotion"},{"floor":21.0,"key":"Regen Potion"},{"floor":25.0,"key":"StancePotion"},{"floor":30.0,"key":"Swift Potion"},{"floor":36.0,"key":"DistilledChaos"},{"floor":44,"key":"FairyPotion"}],"is_trial":false,"path_per_floor":["M","?","$","M","M","R","E","R","T","E","M","?","E","?","R","B",null,"M","?","$","M","?","R","E","M","T","$","R","?","M","M","R","B",null,"M","M","?","?","$","R","E","$","T","M","T","E","M","M","R","B",null],"character_chosen":"WATCHER","items_purchased":["WheelKick","CutThroughFate","Wireheading","FossilizedHelix","Adaptation","Halt","LikeWater","TheAbacus","Fruit Juice","Dexterity Potion"],"campfire_rested":2,"item_purchase_floors":[3,3,3,20,27,27,42,42,42,42],"current_hp_per_floor":[65,58,58,53,41,41,31,31,31,31,6,6,13,2,25,4,60,58,89,89,53,53,53,51,33,43,43,43,43,43,43,43,32,82,78,78,73,73,73,73,73,78,78,49,49,49,49,34,65,42],"gold":167,"neow_bonus":"BOSS_RELIC","is_daily":false,"chose_seed":false,"campfire_upgraded":6,"win_rate":0.0,"timestamp":1613211030,"path_taken":["M","?","$","M","?","R","E","R","T","E","M","?","E","?","R","BOSS","M","?","?","M","?","R","E","M","T","$","R","?","M","M","R","BOSS","M","M","?","?","$","R","E","$","T","M","?","E","M","M","R","BOSS"],"items_purchased_type":["Card","Card","Card","Relic","Card","Card","Card","Relic","Potion","Potion"],"build_version":"2020-12-22","purchased_purges":2,"victory":true,"max_hp_per_floor":[72,72,72,72,72,72,72,72,72,72,72,72,79,79,79,79,79,79,89,89,89,89,89,89,89,99,99,99,99,99,99,99,99,99,99,99,99,99,99,99,99,104,104,104,104,104,104,104,104,104],"card_choices":[{"not_picked":["EmptyBody","FollowUp"],"picked":"Protect","floor":1.0},{"not_picked":["BowlingBash","Prostrate"],"picked":"Wish","floor":4.0},{"not_picked":["EmptyFist","Conclude"],"picked":"ThirdEye","floor":5.0},{"not_picked":["SashWhip","JustLucky","WindmillStrike"],"picked":"SKIP","floor":7.0},{"not_picked":["Wallop","Crescendo"],"picked":"Indignation","floor":10.0},{"not_picked":["FlurryOfBlows","Crescendo"],"picked":"LikeWater","floor":11.0},{"not_picked":["CrushJoints","FlyingSleeves"],"picked":"ClearTheMind","floor":13.0},{"not_picked":["DeusExMachina","Scrawl"],"picked":"Alpha","floor":16.0},{"not_picked":["CutThroughFate+1","Conclude","ClearTheMind"],"picked":"SKIP","floor":18.0},{"not_picked":["FlyingSleeves","ClearTheMind"],"picked":"TalkToTheHand","floor":21.0},{"not_picked":["Study","EmptyMind"],"picked":"ThirdEye","floor":24.0},{"not_picked":["FollowUp","FlyingSleeves+1","PathToVictory"],"picked":"SKIP","floor":25.0},{"not_picked":["Crescendo","ThirdEye"],"picked":"EmptyMind+1","floor":30.0},{"not_picked":["ReachHeaven","CrushJoints+1"],"picked":"EmptyBody","floor":31.0},{"not_picked":["Brilliance","Ragnarok"],"picked":"SpiritShield","floor":33.0},{"not_picked":["JustLucky+1","EmptyBody","WindmillStrike"],"picked":"SKIP","floor":35.0},{"not_picked":["BowlingBash+1","EmptyFist+1"],"picked":"InnerPeace","floor":36.0},{"not_picked":["Finesse","Flash of Steel"],"picked":"Blind","floor":37.0},{"not_picked":["ClearTheMind","Halt+1","DeusExMachina"],"picked":"SKIP","floor":41.0},{"not_picked":["FollowUp","EmptyMind"],"picked":"Crescendo+1","floor":44},{"not_picked":["WaveOfTheHand","Pray","ThirdEye+1"],"picked":"SKIP","floor":46},{"not_picked":["PathToVictory","CutThroughFate"],"picked":"MentalFortress","floor":47},{"not_picked":["ReachHeaven","CrushJoints","WindmillStrike"],"picked":"SKIP","floor":48}],"player_experience":212750,"relics_obtained":[{"floor":7.0,"key":"Juzu Bracelet"},{"floor":9.0,"key":"Bag of Preparation"},{"floor":10.0,"key":"Happy Flower"},{"floor":13.0,"key":"Strawberry"},{"floor":24.0,"key":"Tiny Chest"},{"floor":26.0,"key":"Pear"},{"floor":41.0,"key":"Gambling Chip"},{"floor":43.0,"key":"StrikeDummy"},{"floor":45,"key":"Letter Opener"},{"floor":46,"key":"Ornamental Fan"}],"event_choices":[{"damage_healed":0.0,"max_hp_gain":0.0,"max_hp_loss":0.0,"gold_gain":75.0,"event_name":"FaceTrader","player_choice":"Touch","floor":2.0,"gold_loss":0.0,"damage_taken":7.0},{"damage_healed":0.0,"max_hp_gain":0.0,"max_hp_loss":0.0,"gold_gain":0.0,"event_name":"Living Wall","player_choice":"Grow","floor":12.0,"gold_loss":0.0,"damage_taken":0.0,"cards_upgraded":["LikeWater"]},{"damage_healed":0.0,"max_hp_gain":0.0,"max_hp_loss":0.0,"gold_gain":75.0,"event_name":"World of Goop","player_choice":"Gather Gold","floor":14.0,"gold_loss":0.0,"damage_taken":11.0},{"cards_removed":["Brilliance"],"damage_healed":21.0,"max_hp_gain":10.0,"max_hp_loss":0.0,"gold_gain":0.0,"event_name":"Bonfire Elementals","player_choice":"Offered Rare","floor":19.0,"gold_loss":0.0,"damage_taken":0.0},{"damage_healed":0.0,"max_hp_gain":0.0,"max_hp_loss":0.0,"gold_gain":0.0,"event_name":"The Library","player_choice":"Read","floor":22.0,"gold_loss":0.0,"damage_taken":0.0,"cards_obtained":["Halt"]},{"damage_healed":0.0,"max_hp_gain":0.0,"max_hp_loss":0.0,"gold_gain":0.0,"event_name":"Drug Dealer","player_choice":"Inject Mutagens","floor":29.0,"gold_loss":0.0,"damage_taken":0.0,"relics_obtained":["MutagenicStrength"]},{"damage_healed":0.0,"max_hp_gain":0.0,"max_hp_loss":0.0,"gold_gain":0.0,"event_name":"SensoryStone","player_choice":"Memory 2","floor":37.0,"gold_loss":0.0,"damage_taken":5.0},{"damage_healed":0.0,"max_hp_gain":0.0,"max_hp_loss":0.0,"gold_gain":0.0,"event_name":"Tomb of Lord Red Mask","player_choice":"Ignored","floor":38.0,"gold_loss":0.0,"damage_taken":0.0}],"is_beta":false,"boss_relics":[{"not_picked":["Tiny House","Snecko Eye"],"picked":"Pandora\u0027s Box"},{"not_picked":["Velvet Choker","Calling Bell"],"picked":"Philosopher\u0027s Stone"}],"items_purged_floors":[20,27],"is_endless":false,"potions_floor_spawned":[5,10,11,21,25,30,36,44,48],"ascension_level":8}}