{"host":"cjhtzh7tp54jdfyv","time":1613210298,"event":{"mods":["AchievementEnabler","BaseMod","Colored Map","Colored Powertips","Curses Come First","DeckTracker","Minty Spire (QoL Compilation)","RNG Fix","Relic Sorter","Relic Stats","StSLib","UnlockEverythingMod","ojb\u0027s Better Paths Mod","ojb\u0027s Info Mod"],"gold_per_floor":[116,129,129,140,140,154,184,184,184,184,194,34,62,74,74,153,153,173,192,117,132,167,167,207,207,280,323,50,76,96,96,105,188,188,201,228,248,269,289,298,337,355,355,355,60,60,60],"floor_reached":46,"language":"ENG","playtime":4115,"items_purged":["Strike_R","Strike_R"],"score":1175,"play_id":"0a6509d2-74eb-43ac-a9d3-a38b5d597ad3","local_time":"20210213045818","is_ascension_mode":true,"campfire_choices":[{"data":"Bash","floor":8,"key":"SMITH"},{"data":"Clothesline","floor":10,"key":"SMITH"},{"data":"Offering","floor":15,"key":"SMITH"},{"floor":23,"key":"REST"},{"floor":25,"key":"RECALL"},{"floor":32,"key":"REST"},{"floor":40,"key":"REST"},{"floor":44,"key":"REST"}],"circlet_count":0,"master_deck":["AscendersBane","Strike_R","Strike_R","Defend_R","Defend_R","Defend_R","Defend_R","Bash+1","Twin Strike","Offering+1","Clothesline+1","Disarm","Headbutt+1","Fiend Fire+1","Anger+1","Pommel Strike+1","Iron Wave+1","Rampage+1","Pommel Strike+1","Exhume","Shrug It Off+1","Shrug It Off+1","Dropkick+1","Uppercut+1","Armaments+1","Feel No Pain","Brutality","Secret Technique","Dark Shackles","PanicButton","Dark Embrace","Burning Pact","Burning Pact","Dropkick+1","Madness","Madness"],"relics":["Burning Blood","Lizard Tail","Molten Egg 2","Orrery","PreservedInsect","Fusion Hammer","Red Mask","CeramicFish","Dream Catcher","Medical Kit","MutagenicStrength","Black Star","Unceasing Top","Lantern","Vajra","Membership Card","Sundial"],"acts_visited":["Exordium","TheCity","TheBeyond"],"potions_floor_usage":[7,21,35,38,39],"damage_taken":[{"damage":1,"enemies":"Cultist","floor":1,"turns":3},{"damage":7,"enemies":"Small Slimes","floor":2,"turns":4},{"damage":6,"enemies":"2 Louse","floor":4,"turns":4},{"damage":13,"enemies":"Looter","floor":6,"turns":4},{"damage":6,"enemies":"Gremlin Nob","floor":7,"turns":2},{"damage":9,"enemies":"Red Slaver","floor":11,"turns":5},{"damage":24,"enemies":"Lagavulin","floor":13,"turns":5},{"damage":7,"enemies":"Lots of Slimes","floor":14,"turns":3},{"damage":26,"enemies":"Hexaghost","floor":16,"turns":6},{"damage":8,"enemies":"3 Byrds","floor":18,"turns":5},{"damage":6,"enemies":"Spheric Guardian","floor":19,"turns":2},{"damage":15,"enemies":"Centurion and Healer","floor":21,"turns":3},{"damage":12,"enemies":"Masked Bandits","floor":22,"turns":4},{"damage":6,"enemies":"Book of Stabbing","floor":24,"turns":2},{"damage":6,"enemies":"Gremlin Leader","floor":27,"turns":2},{"damage":6,"enemies":"Snake Plant","floor":29,"turns":3},{"damage":6,"enemies":"Sentry and Sphere","floor":30,"turns":3},{"damage":59,"enemies":"Champ","floor":33,"turns":7},{"damage":30,"enemies":"3 Darklings","floor":35,"turns":6},{"damage":19,"enemies":"3 Shapes","floor":37,"turns":8},{"damage":10,"enemies":"Writhing Mass","floor":38,"turns":4},{"damage":0,"enemies":"Spire Growth","floor":39,"turns":2},{"damage":63,"enemies":"Giant Head","floor":41,"turns":7},{"damage":85,"enemies":"Reptomancer","floor":46,"turns":6}],"seed_played":"-672959559642588595","potions_obtained":[{"floor":1,"key":"GamblersBrew"},{"floor":6,"key":"AttackPotion"},{"floor":11,"key":"SpeedPotion"},{"floor":14,"key":"Block Potion"},{"floor":19,"key":"SteroidPotion"},{"floor":24,"key":"Strength Potion"},{"floor":38,"key":"SneckoOil"},{"floor":39,"key":"FairyPotion"}],"is_trial":false,"path_per_floor":["M","M","?","M","?","M","E","R","T","R","M","$","E","M","R","B",null,"M","M","$","M","?","R","E","R","T","E","$","M","M","?","R","B",null,"M","?","M","M","M","R","E","?","T","R","$","E"],"character_chosen":"IRONCLAD","items_purchased":["Orrery","Medical Kit","Membership Card","Sundial"],"campfire_rested":4,"item_purchase_floors":[12,28,45,45],"current_hp_per_floor":[80,79,79,79,79,72,72,72,72,72,69,69,51,50,50,30,69,67,67,67,58,52,76,76,76,76,76,76,76,76,76,82,29,69,45,35,22,18,24,48,29,14,14,38,38,0,0],"gold":60,"neow_bonus":"TEN_PERCENT_HP_BONUS","is_daily":false,"chose_seed":false,"campfire_upgraded":3,"win_rate":0.0,"timestamp":1613210298,"path_taken":["M","M","?","?","?","M","E","R","T","R","M","$","E","M","R","BOSS","M","?","$","M","?","R","E","R","T","E","$","M","M","?","R","BOSS","M","?","?","M","M","R","E","?","T","R","?","E"],"items_purchased_type":["Relic","Relic","Relic","Relic"],"build_version":"2020-12-22","purchased_purges":2,"victory":false,"max_hp_per_floor":[82,82,82,82,82,82,82,82,82,82,82,82,82,82,82,82,82,82,82,82,82,82,82,82,82,82,82,82,82,82,82,82,82,82,82,82,82,82,82,82,82,82,82,82,82,82,82],"relic_stats":{"Lizard Tail":41,"Dream Catcher":3,"counters":[24,99],"Sundial":[0],"CeramicFish":126,"PreservedInsect":280,"Black Star":1,"Medical Kit":[2],"obtain_stats":[{"Lantern":41,"CeramicFish":24,"Vajra":43,"PreservedInsect":13,"Medical Kit":28,"Burning Blood":0,"Lizard Tail":7,"Dream Catcher":27,"Sundial":45,"MutagenicStrength":31,"Orrery":12,"Molten Egg 2":9,"Fusion Hammer":17,"Red Mask":22,"Black Star":34,"Membership Card":45,"Unceasing Top":41},{"Lantern":23,"CeramicFish":14,"Vajra":23,"PreservedInsect":7,"Medical Kit":15,"Burning Blood":0,"Lizard Tail":5,"Dream Catcher":15,"Sundial":23,"MutagenicStrength":17,"Orrery":6,"Molten Egg 2":5,"Fusion Hammer":9,"Red Mask":13,"Black Star":18,"Membership Card":23,"Unceasing Top":23},{"Lantern":94,"CeramicFish":52,"Vajra":94,"PreservedInsect":27,"Medical Kit":54,"Burning Blood":0,"Lizard Tail":17,"Dream Catcher":54,"Sundial":94,"MutagenicStrength":60,"Orrery":22,"Molten Egg 2":17,"Fusion Hammer":36,"Red Mask":50,"Black Star":67,"Membership Card":94,"Unceasing Top":94}],"Burning Blood":138,"Unceasing Top":[0]},"card_choices":[{"not_picked":["Warcry","Havoc"],"picked":"Twin Strike","floor":1},{"not_picked":["Seeing Red","Armaments","Shrug It Off"],"picked":"SKIP","floor":2},{"not_picked":["Headbutt","Havoc"],"picked":"Offering","floor":4},{"not_picked":["Entrench","Clash"],"picked":"Clothesline","floor":6},{"not_picked":["Bloodletting","Searing Blow"],"picked":"Disarm","floor":7},{"not_picked":["Ghostly Armor","Searing Blow+1"],"picked":"Headbutt+1","floor":11},{"not_picked":["Dual Wield","Spot Weakness"],"picked":"Fiend Fire+1","floor":12},{"not_picked":["Rage","Perfected Strike+1"],"picked":"Anger+1","floor":12},{"not_picked":["Juggernaut","Shrug It Off"],"picked":"Pommel Strike+1","floor":12},{"not_picked":["Clash+1","Reckless Charge+1"],"picked":"Iron Wave+1","floor":12},{"not_picked":["Anger+1","Shockwave"],"picked":"Rampage+1","floor":13},{"not_picked":["Power Through","Intimidate"],"picked":"Pommel Strike+1","floor":14},{"not_picked":["Bludgeon+1","Impervious"],"picked":"Exhume","floor":16},{"not_picked":["Flex","Cleave+1","Twin Strike+1"],"picked":"SKIP","floor":18},{"not_picked":["Bloodletting","Searing Blow+1"],"picked":"Shrug It Off+1","floor":19},{"not_picked":["Exhume","Carnage+1"],"picked":"Shrug It Off+1","floor":21},{"not_picked":["Heavy Blade+1","Wild Strike+1"],"picked":"Dropkick+1","floor":24},{"not_picked":["Impervious","Dark Embrace"],"picked":"Uppercut+1","floor":27},{"not_picked":["Anger+1","Flex"],"picked":"Armaments+1","floor":29},{"not_picked":["Evolve","Perfected Strike+1","Clash+1"],"picked":"SKIP","floor":30},{"not_picked":["Infernal Blade","Thunderclap+1"],"picked":"Feel No Pain","floor":32},{"not_picked":["Bludgeon+1","Berserk"],"picked":"Brutality","floor":33},{"not_picked":["Headbutt+1","Shrug It Off","Warcry"],"picked":"SKIP","floor":35},{"not_picked":["Madness","The Bomb"],"picked":"Secret Technique","floor":36},{"not_picked":["Good Instincts","Trip"],"picked":"Dark Shackles","floor":36},{"not_picked":["Good Instincts","Swift Strike+1"],"picked":"PanicButton","floor":36},{"not_picked":["Body Slam+1","Wild Strike+1","Clothesline+1"],"picked":"SKIP","floor":37},{"not_picked":["Iron Wave+1","Seeing Red"],"picked":"Dark Embrace","floor":38},{"not_picked":["Pommel Strike+1","True Grit"],"picked":"Burning Pact","floor":39},{"not_picked":["Body Slam+1","Sever Soul+1"],"picked":"Burning Pact","floor":40},{"not_picked":["Rampage+1","Fiend Fire+1"],"picked":"Dropkick+1","floor":41}],"player_experience":4595227,"relics_obtained":[{"floor":7,"key":"Lizard Tail"},{"floor":9,"key":"Molten Egg 2"},{"floor":13,"key":"PreservedInsect"},{"floor":22,"key":"Red Mask"},{"floor":24,"key":"CeramicFish"},{"floor":27,"key":"Dream Catcher"},{"floor":41,"key":"Unceasing Top"},{"floor":41,"key":"Lantern"},{"floor":43,"key":"Vajra"}],"event_choices":[{"damage_healed":0,"gold_gain":0,"player_choice":"Ignored","damage_taken":0,"max_hp_gain":0,"max_hp_loss":0,"event_name":"Liars Game","floor":3,"gold_loss":0},{"cards_removed":["Strike_R"],"damage_healed":0,"gold_gain":0,"player_choice":"Offered Basic","damage_taken":0,"max_hp_gain":0,"max_hp_loss":0,"event_name":"Bonfire Elementals","floor":5,"gold_loss":0},{"damage_healed":0,"gold_gain":0,"player_choice":"Fought Bandits","damage_taken":0,"max_hp_gain":0,"max_hp_loss":0,"event_name":"Masked Bandits","floor":22,"gold_loss":0},{"damage_healed":0,"gold_gain":0,"player_choice":"Inject Mutagens","damage_taken":0,"relics_obtained":["MutagenicStrength"],"max_hp_gain":0,"max_hp_loss":0,"event_name":"Drug Dealer","floor":31,"gold_loss":0},{"damage_healed":0,"gold_gain":0,"player_choice":"Memory 3","damage_taken":10,"max_hp_gain":0,"max_hp_loss":0,"event_name":"SensoryStone","floor":36,"gold_loss":0},{"damage_healed":0,"gold_gain":0,"player_choice":"Embrace Madness","damage_taken":15,"max_hp_gain":0,"max_hp_loss":0,"event_name":"Winding Halls","floor":42,"gold_loss":0,"cards_obtained":["Madness","Madness"]}],"is_beta":false,"boss_relics":[{"not_picked":["Pandora\u0027s Box","Runic Dome"],"picked":"Fusion Hammer"},{"not_picked":["Coffee Dripper","Calling Bell"],"picked":"Black Star"}],"items_purged_floors":[20,28],"is_endless":false,"potions_floor_spawned":[1,6,11,14,18,19,24,29,30,38,39],"killed_by":"Reptomancer","ascension_level":20}}