{"host":"f76wcztdlwlduum6","time":1613248830,"event":{"mods":["BaseMod","BetterRewards","Colored Powertips","Minty Spire (QoL Compilation)","Quick Restart","Rare Cards Sparkle","Relic Stats","StSLib","SuperFastMode","everything is the same but u backflip on backflip"],"gold_per_floor":[111,130,130,55,67,67,85,111,162,181,181,68,97,110,110,185,185,196,196,215,215,234,234,263,263,263,298,91,126,126,155,155,233,233,251,251,271,16,16,43,43,43,43,76,87,127,155,205,205,205,205,205,205,40,65,65],"floor_reached":57,"language":"ENG","playtime":2408,"items_purged":["Strike_G","Strike_G","Strike_G","Defend_G","Defend_G","Strike_G","Defend_G","Flechettes"],"score":4377,"play_id":"f795893d-e1db-4427-bc35-2613a59220d2","local_time":"20210213144030","is_ascension_mode":true,"campfire_choices":[{"data":"Adrenaline","floor":6,"key":"SMITH"},{"data":"Calculated Gamble","floor":11,"key":"SMITH"},{"data":"Burst","floor":15,"key":"SMITH"},{"data":"Concentrate","floor":23,"key":"SMITH"},{"data":"Calculated Gamble","floor":30,"key":"SMITH"},{"data":"Calculated Gamble","floor":32,"key":"SMITH"},{"data":"Impatience","floor":41,"key":"SMITH"},{"floor":49,"key":"RECALL"},{"floor":53,"key":"REST"}],"circlet_count":0,"master_deck":["AscendersBane","Survivor+1","Neutralize+1","Escape Plan+1","Sadistic Nature+1","Backflip+1","Panache+1","Flash of Steel+1","PiercingWail+1","Escape Plan+1","Calculated Gamble+1","Panache+1","Master of Strategy+1","Footwork+1","Escape Plan+1","Footwork+1","Calculated Gamble+1","Panache+1","Adrenaline+1","Finesse+1","Impatience+1","Footwork+1","Tactician+1","Burst+1","Blade Dance+1","Footwork+1","Escape Plan+1","Wraith Form v2+1","Calculated Gamble+1","Concentrate+1","Backflip+1","Calculated Gamble+1","Reflex+1","Night Terror+1","A Thousand Cuts+1","Tactician+1","Panacea+1","Sadistic Nature+1","Impatience+1","Footwork+1","Acrobatics+1","Adrenaline+1","Escape Plan+1"],"relics":["Ring of the Serpent","Snake Skull","Lee\u0027s Waffle","TungstenRod","Thread and Needle","Tough Bandages","Frozen Egg 2","Membership Card","TwistedFunnel","Question Card","HoveringKite","Boot","White Beast Statue","Darkstone Periapt","Whetstone","The Specimen","Oddly Smooth Stone","Omamori","War Paint","Mango","Mark of the Bloom","Toxic Egg 2","Art of War","CeramicFish","Smiling Mask","Medical Kit","Bag of Preparation","Happy Flower"],"acts_visited":["Exordium","TheCity","TheBeyond","TheEnding"],"potions_floor_usage":[10,56,56],"damage_taken":[{"damage":0,"enemies":"Cultist","floor":1,"turns":2},{"damage":0,"enemies":"2 Louse","floor":2,"turns":2},{"damage":0,"enemies":"Jaw Worm","floor":5,"turns":1},{"damage":0,"enemies":"Lots of Slimes","floor":7,"turns":1},{"damage":0,"enemies":"Gremlin Nob","floor":8,"turns":2},{"damage":0,"enemies":"Looter","floor":10,"turns":2},{"damage":0,"enemies":"Lagavulin","floor":13,"turns":2},{"damage":0,"enemies":"3 Louse","floor":14,"turns":1},{"damage":0,"enemies":"The Guardian","floor":16,"turns":4},{"damage":0,"enemies":"2 Thieves","floor":18,"turns":2},{"damage":0,"enemies":"Shell Parasite","floor":20,"turns":3},{"damage":13,"enemies":"Snecko","floor":22,"turns":4},{"damage":0,"enemies":"Book of Stabbing","floor":24,"turns":2},{"damage":0,"enemies":"Slavers","floor":27,"turns":2},{"damage":0,"enemies":"Book of Stabbing","floor":29,"turns":2},{"damage":0,"enemies":"Gremlin Leader","floor":31,"turns":2},{"damage":10,"enemies":"Automaton","floor":33,"turns":3},{"damage":0,"enemies":"Orb Walker","floor":35,"turns":2},{"damage":0,"enemies":"3 Darklings","floor":37,"turns":2},{"damage":0,"enemies":"Giant Head","floor":40,"turns":3},{"damage":0,"enemies":"Reptomancer","floor":44,"turns":2},{"damage":0,"enemies":"Spire Growth","floor":45,"turns":2},{"damage":0,"enemies":"Nemesis","floor":46,"turns":2},{"damage":0,"enemies":"Jaw Worm Horde","floor":47,"turns":1},{"damage":41,"enemies":"Time Eater","floor":50,"turns":9},{"damage":0,"enemies":"Awakened One","floor":51,"turns":3},{"damage":0,"enemies":"Shield and Spear","floor":55,"turns":1},{"damage":8,"enemies":"The Heart","floor":56,"turns":5}],"seed_played":"7291662101734428608","potions_obtained":[{"floor":5,"key":"Weak Potion"},{"floor":7,"key":"CultistPotion"},{"floor":10,"key":"Fruit Juice"},{"floor":14,"key":"Weak Potion"},{"floor":27,"key":"GamblersBrew"},{"floor":40,"key":"GhostInAJar"}],"is_trial":false,"path_per_floor":["M","M","?","?","M","R","M","E","T","M","R","$","E","M","R","B",null,"M","?","M","?","M","R","E","?","T","E","$","E","R","E","R","B",null,"M","?","M","$","?","E","R","?","T","E","M","E","M","T","R","B","B",null,"R","$","E","B",null],"character_chosen":"THE_SILENT","items_purchased":["Escape Plan","Sadistic Nature","Blind","Backflip","Snake Skull","Panache","Lee\u0027s Waffle","TungstenRod","Flash of Steel","PiercingWail","Escape Plan","Thread and Needle","Tough Bandages","Frozen Egg 2","Panache+1","Master of Strategy","Cloak And Dagger","Footwork+1","Membership Card","Escape Plan","Blade Dance","Footwork+1","Calculated Gamble","Panache+1","Adrenaline","Finesse","TwistedFunnel","Impatience","Calculated Gamble","The Specimen","War Paint","Impatience","Medical Kit","Bag of Preparation"],"campfire_rested":1,"item_purchase_floors":[0,0,0,0,0,0,0,0,0,0,0,0,0,0,0,0,0,0,0,0,0,0,0,0,0,0,0,0,28,28,38,38,54,54],"current_hp_per_floor":[73,73,73,73,73,73,73,73,73,78,78,78,78,78,78,78,78,78,78,78,78,65,65,65,65,65,65,65,65,65,65,65,55,72,72,63,63,63,63,77,77,77,77,77,77,77,77,77,77,36,36,36,36,36,36,28],"gold":65,"neow_bonus":"","is_daily":false,"chose_seed":false,"campfire_upgraded":7,"win_rate":0.0,"timestamp":1613248830,"path_taken":["M","M","?","?","M","R","?","E","T","M","R","?","E","M","R","BOSS","M","?","M","?","M","R","E","?","T","E","$","E","R","E","R","BOSS","M","?","M","$","?","E","R","?","T","E","M","E","M","?","R","BOSS","BOSS","R","$","E","BOSS"],"items_purchased_type":["Card","Card","Card","Card","Relic","Card","Relic","Relic","Card","Card","Card","Relic","Relic","Relic","Card","Card","Card","Card","Relic","Card","Card","Card","Card","Card","Card","Card","Relic","Card","Card","Relic","Relic","Card","Relic","Relic"],"build_version":"2020-12-22","purchased_purges":8,"victory":true,"max_hp_per_floor":[73,73,73,73,73,73,73,73,73,78,78,78,78,78,78,78,78,78,78,78,78,78,78,78,78,78,78,78,78,78,78,78,78,78,78,78,78,78,74,88,88,88,88,88,88,88,88,88,88,88,88,88,88,88,88,88],"relic_stats":{"Darkstone Periapt":0,"Lee\u0027s Waffle":14,"Mark of the Bloom":65,"Happy Flower":[118],"counters":[143,683],"CeramicFish":18,"HoveringKite":[40],"Snake Skull":[560],"Bag of Preparation":[4],"Whetstone":["Neutralize","Flash of Steel"],"War Paint":["Escape Plan","Panacea"],"Question Card":23,"Boot":[124],"Smiling Mask":226,"Medical Kit":[4],"Tough Bandages":[1881],"Art of War":[3],"obtain_stats":[{"TwistedFunnel":0,"Whetstone":53,"Bottled Tornado":47,"Boot":8,"Sling":21,"Blood Vial":48,"Sundial":13,"Fusion Hammer":17,"downfall:ExtraCursedKey":19,"HandDrill":0,"Kunai":12,"Pear":0,"Blue Candle":14,"Eternal Feather":0,"Tingsha":21,"Pen Nib":5,"Guardian:PocketSentry":0,"Paper Crane":28,"Akabeko":19,"Unceasing Top":8,"Ring of the Serpent":34,"Lantern":29,"Regal Pillow":26,"Singing Bowl":0,"Torii":54,"sneckomod:BlankCard":23,"Bag of Preparation":54,"Cursed Key":17,"Smiling Mask":43,"Ancient Tea Set":23,"Shovel":29,"WristBlade":34,"Toolbox":47,"Chemical X":0,"Guardian:BottledAnomaly":0,"Ring of the Snake":2,"Lee\u0027s Waffle":41,"The Specimen":37,"Thread and Needle":30,"The Courier":0,"PreservedInsect":6,"Omamori":19,"Frozen Egg 2":21,"bronze:BronzeIdol":43,"Ornamental Fan":13,"Art of War":31,"Bottled Lightning":55,"hexamod:BolsterEngine":43,"Ice Cream":39,"champ:DuelingGlove":29,"Mark of the Bloom":42,"Calipers":0,"Gremlin Horn":53,"Nilry\u0027s Codex":28,"CeramicFish":0,"Vajra":6,"HoveringKite":11,"Centennial Puzzle":41,"HornCleat":0,"DollysMirror":35,"Strawberry":53,"Prayer Wheel":0,"Toxic Egg 2":34,"Happy Flower":0,"Oddly Smooth Stone":8,"Letter Opener":4,"War Paint":7,"Question Card":0,"OrangePellets":48,"Bottled Flame":21,"Bronze Scales":7,"Molten Egg 2":28,"Black Star":17,"Pocketwatch":0,"Darkstone Periapt":26,"bronze:ElectromagneticCoil":34,"bronze:BronzeCore":0,"Mango":47,"Snake Skull":10,"Juzu Bracelet":0,"Incense Burner":0,"PrismaticShard":14,"ClockworkSouvenir":0,"Nunchaku":9,"Tough Bandages":0,"Mummified Hand":31,"downfall:HeartBlessingBlue":0,"Slimebound:StickyStick":0,"Pantograph":40,"Tiny Chest":23,"hexamod:CandleOfCauterizing":46,"Medical Kit":8,"White Beast Statue":24,"Mercury Hourglass":2,"Peace Pipe":46,"Calling Bell":34,"Strange Spoon":37,"Anchor":0,"CaptainsWheel":47,"Coffee Dripper":34,"Bag of Marbles":0,"Membership Card":8,"TungstenRod":0},{"TwistedFunnel":115,"Whetstone":82,"Bottled Tornado":81,"Boot":4,"Sling":11,"Blood Vial":24,"Sundial":34,"Fusion Hammer":66,"downfall:ExtraCursedKey":67,"HandDrill":55,"Kunai":6,"Pear":26,"Blue Candle":6,"Eternal Feather":26,"Tingsha":94,"Pen Nib":87,"Guardian:PocketSentry":55,"Paper Crane":42,"Akabeko":67,"Unceasing Top":4,"Ring of the Serpent":132,"Lantern":14,"Regal Pillow":42,"Singing Bowl":0,"Torii":83,"sneckomod:BlankCard":42,"Bag of Preparation":141,"Cursed Key":36,"Smiling Mask":49,"Ancient Tea Set":69,"Shovel":44,"WristBlade":102,"Toolbox":24,"Chemical X":26,"Guardian:BottledAnomaly":55,"Ring of the Snake":57,"Lee\u0027s Waffle":48,"The Specimen":75,"Thread and Needle":44,"The Courier":55,"PreservedInsect":60,"Omamori":67,"Frozen Egg 2":11,"bronze:BronzeIdol":22,"Ornamental Fan":90,"Art of War":45,"Bottled Lightning":114,"hexamod:BolsterEngine":22,"Ice Cream":106,"champ:DuelingGlove":71,"Mark of the Bloom":135,"Calipers":84,"Gremlin Horn":82,"Nilry\u0027s Codex":13,"CeramicFish":55,"Vajra":30,"HoveringKite":121,"Centennial Puzzle":20,"HornCleat":84,"DollysMirror":17,"Strawberry":53,"Prayer Wheel":0,"Toxic Egg 2":73,"Happy Flower":55,"Oddly Smooth Stone":62,"Letter Opener":28,"War Paint":61,"Question Card":0,"OrangePellets":24,"Bottled Flame":11,"Bronze Scales":3,"Molten Egg 2":70,"Black Star":8,"Pocketwatch":26,"Darkstone Periapt":128,"bronze:ElectromagneticCoil":17,"bronze:BronzeCore":0,"Mango":51,"Snake Skull":32,"Juzu Bracelet":0,"Incense Burner":55,"PrismaticShard":91,"ClockworkSouvenir":84,"Nunchaku":62,"Tough Bandages":115,"Mummified Hand":15,"downfall:HeartBlessingBlue":26,"Slimebound:StickyStick":55,"Pantograph":77,"Tiny Chest":69,"hexamod:CandleOfCauterizing":50,"Medical Kit":4,"White Beast Statue":128,"Mercury Hourglass":1,"Peace Pipe":24,"Calling Bell":73,"Strange Spoon":104,"Anchor":55,"CaptainsWheel":81,"Coffee Dripper":46,"Bag of Marbles":55,"Membership Card":4,"TungstenRod":115},{"TwistedFunnel":614,"Whetstone":288,"Bottled Tornado":281,"Boot":22,"Sling":37,"Blood Vial":79,"Sundial":110,"Fusion Hammer":236,"downfall:ExtraCursedKey":238,"HandDrill":213,"Kunai":25,"Pear":88,"Blue Candle":25,"Eternal Feather":88,"Tingsha":386,"Pen Nib":308,"Guardian:PocketSentry":213,"Paper Crane":142,"Akabeko":238,"Unceasing Top":20,"Ring of the Serpent":651,"Lantern":46,"Regal Pillow":142,"Singing Bowl":0,"Torii":290,"sneckomod:BlankCard":142,"Bag of Preparation":677,"Cursed Key":118,"Smiling Mask":175,"Ancient Tea Set":243,"Shovel":149,"WristBlade":457,"Toolbox":79,"Chemical X":88,"Guardian:BottledAnomaly":213,"Ring of the Snake":218,"Lee\u0027s Waffle":170,"The Specimen":260,"Thread and Needle":149,"The Courier":213,"PreservedInsect":221,"Omamori":238,"Frozen Egg 2":37,"bronze:BronzeIdol":73,"Ornamental Fan":329,"Art of War":155,"Bottled Lightning":595,"hexamod:BolsterEngine":73,"Ice Cream":492,"champ:DuelingGlove":249,"Mark of the Bloom":658,"Calipers":296,"Gremlin Horn":288,"Nilry\u0027s Codex":45,"CeramicFish":213,"Vajra":99,"HoveringKite":624,"Centennial Puzzle":70,"HornCleat":296,"DollysMirror":60,"Strawberry":196,"Prayer Wheel":0,"Toxic Egg 2":255,"Happy Flower":213,"Oddly Smooth Stone":227,"Letter Opener":93,"War Paint":224,"Question Card":0,"OrangePellets":79,"Bottled Flame":37,"Bronze Scales":18,"Molten Egg 2":246,"Black Star":27,"Pocketwatch":88,"Darkstone Periapt":642,"bronze:ElectromagneticCoil":60,"bronze:BronzeCore":0,"Mango":185,"Snake Skull":104,"Juzu Bracelet":0,"Incense Burner":213,"PrismaticShard":346,"ClockworkSouvenir":296,"Nunchaku":227,"Tough Bandages":614,"Mummified Hand":48,"downfall:HeartBlessingBlue":88,"Slimebound:StickyStick":213,"Pantograph":266,"Tiny Chest":243,"hexamod:CandleOfCauterizing":180,"Medical Kit":20,"White Beast Statue":642,"Mercury Hourglass":3,"Peace Pipe":79,"Calling Bell":255,"Strange Spoon":479,"Anchor":213,"CaptainsWheel":281,"Coffee Dripper":163,"Bag of Marbles":213,"Membership Card":22,"TungstenRod":614}],"TungstenRod":18},"card_choices":[{"not_picked":["Underhanded Strike","Riddle With Holes","Caltrops+1"],"picked":"SKIP","floor":1},{"not_picked":["Deflect","Sucker Punch"],"picked":"Footwork+1","floor":2},{"not_picked":["Bane","Crippling Poison"],"picked":"Tactician","floor":5},{"not_picked":["Dagger Spray","All Out Attack","Leg Sweep"],"picked":"SKIP","floor":7},{"not_picked":["Skewer","Choke"],"picked":"Burst","floor":8},{"not_picked":["Predator","Well Laid Plans+1","Leg Sweep"],"picked":"Blade Dance","floor":10},{"not_picked":["Expertise","Burst","Accuracy+1"],"picked":"Footwork+1","floor":13},{"not_picked":["Dagger Throw","Dagger Spray","Bouncing Flask"],"picked":"Escape Plan","floor":14},{"not_picked":["Night Terror","Bullet Time","Unload"],"picked":"Wraith Form v2+1","floor":16},{"not_picked":["Dagger Throw","Infinite Blades+1","Setup","Poisoned Stab"],"picked":"SKIP","floor":18},{"not_picked":["Cloak And Dagger","Quick Slash","Distraction","Unload"],"picked":"SKIP","floor":20},{"not_picked":["Deadly Poison","Slice","Quick Slash"],"picked":"Concentrate","floor":22},{"not_picked":["Unload","Poisoned Stab","Bane"],"picked":"Backflip","floor":24},{"not_picked":["Terror","Acrobatics","Bouncing Flask"],"picked":"Flechettes","floor":27},{"not_picked":["Acrobatics","Infinite Blades+1","Leg Sweep"],"picked":"Reflex","floor":29},{"not_picked":["PiercingWail+1","Outmaneuver","Noxious Fumes+1"],"picked":"Night Terror","floor":31},{"not_picked":["Doppelganger","Die Die Die","Glass Knife"],"picked":"A Thousand Cuts+1","floor":33},{"not_picked":["Cloak And Dagger","Quick Slash","Flying Knee"],"picked":"Tactician","floor":35},{"not_picked":["Violence","Good Instincts","Forethought"],"picked":"Panacea","floor":36},{"not_picked":["Jack Of All Trades","Transmutation","Discovery"],"picked":"Sadistic Nature+1","floor":36},{"not_picked":["Blade Dance","Bane","PiercingWail","Deadly Poison"],"picked":"SKIP","floor":37},{"not_picked":["Die Die Die","Quick Slash","Setup"],"picked":"Footwork+1","floor":40},{"not_picked":["All Out Attack","Storm of Steel+1","Blade Dance+1"],"picked":"Acrobatics+1","floor":44},{"not_picked":["Flechettes","Flying Knee","Sucker Punch","Deadly Poison+1"],"picked":"SKIP","floor":45},{"not_picked":["Unload","Caltrops+1","Reflex+1"],"picked":"Adrenaline+1","floor":46},{"not_picked":["Quick Slash","Cloak And Dagger+1","Footwork+1"],"picked":"Escape Plan+1","floor":47},{"not_picked":["Outmaneuver+1","Dagger Throw","Dash+1","Caltrops+1"],"picked":"SKIP","floor":55}],"player_experience":324348,"relics_obtained":[{"floor":8,"key":"Question Card"},{"floor":13,"key":"Boot"},{"floor":24,"key":"White Beast Statue"},{"floor":26,"key":"Darkstone Periapt"},{"floor":27,"key":"Whetstone"},{"floor":29,"key":"Oddly Smooth Stone"},{"floor":31,"key":"Omamori"},{"floor":40,"key":"Mango"},{"floor":43,"key":"Toxic Egg 2"},{"floor":44,"key":"Art of War"},{"floor":46,"key":"CeramicFish"},{"floor":48,"key":"Smiling Mask"},{"floor":55,"key":"Happy Flower"}],"event_choices":[{"cards_removed":["Defend_G"],"damage_healed":0,"gold_gain":0,"player_choice":"Forget","damage_taken":0,"max_hp_gain":0,"max_hp_loss":0,"event_name":"Living Wall","floor":3,"gold_loss":0},{"cards_removed":["Strike_G"],"damage_healed":0,"gold_gain":0,"player_choice":"Card Removal","damage_taken":0,"max_hp_gain":0,"max_hp_loss":0,"event_name":"The Cleric","floor":4,"gold_loss":75},{"damage_healed":0,"gold_gain":0,"player_choice":"Ignored","damage_taken":0,"max_hp_gain":0,"max_hp_loss":0,"event_name":"Vampires","floor":19,"gold_loss":0},{"damage_healed":0,"gold_gain":0,"player_choice":"Read","damage_taken":0,"max_hp_gain":0,"max_hp_loss":0,"event_name":"The Library","floor":21,"gold_loss":0,"cards_obtained":["Calculated Gamble"]},{"cards_removed":["Defend_G"],"damage_healed":0,"gold_gain":0,"player_choice":"Elegance","damage_taken":0,"max_hp_gain":0,"max_hp_loss":0,"event_name":"Back to Basics","floor":25,"gold_loss":0},{"damage_healed":0,"gold_gain":0,"player_choice":"Memory 3","damage_taken":10,"max_hp_gain":0,"max_hp_loss":0,"event_name":"SensoryStone","floor":36,"gold_loss":0},{"damage_healed":0,"gold_gain":0,"player_choice":"Max HP","damage_taken":0,"max_hp_gain":0,"max_hp_loss":4,"event_name":"Winding Halls","floor":39,"gold_loss":0},{"damage_healed":0,"gold_gain":0,"player_choice":"Upgrade","damage_taken":0,"relics_obtained":["Mark of the Bloom"],"max_hp_gain":0,"max_hp_loss":0,"event_name":"MindBloom","floor":42,"gold_loss":0,"cards_upgraded":["Survivor","Escape Plan","Sadistic Nature","Backflip","Panache","PiercingWail","Escape Plan","Master of Strategy","Finesse","Impatience","Tactician","Blade Dance","Escape Plan","Backflip","Reflex","Night Terror","Tactician"]}],"is_beta":false,"boss_relics":[{"not_picked":["Snecko Eye","Velvet Choker","HoveringKite"]},{"not_picked":["SacredBark","Runic Dome"],"picked":"Ring of the Serpent"}],"items_purged_floors":[0,0,0,0,0,0,12,38],"is_endless":false,"potions_floor_spawned":[5,7,10,14,16,22,27,29,31,33,35,37,40,44,45,46,47,55],"ascension_level":20}}