{"host":"q57ekfojy3i00x9o","time":1613219801,"event":{"mods":["Act Like it!","Arknights","Aspiration","BaseMod","Colored Map","Energized Spire","Hermit","Minty Spire (QoL Compilation)","Quick Restart","Spicy Shops","Spikes Relics","StSLib","slay the spire mod where everything is the same but ironclad has a cowboy hat"],"gold_per_floor":[118,131,206,206,220,220,234,269,269,269,283,56,72,104,104,203,203,220,239,254,31,48,48,80,3,76,38,53,53,71,83,83,179,129,141,18,34,53,53,53,53,53,80,96,96,130,130,165,165,165],"floor_reached":51,"language":"RUS","playtime":1309,"items_purged":["Injury"],"score":1075,"play_id":"65b6cd2e-b14e-4836-8bb8-53a851061731","local_time":"20210213173641","is_ascension_mode":true,"campfire_choices":[{"data":"ats:Sashimi Platter","floor":6,"key":"SMITH"},{"data":"ats:Sashimi Platter","floor":15,"key":"SMITH"},{"data":"ats:Nebulous Foxfire","floor":23,"key":"SMITH"},{"data":"ats:Phantom","floor":32,"key":"SMITH"},{"data":"ats:Ambush","floor":40,"key":"SMITH"},{"data":"ats:Flexible Camouflage","floor":42,"key":"SMITH"},{"data":"ats:Flexible Camouflage","floor":45,"key":"SMITH"},{"floor":49,"key":"REST"}],"circlet_count":0,"master_deck":["ats:Strike C","ats:Strike G","ats:Strike S","ats:Strike V","ats:Armor Crushing Shot","ats:Defend","ats:Defend","ats:Defend","ats:Defend","ats:Emotion Absorption","Dramatic Entrance","ats:Sashimi Platter+1","ats:Sashimi Platter+1","ats:Closed Bolt Burst Fire+1","ats:Apocalypse","ats:Hammer On+1","ats:Shell Defense","Dramatic Entrance+1","ats:Powerful Strike+1","ats:Flexible Camouflage+1","ats:Ambush+1","ats:Consecutive Shot Auto+1","ats:Poison Spread+1","ats:Overload+1","ats:Nebulous Foxfire+1","ats:Powerful Strike+1","ats:Flexible Camouflage+1","ats:Thermite Blade+1","ats:Phantom+1","ats:Sashimi Platter+1","ats:Cat Scratch+1","ats:Curse Doll","ats:Calcification","ats:Strike C+1","ats:Rat Pack","ats:Flexible Camouflage+1","ats:Blood Oath+1","ats:Hammer On+1","ats:Shell Defense+1","ats:Apocalypse+1","ats:Closed Bolt Burst Fire+1","Jack Of All Trades","ats:Charging Defense+1","ats:Powerful Strike+1"],"relics":["ats:Sanity","Molten Egg 2","ats:Originium","Anchor","Rawhide","DollysMirror","SuspiciousGoo","energizedSpire:NeverEndingSparkler","MealTicket","Eternal Feather","energizedSpire:HugeHouse","Pen Nib","Bag of Marbles","Dream Catcher","Oddly Smooth Stone"],"acts_visited":["Exordium","TheCity","TheBeyond"],"potions_floor_usage":[8,8,11,11,16,16,22,24,33,33,46,46,50,50],"damage_taken":[{"damage":10,"enemies":"Small Slimes","floor":1,"turns":3},{"damage":11,"enemies":"Jaw Worm","floor":2,"turns":4},{"damage":1,"enemies":"Cultist","floor":5,"turns":3},{"damage":10,"enemies":"Gremlin Gang","floor":7,"turns":4},{"damage":0,"enemies":"Lagavulin","floor":8,"turns":3},{"damage":0,"enemies":"Red Slaver","floor":11,"turns":2},{"damage":0,"enemies":"Exordium Wildlife","floor":13,"turns":2},{"damage":16,"enemies":"Gremlin Nob","floor":14,"turns":3},{"damage":56,"enemies":"Hexaghost","floor":16,"turns":10},{"damage":4,"enemies":"Spheric Guardian","floor":18,"turns":3},{"damage":0,"enemies":"Chosen","floor":19,"turns":4},{"damage":19,"enemies":"Snake Plant","floor":20,"turns":4},{"damage":2,"enemies":"Centurion and Healer","floor":22,"turns":5},{"damage":15,"enemies":"Book of Stabbing","floor":24,"turns":5},{"damage":0,"enemies":"Snecko","floor":28,"turns":3},{"damage":0,"enemies":"Cultist and Chosen","floor":30,"turns":3},{"damage":0,"enemies":"Chosen and Byrds","floor":31,"turns":4},{"damage":38,"enemies":"Collector","floor":33,"turns":12},{"damage":9,"enemies":"3 Shapes","floor":35,"turns":2},{"damage":15,"enemies":"Orb Walker","floor":37,"turns":3},{"damage":35,"enemies":"Sphere and 2 Shapes","floor":38,"turns":4},{"damage":0,"enemies":"Jaw Worm Horde","floor":44,"turns":2},{"damage":12,"enemies":"Nemesis","floor":46,"turns":5},{"damage":60,"enemies":"Giant Head","floor":48,"turns":9},{"damage":66,"enemies":"Donu and Deca","floor":50,"turns":12}],"seed_played":"-6219289084910305827","potions_obtained":[{"floor":2,"key":"DuplicationPotion"},{"floor":7,"key":"SteroidPotion"},{"floor":8,"key":"DistilledChaos"},{"floor":10,"key":"AttackPotion"},{"floor":10,"key":"Explosive Potion"},{"floor":14,"key":"ats:Flame Arts Potion"},{"floor":16,"key":"SkillPotion"},{"floor":20,"key":"ats:Burn Big Potion"},{"floor":24,"key":"Dexterity Potion"},{"floor":30,"key":"Regen Potion"},{"floor":33,"key":"AttackPotion"},{"floor":35,"key":"PowerPotion"},{"floor":37,"key":"Block Potion"},{"floor":38,"key":"ats:Top Emergency Sanity Potion"},{"floor":48,"key":"ats:Burn Small Potion"}],"is_trial":false,"path_per_floor":["M","M","?","?","M","R","M","E","T","?","M","$","M","E","R","B",null,"M","M","M","$","M","R","E","$","T","$","M","?","M","M","R","B",null,"M","$","M","M","$","R","?","R","T","M","R","E","?","E","R","B",null],"character_chosen":"DOCTOR_CLASS","items_purchased":["DollysMirror","ats:Nebulous Foxfire","ats:Powerful Strike+1","ats:Phantom","ats:Sashimi Platter+1","ats:Blood Oath+1","Pen Nib"],"campfire_rested":1,"item_purchase_floors":[12,21,21,25,27,36,36],"current_hp_per_floor":[55,54,43,43,52,52,50,61,61,61,72,72,72,60,60,51,67,68,72,60,60,72,72,63,72,72,72,72,72,72,72,72,72,67,67,67,57,40,55,67,67,67,67,67,67,67,67,12,56,38],"gold":165,"neow_bonus":"RANDOM_COLORLESS","is_daily":false,"chose_seed":false,"campfire_upgraded":7,"win_rate":0.0,"timestamp":1613219801,"path_taken":["M","M","?","?","M","R","M","E","T","?","?","$","M","E","R","BOSS","M","M","?","?","M","R","E","$","T","$","M","?","M","M","R","BOSS","M","$","M","M","$","R","?","R","T","?","R","E","?","E","R","BOSS"],"items_purchased_type":["Relic","Card","Card","Card","Card","Card","Relic"],"build_version":"2020-12-22","purchased_purges":1,"victory":true,"max_hp_per_floor":[72,72,72,72,72,72,72,72,72,72,72,72,72,72,72,72,72,72,72,72,72,72,72,72,72,72,72,72,72,72,72,72,72,67,67,67,67,67,67,67,67,67,67,67,67,67,67,67,67,67],"card_choices":[{"not_picked":["Impatience","Madness"],"picked":"Dramatic Entrance","floor":0},{"not_picked":["ats:Guard Mode","ats:Closed Bolt Burst Fire"],"picked":"ats:Sashimi Platter","floor":1},{"not_picked":["ats:Powerful Strike","ats:Absolute Focus"],"picked":"ats:Sashimi Platter","floor":2},{"not_picked":["ats:Soul Absorption","ats:Leaping Hammer+1"],"picked":"ats:Closed Bolt Burst Fire+1","floor":5},{"not_picked":["ats:Revitalization","ats:Closed Bolt Burst Fire+1"],"picked":"ats:Apocalypse","floor":7},{"not_picked":["ats:Soul Absorption","ats:Thorns"],"picked":"ats:Hammer On+1","floor":8},{"not_picked":["ats:Curse Doll","ats:Apocalypse"],"picked":"ats:Shell Defense","floor":11},{"not_picked":["ats:Shadow Raid","ats:Leaping Hammer+1"],"picked":"ats:Powerful Strike+1","floor":13},{"not_picked":["ats:Hammer On+1","ats:Leaping Hammer+1"],"picked":"ats:Flexible Camouflage","floor":14},{"not_picked":["ats:Calcification","ats:Roar Of Ursus"],"picked":"ats:Ambush","floor":16},{"not_picked":["ats:Assault Order+1","ats:Spore Proliferation"],"picked":"ats:Consecutive Shot Auto+1","floor":18},{"not_picked":["ats:Ignite+1","ats:LN2 Cannon+1"],"picked":"ats:Poison Spread+1","floor":19},{"not_picked":["ats:Ignite+1","ats:Flexible Camouflage"],"picked":"ats:Overload+1","floor":20},{"not_picked":["ats:Ignite+1","ats:Composite Medical Shells"],"picked":"ats:Flexible Camouflage","floor":22},{"not_picked":["ats:Healing Drone","ats:Phantom"],"picked":"ats:Thermite Blade+1","floor":24},{"not_picked":["ats:Guard Mode","ats:Revitalization"],"picked":"ats:Cat Scratch+1","floor":28},{"not_picked":["ats:Collapsing Strike+1","ats:Hammer On+1"],"picked":"ats:Closed Bolt Burst Fire+1","floor":30},{"not_picked":["ats:Collapsing Strike+1","ats:Burning Ground"],"picked":"ats:Curse Doll","floor":31},{"not_picked":["ats:True Silver Slash+1","ats:Ambush"],"picked":"ats:Calcification","floor":33},{"not_picked":["ats:Healing Drone","ats:Flame Of Heaven+1"],"picked":"ats:Flexible Camouflage+1","floor":35},{"not_picked":["ats:Support Order+1","ats:Thorns"],"picked":"ats:Hammer On+1","floor":37},{"not_picked":["ats:Burning Ground","ats:Thermite Blade+1"],"picked":"ats:Shell Defense+1","floor":38},{"not_picked":["ats:Thermite Blade+1","ats:Directed Diagnosis+1"],"picked":"ats:Apocalypse+1","floor":44},{"not_picked":["ats:Spore Proliferation+1","ats:Phantom"],"picked":"ats:Closed Bolt Burst Fire+1","floor":46},{"not_picked":["Assess","Finesse"],"picked":"Jack Of All Trades","floor":47},{"not_picked":["ats:Very Hot Blade+1","ats:Wolf Pack+1"],"picked":"ats:Charging Defense+1","floor":48},{"not_picked":["ats:Very Hot Blade+1","ats:Assault Order"],"picked":"ats:Powerful Strike+1","floor":49}],"player_experience":762348,"relics_obtained":[{"floor":8,"key":"ats:Originium"},{"floor":8,"key":"Anchor"},{"floor":9,"key":"Rawhide"},{"floor":14,"key":"ats:Originium"},{"floor":14,"key":"SuspiciousGoo"},{"floor":24,"key":"ats:Originium"},{"floor":24,"key":"MealTicket"},{"floor":26,"key":"Eternal Feather"},{"floor":43,"key":"Bag of Marbles"},{"floor":46,"key":"ats:Originium"},{"floor":46,"key":"Dream Catcher"},{"floor":48,"key":"Oddly Smooth Stone"}],"event_choices":[{"damage_healed":0,"gold_gain":75,"player_choice":"Gather Gold","damage_taken":11,"max_hp_gain":0,"max_hp_loss":0,"event_name":"World of Goop","floor":3,"gold_loss":0},{"damage_healed":0,"gold_gain":0,"player_choice":"Got Potions","damage_taken":0,"max_hp_gain":0,"max_hp_loss":0,"event_name":"Lab","floor":10,"gold_loss":0},{"damage_healed":0,"gold_gain":0,"player_choice":"Full Heal","damage_taken":0,"max_hp_gain":0,"max_hp_loss":0,"event_name":"Wheel of Change","floor":29,"gold_loss":0},{"damage_healed":0,"gold_gain":0,"player_choice":"Bought 0 Potions","damage_taken":0,"max_hp_gain":0,"max_hp_loss":0,"event_name":"The Woman in Blue","floor":41,"gold_loss":0},{"damage_healed":0,"gold_gain":0,"player_choice":"Memory 1","damage_taken":0,"max_hp_gain":0,"max_hp_loss":0,"event_name":"SensoryStone","floor":47,"gold_loss":0}],"is_beta":false,"boss_relics":[{"not_picked":["energizedSpire:DeadBattery","aspiration:SecretTechniqueScroll"],"picked":"energizedSpire:NeverEndingSparkler"},{"not_picked":["aspiration:IroncladSkillbook","Astrolabe"],"picked":"energizedSpire:HugeHouse"}],"items_purged_floors":[12],"is_endless":false,"potions_floor_spawned":[2,7,8,14,16,20,24,30,33,35,37,38,48],"ascension_level":8}}