{"host":"dhyczjm99amxd3qx","time":1613194575,"event":{"mods":["BaseMod","Colored Map","Googly Eyes","Highlight Path","Minty Spire (QoL Compilation)","Quick Restart","StSLib"],"gold_per_floor":[119,136,136,136,136,165,165,199,224,251,267,267,35,49,49,152,152,171,185,185,185,205,205,130,130,209,237,97,110,143,157,157,254,254,266,366,377,377,37,37,62,62,62,97,112,112,138,187,187,187],"floor_reached":51,"language":"ENG","playtime":6300,"items_purged":["Strike_G","Strike_G","Neutralize+1"],"score":1367,"play_id":"31256c79-0b4c-477f-8236-3c169e357b81","local_time":"20210213003615","is_ascension_mode":true,"campfire_choices":[{"data":"Survivor","floor":7,"key":"SMITH"},{"data":"Prepared","floor":15,"key":"SMITH"},{"data":"Tools of the Trade","floor":23,"key":"SMITH"},{"data":"Leg Sweep","floor":25,"key":"SMITH"},{"data":"Accuracy","floor":32,"key":"SMITH"},{"data":"A Thousand Cuts","floor":40,"key":"SMITH"},{"data":"Reflex","floor":42,"key":"SMITH"},{"data":"Reflex","floor":46,"key":"SMITH"},{"data":"Envenom","floor":49,"key":"SMITH"}],"circlet_count":0,"master_deck":["AscendersBane","Defend_G","Defend_G+1","Defend_G","Defend_G+1","Survivor+1","Infinite Blades","Infinite Blades","Blade Dance","Escape Plan","Prepared+1","Tools of the Trade+1","Leg Sweep+1","Escape Plan+1","Cloak And Dagger","Escape Plan","Reflex+1","Reflex+1","Footwork","Accuracy+1","A Thousand Cuts+1","Concentrate","Tactician","Blade Dance","Acrobatics","Accuracy+1","Footwork","Envenom+1","Deflect"],"relics":["Ring of the Serpent","Strawberry","Kunai","Bag of Marbles","Bag of Preparation","Lee\u0027s Waffle","Prayer Wheel","The Courier","Art of War","Smiling Mask","Sozu","Gambling Chip","Potion Belt","Blue Candle","InkBottle","Torii","Calipers"],"acts_visited":["Exordium","TheCity","TheBeyond"],"potions_floor_usage":[8,8,10,22,22,22,29,31,33,33],"damage_taken":[{"damage":2,"enemies":"Jaw Worm","floor":1,"turns":5},{"damage":7,"enemies":"Small Slimes","floor":2,"turns":5},{"damage":25,"enemies":"3 Sentries","floor":6,"turns":12},{"damage":2,"enemies":"Lagavulin","floor":8,"turns":7},{"damage":17,"enemies":"Gremlin Nob","floor":10,"turns":5},{"damage":0,"enemies":"Cultist","floor":11,"turns":2},{"damage":3,"enemies":"3 Louse","floor":14,"turns":5},{"damage":51,"enemies":"Hexaghost","floor":16,"turns":16},{"damage":0,"enemies":"Chosen","floor":18,"turns":6},{"damage":3,"enemies":"Shell Parasite","floor":19,"turns":8},{"damage":3,"enemies":"Cultist and Chosen","floor":22,"turns":11},{"damage":8,"enemies":"Book of Stabbing","floor":27,"turns":11},{"damage":0,"enemies":"Centurion and Healer","floor":29,"turns":9},{"damage":9,"enemies":"Slavers","floor":30,"turns":17},{"damage":0,"enemies":"3 Cultists","floor":31,"turns":7},{"damage":0,"enemies":"Automaton","floor":33,"turns":7},{"damage":8,"enemies":"3 Shapes","floor":35,"turns":4},{"damage":9,"enemies":"3 Darklings","floor":37,"turns":5},{"damage":8,"enemies":"Reptomancer","floor":41,"turns":4},{"damage":0,"enemies":"Nemesis","floor":44,"turns":5},{"damage":1,"enemies":"Spire Growth","floor":45,"turns":3},{"damage":4,"enemies":"Giant Head","floor":47,"turns":3},{"damage":3,"enemies":"2 Orb Walkers","floor":48,"turns":4},{"damage":2,"enemies":"Donu and Deca","floor":50,"turns":8}],"seed_played":"-1805894457184841681","potions_obtained":[{"floor":2,"key":"Swift Potion"},{"floor":6,"key":"SkillPotion"},{"floor":8,"key":"AttackPotion"},{"floor":14,"key":"Regen Potion"},{"floor":21,"key":"EntropicBrew"},{"floor":27,"key":"Block Potion"},{"floor":29,"key":"Strength Potion"},{"floor":30,"key":"Poison Potion"},{"floor":31,"key":"BlessingOfTheForge"}],"is_trial":false,"path_per_floor":["M","M","?","?","?","E","R","E","T","E","M","?","$","M","R","B",null,"M","M","T","?","M","R","?","R","T","E","$","M","E","M","R","B",null,"M","?","M","?","$","R","E","R","T","E","M","R","E","?","R","B",null],"character_chosen":"THE_SILENT","items_purchased":["Lee\u0027s Waffle","Escape Plan","Gambling Chip","Acrobatics"],"campfire_rested":0,"item_purchase_floors":[13,28,39,39],"current_hp_per_floor":[68,61,46,39,39,21,21,19,19,2,2,2,91,88,88,37,78,78,75,75,75,87,87,87,87,87,79,79,79,70,70,70,70,86,78,78,69,69,69,69,61,61,61,61,60,60,56,53,53,51],"gold":187,"neow_bonus":"TEN_PERCENT_HP_BONUS","is_daily":false,"chose_seed":false,"campfire_upgraded":9,"win_rate":0.0,"timestamp":1613194575,"path_taken":["M","M","?","?","?","E","R","E","T","E","?","?","$","M","R","BOSS","M","M","?","?","?","R","?","R","T","E","$","M","E","M","R","BOSS","M","?","?","?","$","R","E","R","T","E","M","R","E","?","R","BOSS"],"items_purchased_type":["Relic","Card","Relic","Card"],"build_version":"2020-12-22","purchased_purges":3,"victory":true,"max_hp_per_floor":[77,77,77,77,77,84,84,84,84,84,84,84,91,91,91,91,91,91,91,91,91,91,91,91,91,91,91,91,91,91,91,91,91,91,91,91,91,91,91,91,91,91,91,91,91,91,91,91,91,91],"card_choices":[{"not_picked":["Backflip","Endless Agony"],"picked":"Infinite Blades","floor":1},{"not_picked":["Dagger Spray","Deadly Poison","Dagger Throw"],"picked":"SKIP","floor":2},{"not_picked":["Underhanded Strike","Expertise","Quick Slash"],"picked":"SKIP","floor":6},{"not_picked":["Masterful Stab","Deflect"],"picked":"Infinite Blades","floor":8},{"not_picked":["Well Laid Plans","Outmaneuver"],"picked":"Blade Dance","floor":10},{"not_picked":["Deadly Poison","Skewer"],"picked":"Escape Plan","floor":11},{"not_picked":["Terror","Dagger Spray"],"picked":"Prepared","floor":14},{"not_picked":["Glass Knife","Malaise"],"picked":"Tools of the Trade","floor":16},{"not_picked":["Endless Agony","Backflip"],"picked":"Leg Sweep","floor":18},{"not_picked":["PiercingWail","Backflip","Slice"],"picked":"SKIP","floor":19},{"not_picked":["Poisoned Stab","Bane"],"picked":"Escape Plan+1","floor":22},{"not_picked":["Leg Sweep","Outmaneuver"],"picked":"Cloak And Dagger","floor":22},{"not_picked":["Bouncing Flask","Riddle With Holes","Deadly Poison"],"picked":"SKIP","floor":27},{"not_picked":["Flying Knee","Grand Finale"],"picked":"Reflex","floor":29},{"not_picked":["Flying Knee","Dagger Spray","Bane"],"picked":"SKIP","floor":29},{"not_picked":["Wraith Form v2","Masterful Stab+1"],"picked":"Reflex","floor":30},{"not_picked":["Backflip","Dagger Spray"],"picked":"Footwork","floor":31},{"not_picked":["Backflip","Deadly Poison"],"picked":"Accuracy","floor":31},{"not_picked":["Corpse Explosion","Storm of Steel"],"picked":"A Thousand Cuts","floor":33},{"not_picked":["Dodge and Roll","Deflect"],"picked":"Concentrate","floor":35},{"not_picked":["Sucker Punch","Poisoned Stab"],"picked":"Tactician","floor":35},{"not_picked":["Heel Hook+1","Dagger Throw"],"picked":"Blade Dance","floor":37},{"not_picked":["Dodge and Roll+1","Slice","Sucker Punch+1"],"picked":"SKIP","floor":37},{"not_picked":["Prepared","PiercingWail+1"],"picked":"Accuracy+1","floor":41},{"not_picked":["Deadly Poison","Leg Sweep+1"],"picked":"Footwork","floor":44},{"not_picked":["Outmaneuver+1","Flying Knee","Deflect"],"picked":"SKIP","floor":45},{"not_picked":["Terror","Deflect","Slice"],"picked":"SKIP","floor":45},{"not_picked":["Sucker Punch","Dagger Throw"],"picked":"Envenom","floor":47},{"not_picked":["Riddle With Holes+1","Blade Dance+1"],"picked":"Deflect","floor":48}],"player_experience":369802,"relics_obtained":[{"floor":6,"key":"Strawberry"},{"floor":8,"key":"Kunai"},{"floor":9,"key":"Bag of Marbles"},{"floor":10,"key":"Bag of Preparation"},{"floor":20,"key":"Prayer Wheel"},{"floor":26,"key":"The Courier"},{"floor":27,"key":"Art of War"},{"floor":30,"key":"Smiling Mask"},{"floor":41,"key":"Potion Belt"},{"floor":43,"key":"Blue Candle"},{"floor":44,"key":"InkBottle"},{"floor":47,"key":"Torii"},{"floor":48,"key":"Calipers"}],"event_choices":[{"damage_healed":0,"gold_gain":0,"player_choice":"Entered Light","damage_taken":15,"max_hp_gain":0,"max_hp_loss":0,"event_name":"Shining Light","floor":3,"gold_loss":0,"cards_upgraded":["Defend_G","Defend_G"]},{"cards_removed":["Strike_G"],"damage_healed":0,"gold_gain":0,"player_choice":"Card Removal","damage_taken":7,"max_hp_gain":0,"max_hp_loss":0,"event_name":"Golden Wing","floor":4,"gold_loss":0},{"damage_healed":0,"gold_gain":0,"player_choice":"Forge","damage_taken":0,"max_hp_gain":0,"max_hp_loss":0,"event_name":"Accursed Blacksmith","floor":5,"gold_loss":0,"cards_upgraded":["Neutralize"]},{"cards_removed":["Strike_G"],"damage_healed":0,"gold_gain":0,"player_choice":"Purged","damage_taken":0,"max_hp_gain":0,"max_hp_loss":0,"event_name":"Purifier","floor":12,"gold_loss":0},{"damage_healed":0,"gold_gain":0,"player_choice":"Got Potions","damage_taken":0,"max_hp_gain":0,"max_hp_loss":0,"event_name":"Lab","floor":21,"gold_loss":0},{"cards_removed":["Strike_G"],"damage_healed":0,"gold_gain":0,"player_choice":"Gave Gold","damage_taken":0,"max_hp_gain":0,"max_hp_loss":0,"event_name":"Beggar","floor":24,"gold_loss":75},{"damage_healed":0,"gold_gain":100,"player_choice":"Pray","damage_taken":0,"max_hp_gain":0,"max_hp_loss":0,"event_name":"Golden Shrine","floor":36,"gold_loss":0},{"cards_removed":["Defend_G"],"damage_healed":0,"gold_gain":0,"player_choice":"Removed Skill","damage_taken":0,"max_hp_gain":0,"max_hp_loss":0,"event_name":"Falling","floor":38,"gold_loss":0},{"damage_healed":0,"gold_gain":0,"player_choice":"Fight","damage_taken":0,"max_hp_gain":0,"max_hp_loss":0,"event_name":"Mysterious Sphere","floor":48,"gold_loss":0}],"is_beta":false,"boss_relics":[{"not_picked":["Snecko Eye","SlaversCollar"],"picked":"Ring of the Serpent"},{"not_picked":["Busted Crown","Astrolabe"],"picked":"Sozu"}],"items_purged_floors":[13,28,39],"is_endless":false,"potions_floor_spawned":[2,6,8,14,27,29,30,31,35,44,45],"ascension_level":12}}