{"host":"p0hktren06injwdf","time":1613189879,"event":{"mods":["AchievementEnabler","BaseMod","Colored Map","DeckTracker","Minty Spire (QoL Compilation)","Permanent Neow","StSLib","SuperFastMode"],"gold_per_floor":[111,131,44,44,44,73,73,83,130,144,164,61,77,77,77,154,154,173,185,2,22,22,22],"floor_reached":22,"language":"KOR","playtime":487,"items_purged":["Strike_B","Defend_B"],"score":376,"play_id":"60fffb2a-6e96-47de-96cf-f529e3e1086c","local_time":"20210213131759","is_ascension_mode":true,"campfire_choices":[{"floor":7,"key":"REST"},{"floor":15,"key":"REST"}],"circlet_count":0,"master_deck":["AscendersBane","Defend_B","Defend_B+1","Defend_B","Zap","Dualcast+1","Beam Cell","Defragment","White Noise","Capacitor","FTL","Coolheaded","Hologram","Core Surge","Consume+1","Scrape+1","Stack+1","Loop","Defragment","Defragment"],"relics":["Cracked Core","Torii","Oddly Smooth Stone","War Paint","Astrolabe"],"acts_visited":["Exordium","TheCity"],"potions_floor_usage":[6,11,13,19],"damage_taken":[{"damage":1,"enemies":"Small Slimes","floor":1,"turns":3},{"damage":12,"enemies":"Jaw Worm","floor":2,"turns":2},{"damage":42,"enemies":"3 Sentries","floor":6,"turns":8},{"damage":0,"enemies":"Cultist","floor":8,"turns":3},{"damage":12,"enemies":"Exordium Thugs","floor":10,"turns":4},{"damage":1,"enemies":"3 Louse","floor":11,"turns":3},{"damage":8,"enemies":"Looter","floor":13,"turns":3},{"damage":23,"enemies":"The Guardian","floor":16,"turns":14},{"damage":22,"enemies":"Shell Parasite","floor":18,"turns":8},{"damage":22,"enemies":"3 Byrds","floor":19,"turns":8},{"damage":8,"enemies":"Centurion and Healer","floor":21,"turns":7},{"damage":0,"enemies":"Cultist and Chosen","floor":22,"turns":1}],"seed_played":"-6390497480647157762","potions_obtained":[{"floor":2,"key":"LiquidMemories"},{"floor":6,"key":"Explosive Potion"},{"floor":11,"key":"AttackPotion"},{"floor":13,"key":"Fruit Juice"},{"floor":16,"key":"Strength Potion"},{"floor":19,"key":"FearPotion"}],"is_trial":false,"path_per_floor":["M","M","$","?","?","E","R","M","T","M","M","$","M","?","R","B",null,"M","M","$","M","M"],"character_chosen":"DEFECT","items_purchased":["Defragment","Coolheaded","Defragment"],"campfire_rested":2,"item_purchase_floors":[3,12,20],"current_hp_per_floor":[63,51,51,51,56,14,34,34,34,22,21,21,18,18,40,17,60,38,16,16,8,8,8],"gold":22,"neow_bonus":"ONE_RARE_RELIC","is_daily":false,"chose_seed":false,"campfire_upgraded":0,"win_rate":0.0,"timestamp":1613189879,"path_taken":["M","M","$","?","?","E","R","M","T","M","M","$","M","?","R","BOSS","M","M","$","M","M"],"items_purchased_type":["Card","Card","Card"],"build_version":"2020-12-22","purchased_purges":2,"victory":false,"max_hp_per_floor":[64,64,64,64,69,69,69,69,69,69,69,69,74,74,74,74,74,74,74,74,74,74,74],"card_choices":[{"not_picked":["Hologram","Steam"],"picked":"Beam Cell","floor":1},{"not_picked":["Stack","Beam Cell","Rebound"],"picked":"SKIP","floor":2},{"not_picked":["Compile Driver","Doom and Gloom"],"picked":"White Noise","floor":6},{"not_picked":["Go for the Eyes","Leap"],"picked":"Capacitor","floor":8},{"not_picked":["Barrage","Sweeping Beam"],"picked":"FTL","floor":10},{"not_picked":["Doom and Gloom","Recycle","Redo"],"picked":"SKIP","floor":11},{"not_picked":["Stack","Undo"],"picked":"Hologram","floor":13},{"not_picked":["Buffer","Amplify"],"picked":"Core Surge","floor":16},{"not_picked":["Skim+1","Gash"],"picked":"Loop","floor":18},{"not_picked":["Gash","Compile Driver"],"picked":"Defragment","floor":19},{"not_picked":["Compile Driver","Lockon","Darkness"],"picked":"SKIP","floor":21}],"player_experience":1045924,"relics_obtained":[{"floor":6,"key":"Oddly Smooth Stone"},{"floor":9,"key":"War Paint"}],"event_choices":[{"damage_healed":0,"gold_gain":0,"player_choice":"Leave","damage_taken":0,"max_hp_gain":0,"max_hp_loss":0,"event_name":"The Cleric","floor":4,"gold_loss":0},{"damage_healed":0,"gold_gain":0,"player_choice":"Donut","damage_taken":0,"max_hp_gain":5,"max_hp_loss":0,"event_name":"Big Fish","floor":5,"gold_loss":0},{"damage_healed":0,"gold_gain":0,"player_choice":"Ignored","damage_taken":0,"max_hp_gain":0,"max_hp_loss":0,"event_name":"Shining Light","floor":14,"gold_loss":0}],"is_beta":false,"boss_relics":[{"not_picked":["SlaversCollar","Cursed Key"],"picked":"Astrolabe"}],"items_purged_floors":[12,20],"is_endless":false,"potions_floor_spawned":[2,6,11,13,16,19],"killed_by":"Cultist and Chosen","ascension_level":20}}