{"host":"78azdv0oxplymbah","time":1613194687,"event":{"mods":["Aspiration","BaseMod","Better Third Choice","BetterRewards","Challenge The Spire","Conspire","Highlight Path","KinomotoSakuraMod(木之本樱)","Minty Spire (QoL Compilation)","MostiFishMod","Quick Restart","Relic Stats","Remove Card Discount Mod","Replay The Spire","RumiaBox-露米娅的神秘盒子","Spicy Shops","StSLib","TestMod","UnlockEverythingMod","Waifu the Spire","[功能]功能增强和修复MOD","【功能Mod】混沌之环修复补丁","【遗物卡牌】REMEMod"],"gold_per_floor":[147,201,255,285,10,10,10],"floor_reached":6,"language":"ZHS","playtime":467,"items_purged":["MostiFishMod:FireWorks","ClowCardTheMaze","ClowCardTheFloat","ClowCardTheFloat","ClowCardTheLittle","ClowCardTheLittle","ClowCardTheMirror","MostiFishMod:FireWorks","MostiFishMod:FireWorks","ClowCardTheMaze","ClowCardTheMaze","ClowCardTheMaze","ClowCardTheFloat","ClowCardTheMirror"],"score":176,"play_id":"1c2fe74a-fdfb-4af6-85d7-eab279f6df07","local_time":"20210213133807","daily_mods":["Draft","Hoarder","Vintage","Heirloom","Time Dilation","Flight","DeadlyEvents","Elite Swarm","Midas"],"is_ascension_mode":true,"campfire_choices":[],"circlet_count":0,"master_deck":["AscendersBane","ClowCardTheThrough","ClowCardTheThrough","ClowCardTheThrough","ClowCardTheLittle","ClowCardTheSweet","ClowCardTheSweet","ClowCardTheSweet","ClowCardTheSand","ClowCardTheSand","ClowCardTheSand","ClowCardTheMirror","ClowCardTheMaze","ClowCardTheMist","ClowCardTheMist","ClowCardTheMist","ClowCardTheCreate","ClowCardTheCreate","ClowCardTheCreate","ClowCardTheMaze"],"relics":["Unceasing Top","REME_ComplimentaryCards","testmod-TestBox","DaveBox","Nloth\u0027s Gift","testmod-TurbochargingSystem","conspire:GiftBox","StoneCalendar","SynthV:TestCard","Kunai","MagicDraw3","Regal Pillow","SynthV:C4","testmod-LifeArmor","aspiration:AnachronicSnailShell","Civilization","aspiration:FetidBarrel","Replay:Baseball","CeramicFish","testmod-IndustrialRevolution"],"acts_visited":["Exordium"],"potions_floor_usage":[3,3],"damage_taken":[{"damage":12,"enemies":"Jaw Worm","floor":1,"turns":1},{"damage":8,"enemies":"Cultist","floor":2,"turns":2},{"damage":20,"enemies":"Small Slimes","floor":3,"turns":4},{"damage":37,"enemies":"2 Fungi Beasts","floor":4,"turns":5},{"damage":0,"enemies":"3 Sentries","floor":6,"turns":2}],"seed_played":"-1001783114912002648","potions_obtained":[{"floor":1,"key":"Energy Potion"},{"floor":3,"key":"FairyPotion"},{"floor":3,"key":"Fruit Juice"},{"floor":4,"key":"FairyPotion"}],"is_trial":true,"path_per_floor":["M","M","M","M","$","E"],"character_chosen":"KINOMOTOSAKURA","items_purchased":["ClowCardTheCreate","Civilization","aspiration:FetidBarrel","Replay:Baseball","CeramicFish","testmod-IndustrialRevolution","ClowCardTheMaze"],"campfire_rested":0,"item_purchase_floors":[5,5,5,5,5,5,5],"current_hp_per_floor":[47,39,34,12,12,12,12],"gold":10,"neow_bonus":"","is_daily":false,"chose_seed":false,"campfire_upgraded":0,"win_rate":0.0,"timestamp":1613194687,"path_taken":["M","M","M","M","$","E"],"items_purchased_type":["Card","Relic","Relic","Relic","Relic","Relic","Card"],"build_version":"2020-12-22","purchased_purges":14,"victory":false,"max_hp_per_floor":[65,65,70,70,70,70,70],"relic_stats":{"Regal Pillow":0,"counters":[5,14],"CeramicFish":9,"StoneCalendar":[0],"Nloth\u0027s Gift":1,"Kunai":[0],"obtain_stats":[{"Regal Pillow":3,"testmod-TestBox":0,"DaveBox":0,"aspiration:FetidBarrel":5,"CeramicFish":5,"StoneCalendar":1,"testmod-LifeArmor":4,"testmod-TurbochargingSystem":0,"MagicDraw3":3,"testmod-IndustrialRevolution":5,"SynthV:C4":4,"Civilization":5,"conspire:GiftBox":0,"Replay:Baseball":5,"SynthV:TestCard":1,"aspiration:AnachronicSnailShell":4,"Nloth\u0027s Gift":0,"Kunai":2,"Unceasing Top":0,"REME_ComplimentaryCards":0},{"Regal Pillow":3,"testmod-TestBox":0,"DaveBox":0,"aspiration:FetidBarrel":4,"CeramicFish":4,"StoneCalendar":1,"testmod-LifeArmor":4,"testmod-TurbochargingSystem":0,"MagicDraw3":3,"testmod-IndustrialRevolution":4,"SynthV:C4":4,"Civilization":4,"conspire:GiftBox":0,"Replay:Baseball":4,"SynthV:TestCard":1,"aspiration:AnachronicSnailShell":4,"Nloth\u0027s Gift":0,"Kunai":2,"Unceasing Top":0,"REME_ComplimentaryCards":0},{"Regal Pillow":7,"testmod-TestBox":0,"DaveBox":0,"aspiration:FetidBarrel":12,"CeramicFish":12,"StoneCalendar":1,"testmod-LifeArmor":12,"testmod-TurbochargingSystem":0,"MagicDraw3":7,"testmod-IndustrialRevolution":12,"SynthV:C4":12,"Civilization":12,"conspire:GiftBox":0,"Replay:Baseball":12,"SynthV:TestCard":1,"aspiration:AnachronicSnailShell":12,"Nloth\u0027s Gift":0,"Kunai":3,"Unceasing Top":0,"REME_ComplimentaryCards":0}],"Unceasing Top":[1]},"card_choices":[{"not_picked":["ClowCardTheReturn","ClowCardTheLight"],"picked":"ClowCardTheThrough","floor":0},{"not_picked":["ClowCardTheBubbles","ClowCardTheChange"],"picked":"ClowCardTheFloat","floor":1},{"not_picked":["ClowCardTheFly","ClowCardTheIllusion"],"picked":"ClowCardTheLittle","floor":1},{"not_picked":["ClowCardTheArrow","ClowCardTheCloud","ClowCardTheSand","ClowCardTheGlow"],"picked":"ClowCardTheSweet","floor":2},{"not_picked":["ClowCardTheSweet","ClowCardTheLoop","ClowCardTheWood","ClowCardTheFlower"],"picked":"ClowCardTheCreate","floor":2},{"not_picked":["ClowCardTheVoice","ClowCardTheLoop","ClowCardTheWindy","ClowCardTheShadow"],"picked":"ClowCardTheSand","floor":3},{"not_picked":["ClowCardTheMaze","ClowCardTheBig","ClowCardTheErase","ClowCardTheWatery"],"picked":"ClowCardTheMirror","floor":3},{"not_picked":["ClowCardTheSand","ClowCardTheStorm","ClowCardTheWatery","ClowCardTheSnow"],"picked":"ClowCardTheMaze","floor":4},{"not_picked":["ClowCardThePower","ClowCardTheRain","ClowCardTheChange","ClowCardTheBig"],"picked":"ClowCardTheMist","floor":4}],"player_experience":57027,"relics_obtained":[{"floor":1,"key":"StoneCalendar"},{"floor":1,"key":"SynthV:TestCard"},{"floor":2,"key":"Kunai"},{"floor":3,"key":"MagicDraw3"},{"floor":3,"key":"Regal Pillow"},{"floor":4,"key":"SynthV:C4"},{"floor":4,"key":"testmod-LifeArmor"},{"floor":4,"key":"aspiration:AnachronicSnailShell"}],"event_choices":[],"is_beta":false,"boss_relics":[],"items_purged_floors":[5,5,5,5,5,5,5,5,5,5,5,5,5,5],"is_endless":true,"potions_floor_spawned":[1,3,3,4],"killed_by":"3 Sentries","ascension_level":20}}