{"host":"fnndj664xgd3vavt","time":1613187658,"event":{"mods":["AchievementEnabler","BaseMod","Colored Powertips","DeckTracker","Downfall","Hermit","Highlight Path","Infinite Spire","Marisa????????","Minty Spire (QoL Compilation)","Quick Restart","Random Character Button","Replay The Spire","StSLib","The Cursed","The Servant 0.9.4"],"gold_per_floor":[99,119,269,282,292,292,317,333,333,333,233,244,244,257,268,132,132,143,246,246,246,246,246,346,346,361,434,434,452,452,487,487,504,504,517,619,619,619,670,719,735,735,759,811,811,811,824,824,834,834,518,534,548],"floor_reached":54,"language":"ENG","playtime":3165,"items_purged":["Pride","Delirium"],"score":729,"play_id":"7410f53b-8a02-43d7-9b70-613bcc72ffef","local_time":"20210212224058","is_ascension_mode":false,"campfire_choices":[{"floor":1.0,"key":"RECALL"},{"data":"infinitespire:Starlight","floor":11.0,"key":"SMITH"},{"data":"Guardian:AncientConstruct","floor":21.0,"key":"SMITH"},{"data":"downfall:Bewildered","floor":28.0,"key":"PURGE"},{"data":"Normality","floor":30.0,"key":"PURGE"},{"data":"Replay:Sluggish","floor":38.0,"key":"PURGE"},{"data":"Languid","floor":46,"key":"PURGE"},{"data":"Guardian:TimeCapacitor","floor":50,"key":"SMITH"}],"circlet_count":0,"master_deck":["Guardian:Strike_Guardian","Guardian:Strike_Guardian","Guardian:Strike_Guardian","Guardian:Defend_Guardian","Guardian:Defend_Guardian","Guardian:Defend_Guardian","Guardian:Defend_Guardian","Guardian:CurlUp","Guardian:TwinSlam","Guardian:PrimingBeam","infinitespire:Starlight+1","Guardian:Planning","Guardian:Orbwalk+1","Guardian:TimeCapacitor+1","Guardian:Incinerate","Guardian:AncientConstruct+1","Guardian:ChargeCore","Guardian:TemporalShield+1","Guardian:SentryBeam+1","Guardian:PrismaticBeam+1","Guardian:Gem_Fragmented","Guardian:TimeCapacitor+1","Guardian:Gem_Lightblue"],"relics":["Guardian:ModeShifter","Bronze Scales","downfall:HeartBlessingRed","Ring of Misfortune","Ring of Fangs","Busted Crown","sneckomod:BabySnecko","Replay:Accelerometer","Peace Pipe","Bottled Lightning","Slimebound:PreparedRelic","Red Mask","SlaversCollar","Ornamental Fan","Replay:Ancient Bell","Pen Nib","infinitespire:CheckeredPen","Durian","CatCart","infinitespire:Midas Blood","expansioncontent:StudyCardRelic","Simple Rune","Happy Flower","Vajra","Blue Doll"],"acts_visited":["Exordium","TheCity","TheBeyond"],"potions_floor_usage":[],"damage_taken":[{"damage":6.0,"enemies":"2 Louse","floor":2.0,"turns":3.0},{"damage":16.0,"enemies":"Jaw Worm","floor":4.0,"turns":4.0},{"damage":1.0,"enemies":"Cultist","floor":5.0,"turns":5.0},{"damage":5.0,"enemies":"Large Slime","floor":8.0,"turns":6.0},{"damage":6.0,"enemies":"2 Fungi Beasts","floor":12.0,"turns":3.0},{"damage":9.0,"enemies":"Large Slime","floor":14.0,"turns":7.0},{"damage":15.0,"enemies":"Exordium Thugs","floor":15.0,"turns":5.0},{"damage":10.0,"enemies":"downfall:FleeingMerchant","floor":16.0,"turns":4.0},{"damage":15.0,"enemies":"3 Louse","floor":18.0,"turns":3.0},{"damage":59.0,"enemies":"IC_STATUS_ARCHETYPE","floor":19.0,"turns":16.0},{"damage":41.0,"enemies":"WA_ARCHETYPE_RETAIN","floor":24.0,"turns":9.0},{"damage":7.0,"enemies":"3 Byrds","floor":26.0,"turns":5.0},{"damage":24.0,"enemies":"Shell Parasite","floor":29.0,"turns":5.0},{"damage":16.0,"enemies":"Masked Bandits","floor":31.0,"turns":4.0},{"damage":24.0,"enemies":"Sentry and Sphere","floor":33.0,"turns":6.0},{"damage":14.0,"enemies":"Centurion and Healer","floor":35.0,"turns":6.0},{"damage":55.0,"enemies":"DF_ARCHETYPE_CLAW","floor":36.0,"turns":9.0},{"damage":44.0,"enemies":"Orin","floor":39.0,"turns":11.0},{"damage":4.0,"enemies":"3 Shapes","floor":41.0,"turns":5.0},{"damage":10.0,"enemies":"3 Darklings","floor":43.0,"turns":4.0},{"damage":0,"enemies":"Transient","floor":47,"turns":5},{"damage":0,"enemies":"Maw","floor":49,"turns":5},{"damage":0,"enemies":"downfall:FleeingMerchant","floor":51,"turns":4},{"damage":0,"enemies":"Sphere and 2 Shapes","floor":52,"turns":5},{"damage":137,"enemies":"WA_ARCHETYPE_DIVINITY","floor":53,"turns":8}],"seed_played":"5797797165367466907","potions_obtained":[{"floor":8.0,"key":"sneckomod:MuddlingPotion"},{"floor":12.0,"key":"Block Potion"},{"floor":14.0,"key":"infinitespire:BlackPotion"},{"floor":36.0,"key":"PowerPotion"}],"is_trial":false,"path_per_floor":["R","M","?","M","M","?","T","M","PTL","PTL","R","M","?","M","M","$","?","M","B",null,"R","?","?","?","?","M","T","R","M","R","?","?","M","AVR","M","B",null,"R","?","?","M","AVR","M","T","?","R","M","?","M","R","$","M","B",null],"character_chosen":"GUARDIAN","items_purchased":["Guardian:TimeCapacitor","Guardian:Gem_Red","Vajra","Blue Doll"],"campfire_rested":0,"item_purchase_floors":[16,16,51,51],"current_hp_per_floor":[88,82,82,66,65,43,43,48,48,48,48,57,57,63,63,68,68,68,24,88,88,88,88,62,62,70,70,70,61,61,60,60,51,51,52,12,93,93,49,26,37,37,42,42,42,42,57,57,72,72,87,93,56],"gold":548,"neow_bonus":"TEN_PERCENT_HP_BONUS","is_daily":false,"chose_seed":false,"campfire_upgraded":3,"win_rate":0.0,"timestamp":1613187658,"path_taken":["R","M","?","M","M","?","T","M","PTL","PTL","R","M","?","M","?","$","?","M","BOSS","R","?","?","?","?","?","T","R","M","R","?","?","M","AVR","M","BOSS","R","?","?","M","AVR","?","T","?","R","M","?","?","R","?","M","BOSS"],"items_purchased_type":["Card","Card","Relic","Relic"],"build_version":"2020-12-22","purchased_purges":2,"victory":true,"max_hp_per_floor":[88,88,88,88,88,88,88,88,88,88,88,88,88,88,88,88,88,88,88,88,88,88,88,88,88,88,88,88,88,88,88,88,88,88,88,88,93,93,93,93,93,93,93,93,93,93,93,93,93,93,93,93,93],"card_choices":[{"not_picked":["Guardian:TemporalShield","Guardian:ShieldSpikes"],"picked":"Guardian:Gem_Lightblue","floor":2.0},{"not_picked":["Guardian:ArmoredProtocol","Guardian:Planning"],"picked":"Guardian:Gem_Blue","floor":4.0},{"not_picked":["Guardian:Orbwalk","Guardian:PiercingHide"],"picked":"Guardian:PrimingBeam","floor":5.0},{"not_picked":["infinitespire:DeathsTouch","infinitespire:SevenWalls"],"picked":"infinitespire:Starlight","floor":6.0},{"not_picked":["Guardian:ShieldSpikes","Guardian:TemporalShield","Guardian:GatlingBeam"],"picked":"SKIP","floor":8.0},{"not_picked":["Guardian:WalkerClaw","Guardian:Repulse","Guardian:GuardianWhirl"],"picked":"SKIP","floor":12.0},{"not_picked":["Guardian:RollAttack","Guardian:BodySlam"],"picked":"Guardian:Planning","floor":14.0},{"not_picked":["Guardian:DecasProtection","Guardian:ArmoredProtocol"],"picked":"Guardian:Orbwalk","floor":15.0},{"not_picked":["Guardian:Reroute","Guardian:ConstructionForm"],"picked":"Guardian:Gem_Crimson","floor":16.0},{"not_picked":["Guardian:TemporalShield","Guardian:Gem_Red"],"picked":"Guardian:Incinerate","floor":18.0},{"not_picked":["Guardian:ConstructionForm","Guardian:StasisStrike"],"picked":"Guardian:AncientConstruct","floor":19.0},{"not_picked":[],"picked":"Guardian:Gem_Lightblue","floor":24.0},{"not_picked":["Guardian:CrystalBeam"],"picked":"SKIP","floor":26.0},{"not_picked":["Guardian:BronzeOrb+1"],"picked":"SKIP","floor":29.0},{"not_picked":[],"picked":"Guardian:ChargeCore","floor":31.0},{"not_picked":[],"picked":"Guardian:Gem_Crimson","floor":33.0},{"not_picked":["Guardian:Reroute"],"picked":"SKIP","floor":35.0},{"not_picked":[],"picked":"Guardian:Gem_Orange","floor":36.0},{"not_picked":[],"picked":"Replay:Sluggish","floor":37.0},{"not_picked":[],"picked":"Languid","floor":37.0},{"not_picked":[],"picked":"Delirium","floor":37.0},{"not_picked":[],"picked":"Guardian:TemporalShield+1","floor":39.0},{"not_picked":[],"picked":"Guardian:Gem_Lightblue","floor":40.0},{"not_picked":[],"picked":"Guardian:SentryBeam+1","floor":40.0},{"not_picked":["Guardian:CrystalBeam"],"picked":"SKIP","floor":41.0},{"not_picked":["Guardian:PolyBeam"],"picked":"SKIP","floor":43.0},{"not_picked":[],"picked":"Guardian:PrismaticBeam+1","floor":47},{"not_picked":[],"picked":"Guardian:TimeCapacitor+1","floor":49},{"not_picked":[],"picked":"Guardian:Gem_Lightblue","floor":51},{"not_picked":["Guardian:TimeBomb"],"picked":"SKIP","floor":52}],"player_experience":319512,"relics_obtained":[{"floor":7.0,"key":"Bronze Scales"},{"floor":17.0,"key":"Ring of Misfortune"},{"floor":17.0,"key":"Ring of Fangs"},{"floor":24.0,"key":"Peace Pipe"},{"floor":24.0,"key":"Bottled Lightning"},{"floor":27.0,"key":"Slimebound:PreparedRelic"},{"floor":31.0,"key":"Red Mask"},{"floor":39.0,"key":"CatCart"},{"floor":40.0,"key":"infinitespire:Midas Blood"},{"floor":44.0,"key":"Happy Flower"}],"event_choices":[{"damage_healed":0.0,"max_hp_gain":0.0,"max_hp_loss":0.0,"gold_gain":0.0,"event_name":"Addict","player_choice":"Stole Relic","floor":23.0,"gold_loss":0.0,"damage_taken":0.0,"relics_obtained":["Replay:Accelerometer"],"cards_obtained":["Pride"]},{"damage_healed":0.0,"max_hp_gain":0.0,"max_hp_loss":0.0,"gold_gain":0.0,"event_name":"Masked Bandits","player_choice":"Fought Bandits","floor":31.0,"gold_loss":0.0,"damage_taken":0.0},{"damage_healed":0.0,"max_hp_gain":0.0,"max_hp_loss":0.0,"gold_gain":0.0,"event_name":"Ghosts","player_choice":"Ignored","floor":32.0,"gold_loss":0.0,"damage_taken":0.0},{"damage_healed":0.0,"max_hp_gain":0.0,"max_hp_loss":0.0,"gold_gain":0.0,"event_name":"OrinTheCat","player_choice":"Fight","floor":39.0,"gold_loss":0.0,"damage_taken":0.0}],"is_beta":false,"boss_relics":[{"not_picked":["Fusion Hammer","Empty Cage"],"picked":"Busted Crown"},{"not_picked":["Runic Dome","Painkiller Herb"],"picked":"Replay:Ancient Bell"},{"not_picked":["ReplayFunnel","War Paint"],"picked":"Pen Nib"},{"not_picked":["HornCleat","Replay:Bottled Flurry"],"picked":"infinitespire:CheckeredPen"},{"not_picked":["Bird Faced Urn","Ice Cream"],"picked":"Durian"}],"items_purged_floors":[34,42],"is_endless":false,"potions_floor_spawned":[8,12,14,19,31,35,36,41,43,52],"ascension_level":0}}