{"host":"u7y9frlpoazak2mn","time":1613231473,"event":{"mods":["AchievementEnabler","Act Like it!","Aspiration","BaseMod","Beaked The Cultist","Better Altar","Better Match","Better Note","Better Sensory Stone","Better Skull","Better Third Choice","Colored Map","Colored Powertips","Displayed Cursed Tome","Downfall","Emptier Cage","Energized Spire","GifTheSpireLib","Hermit","Marked Mod","Mimic Mod","Minty Spire (QoL Compilation)","Permanent Neow","Prisma Mod","Rare Cards Sparkle","Relic Stats","StSLib","The Construct","Waifu the Spire"],"gold_per_floor":[15,15,15,90,90,90,104,104,104,104,115,147,167,182,182,278,278,278,278],"floor_reached":18,"language":"ENG","playtime":752,"items_purged":[],"score":168,"play_id":"80b6d7cc-7299-496d-b458-5fe57ff524b2","local_time":"20210213105113","is_ascension_mode":true,"campfire_choices":[{"data":"construct:CreateCores","floor":6,"key":"SMITH"},{"floor":8,"key":"REST"},{"data":"construct:ForceCore","floor":10,"key":"SMITH"},{"floor":15,"key":"REST"}],"circlet_count":0,"master_deck":["construct:AttackMode","construct:CreateCores+1","construct:ForceCore+1","construct:Antimatter","construct:Disrupt","construct:ClusterMines","construct:SaveState","construct:Supernova","construct:VentSteam","construct:LongRangeLance","construct:MoltenSmash","construct:PowerUp","construct:Hazardproof"],"relics":["construct:ClockworkPhoenix","Eternal Feather","Happy Flower","Pandora\u0027s Box"],"acts_visited":["Exordium","TheCity"],"potions_floor_usage":[16,16],"damage_taken":[{"damage":9,"enemies":"Cultist","floor":1,"turns":4},{"damage":1,"enemies":"Jaw Worm","floor":7,"turns":3},{"damage":7,"enemies":"2 Louse","floor":11,"turns":3},{"damage":50,"enemies":"3 Sentries","floor":12,"turns":7},{"damage":8,"enemies":"Large Slime","floor":13,"turns":4},{"damage":6,"enemies":"Exordium Wildlife","floor":14,"turns":3},{"damage":41,"enemies":"The Guardian","floor":16,"turns":6},{"damage":0,"enemies":"2 Thieves","floor":18,"turns":1}],"seed_played":"7192248781555356652","potions_obtained":[{"floor":12,"key":"Guardian:BlockOnCardUsePotion"},{"floor":14,"key":"Swift Potion"},{"floor":16,"key":"champ:CounterPotion"}],"is_trial":false,"path_per_floor":["M","?","$","?","?","R","M","R","T","R","M","E","M","M","R","B",null,"M"],"character_chosen":"THE_CONSTRUCT_MOD","items_purchased":[],"campfire_rested":2,"item_purchase_floors":[],"current_hp_per_floor":[76,76,76,65,65,65,64,85,85,85,78,28,20,14,45,4,85,85,85],"gold":278,"neow_bonus":"REMOVE_TWO","is_daily":false,"chose_seed":false,"campfire_upgraded":2,"win_rate":0.0,"timestamp":1613231473,"path_taken":["M","?","?","?","?","R","M","R","T","R","M","E","M","?","R","BOSS","M"],"items_purchased_type":[],"build_version":"2020-12-22","purchased_purges":0,"victory":false,"max_hp_per_floor":[85,85,85,85,85,85,85,85,85,85,85,85,85,85,85,85,85,85,85],"relic_stats":{"Happy Flower":[4],"counters":[8,29],"Eternal Feather":6,"Pandora\u0027s Box":["construct:Disrupt","construct:ClusterMines","construct:SaveState","construct:Supernova","construct:VentSteam","construct:LongRangeLance","construct:MoltenSmash","construct:PowerUp","construct:Hazardproof"],"obtain_stats":[{"Happy Flower":12,"Eternal Feather":9,"Pandora\u0027s Box":17,"construct:ClockworkPhoenix":0},{"Happy Flower":4,"Eternal Feather":2,"Pandora\u0027s Box":7,"construct:ClockworkPhoenix":0},{"Happy Flower":16,"Eternal Feather":7,"Pandora\u0027s Box":28,"construct:ClockworkPhoenix":0}]},"card_choices":[{"not_picked":["construct:Analyze","construct:Forcefield"],"picked":"construct:CreateCores","floor":1},{"not_picked":["construct:Overcharge","construct:Reinforce"],"picked":"construct:ForceCore","floor":7},{"not_picked":["construct:ClusterMines","construct:ScrapCannon","construct:FocusedBeam"],"picked":"SKIP","floor":11},{"not_picked":["construct:SaveState","construct:ShiftStrike"],"picked":"construct:Antimatter","floor":12},{"not_picked":["construct:ElectricArmor","construct:Anticipate","construct:SuppressiveFire"],"picked":"SKIP","floor":13},{"not_picked":["construct:OilSpill","construct:Bunker","construct:FierceBash"],"picked":"SKIP","floor":14}],"player_experience":446397,"relics_obtained":[{"floor":9,"key":"Eternal Feather"},{"floor":12,"key":"Happy Flower"}],"event_choices":[{"damage_healed":0,"gold_gain":0,"player_choice":"Ignored","damage_taken":0,"max_hp_gain":0,"max_hp_loss":0,"event_name":"Golden Idol","floor":2,"gold_loss":0},{"damage_healed":0,"gold_gain":75,"player_choice":"Gold","damage_taken":11,"max_hp_gain":0,"max_hp_loss":0,"event_name":"betterThird:BetterGoop","floor":4,"gold_loss":0},{"damage_healed":0,"gold_gain":0,"player_choice":"LEAVE","damage_taken":0,"max_hp_gain":0,"max_hp_loss":0,"event_name":"betterThird:BetterScrap","floor":5,"gold_loss":0,"cards_obtained":["Dropkick"]}],"is_beta":false,"boss_relics":[{"not_picked":["Runic Pyramid","aspiration:WatcherSkillbook"],"picked":"Pandora\u0027s Box"}],"items_purged_floors":[],"is_endless":false,"potions_floor_spawned":[12,14,16],"killed_by":"2 Thieves","ascension_level":1}}