{"host":"8ps3pfk2b2drr3ex","time":1613182698,"event":{"mods":["2.2 Compatiblity","AchievementEnabler","Act Like it!","BaseMod","Bestiary","Better Match","BetterRewards","Colored Map","Colored Powertips","Conspire","Downfall","Evolution","GifTheSpireLib","Gold Saver","Hallownest","Hubris","Minty Spire (QoL Compilation)","Permanent Neow","Relic Filter","Replay The Spire","Shop Mod","StSLib","Stuff the Spire","The Bug Knight"],"gold_per_floor":[1285,1295,1312,1327,1344,1376,1402,1402,869,883,918,918,818,845,864,967,967,967,1014,1014,1029,1029,1169,1196,996,1014,1014,1014,1014,1014,799,826,923,923,923,981,1044,350,350,350,403,403,575,575,575,611,628,505,522,522,522,551,58,58,58,58],"floor_reached":57,"language":"ENG","playtime":15054,"items_purged":["Pain","Amnesia"],"score":1485,"play_id":"cd1266e6-9aee-43be-99bf-6b2081c28d07","local_time":"20210212211818","is_ascension_mode":true,"campfire_choices":[{"data":"sneckomod:TailWhip","floor":1.0,"key":"SMITH"},{"data":"sneckomod:UnknownUncommonSkill","floor":13.0,"key":"SMITH"},{"floor":18.0,"key":"RECALL"},{"data":"hexamod:WildfireWeapon","floor":25.0,"key":"SMITH"},{"floor":27.0,"key":"REST"},{"data":"sneckomod:UnknownRareSkill","floor":29.0,"key":"SMITH"},{"data":"sneckomod:MasterEye","floor":35.0,"key":"SMITH"},{"floor":40.0,"key":"REST"},{"floor":54,"key":"REST"}],"circlet_count":0,"master_deck":["DevaForm+1","sneckomod:QuickBite+1","sneckomod:RainOfDice+1","sneckomod:DiceCrush+1","sneckomod:DiceBlock+1","sneckomod:QuickMove","sneckomod:DiceBlock+1","sneckomod:TailWhip+1","sneckomod:SnekBite+1","sneckomod:Unknown+1","sneckomod:Unknown+1","sneckomod:PureSnecko+1","sneckomod:CheapStock+1","sneckomod:UnknownUncommonSkill+1","sneckomod:Unknown0Cost+1","sneckomod:IronFang+1","sneckomod:UnknownClassHEXA_GHOST_PURPLE+1","sneckomod:UnknownRareSkill+1","sneckomod:UnknownClassHEXA_GHOST_PURPLE+1","sneckomod:UnknownClassHEXA_GHOST_PURPLE+1","sneckomod:UnknownClassHEXA_GHOST_PURPLE","sneckomod:UnknownClassHEXA_GHOST_PURPLE+1","hexamod:Sear+1","sneckomod:PureSnecko+1","StuffTheSpire:Innocence+1","hexamod:WildfireWeapon+1","sneckomod:UnknownColorless+1","sneckomod:UnknownClassPURPLE+1","sneckomod:MasterEye+1","sneckomod:Unknown2Cost+1","sneckomod:UnknownRareAttack+1","sneckomod:UnknownRarePower+1","sneckomod:UnknownRareAttack+1","sneckomod:SoulRoll+1","sneckomod:WideSting+1","sneckomod:SoulCleanse+1","hexamod:VolcanoVisage+1","StuffTheSpire:Harmony+1","sneckomod:UnknownStrike","sneckomod:QuickMove+1","hexamod:UnlimitedPower+1","sneckomod:DiceBlock+1","sneckomod:MasterEye+1","hexamod:SixthSeal","sneckomod:SoulRoll+1","Vigilance+1","hexamod:UnleashSpirits+1","sneckomod:UnknownStrength","expansioncontent:StudyTheSpire+1"],"relics":["EVO:Axolotl","Philosopher\u0027s Stone","ReplayFunnel","ReplayTheSpireMod:TigerMarble","Strange Spoon","Bag of Marbles","downfall:HeartBlessingGreen","StuffTheSpire:HeavyRock","sneckomod:SneckoBoss","conspire:TopHat","Bottled Tornado","downfall:HeartBlessingBlue","downfall:HeartBlessingRed","hubris:Backtick","sneckomod:CleanMud","Replay:Multitool","Golden Egg","StuffTheSpire:Gunfinga","Blood Vial","hubris:Towel","Potion Belt","Iron Hammer","conspire:BottledYoYo","Chemical X","hexamod:TheBrokenSeal","Pear","Strawberry"],"acts_visited":["Exordium","TheCity","TheBeyond","TheEnding"],"potions_floor_usage":[50,50,50,56,56,56,56],"damage_taken":[{"damage":0.0,"enemies":"Cultist","floor":2.0,"turns":3.0},{"damage":0.0,"enemies":"conspire:RoseBush","floor":3.0,"turns":2.0},{"damage":6.0,"enemies":"2 Louse","floor":4.0,"turns":2.0},{"damage":23.0,"enemies":"conspire:2 RoseBushes","floor":5.0,"turns":5.0},{"damage":41.0,"enemies":"3 Sentries","floor":6.0,"turns":9.0},{"damage":0.0,"enemies":"downfall:FleeingMerchant","floor":9.0,"turns":4.0},{"damage":8.0,"enemies":"Large Slime","floor":10.0,"turns":5.0},{"damage":1.0,"enemies":"Lagavulin","floor":11.0,"turns":8.0},{"damage":6.0,"enemies":"Blue Slaver","floor":15.0,"turns":3.0},{"damage":0.0,"enemies":"IC_STATUS_ARCHETYPE","floor":16.0,"turns":5.0},{"damage":10.0,"enemies":"3 Byrds","floor":19.0,"turns":6.0},{"damage":23.0,"enemies":"Shell Parasite","floor":21.0,"turns":6.0},{"damage":18.0,"enemies":"conspire:Head Lice","floor":23.0,"turns":6.0},{"damage":12.0,"enemies":"Cultist and Chosen","floor":26.0,"turns":4.0},{"damage":0.0,"enemies":"downfall:FleeingMerchant","floor":31.0,"turns":4.0},{"damage":22.0,"enemies":"Chosen and Byrds","floor":32.0,"turns":5.0},{"damage":45.0,"enemies":"WA_ARCHETYPE_CALM","floor":33.0,"turns":9.0},{"damage":32.0,"enemies":"3 Darklings","floor":36.0,"turns":6.0},{"damage":52.0,"enemies":"2 Orb Walkers","floor":37.0,"turns":6.0},{"damage":0.0,"enemies":"downfall:FleeingMerchant","floor":38.0,"turns":4.0},{"damage":26.0,"enemies":"Reptomancer","floor":43.0,"turns":5.0},{"damage":1.0,"enemies":"Giant Head","floor":46.0,"turns":7.0},{"damage":37,"enemies":"Orb Walker","floor":47,"turns":4},{"damage":0,"enemies":"downfall:FleeingMerchant","floor":48,"turns":1},{"damage":4,"enemies":"Sphere and 2 Shapes","floor":49,"turns":8},{"damage":39,"enemies":"DF_ARCHETYPE_ORBS","floor":50,"turns":10},{"damage":58,"enemies":"downfall:CharBossMerchant","floor":52,"turns":8},{"damage":25,"enemies":"downfall:NeowBoss","floor":55,"turns":11},{"damage":132,"enemies":"downfall:NeowBossFinal","floor":56,"turns":7}],"seed_played":"-4706756219082111300","potions_obtained":[{"floor":5.0,"key":"DuplicationPotion"},{"floor":10.0,"key":"sneckomod:OffclassReductionPotion"},{"floor":23.0,"key":"DuplicationPotion"},{"floor":26.0,"key":"sneckomod:DiceRollPotion"},{"floor":30.0,"key":"LiquidMemories"},{"floor":32.0,"key":"SpeedPotion"},{"floor":32.0,"key":"ColorlessPotion"},{"floor":43.0,"key":"bronze:BurnAndBuffPotion"},{"floor":43.0,"key":"Strength Potion"},{"floor":47,"key":"SpeedPotion"},{"floor":49,"key":"FearPotion"}],"is_trial":false,"path_per_floor":["R","M","M","M","M","E","T","?","$","M","E","?","R","T","M","B",null,"R","M","?","M","?","E","T","R","M","R","?","R","?","$","M","B",null,"R","M","?","$","?","R","T","?","E","?","?","E","M","$","M","B",null,"E","$","R","B","B",null],"character_chosen":"THE_SNECKO","items_purchased":["ReplayTheSpireMod:TigerMarble","Strange Spoon","Bag of Marbles","Guardian:BlockOnCardUsePotion","sneckomod:UnknownRareAttack","Golden Egg","StuffTheSpire:Gunfinga","Energy Potion","Block Potion","sneckomod:SoulCleanse","conspire:BottledYoYo","Chemical X","sneckomod:MasterEye","Strawberry","sneckomod:DiceRollPotion","Explosive Potion","Languid Potion","expansioncontent:StudyTheSpire"],"campfire_rested":3,"item_purchase_floors":[9,9,9,9,31,38,38,38,38,38,48,48,48,53,53,53,53,53],"current_hp_per_floor":[103,103,103,97,74,33,33,33,40,32,31,103,103,103,97,97,103,103,93,93,70,70,53,53,63,51,85,85,85,85,85,63,18,114,114,82,30,30,30,64,64,64,48,48,48,71,48,50,125,96,125,110,117,142,132,32],"gold":58,"neow_bonus":"BOSS_RELIC","is_daily":false,"chose_seed":false,"campfire_upgraded":5,"win_rate":0.0,"timestamp":1613182698,"path_taken":["R","M","M","?","M","E","T","?","$","M","E","?","R","?","M","BOSS","R","M","?","M","?","E","T","R","?","R","?","R","?","$","M","BOSS","R","M","?","$","?","R","T","?","E","?","?","E","?","$","M","BOSS","E","$","R","BOSS","BOSS"],"items_purchased_type":["Relic","Relic","Relic","Potion","Card","Relic","Relic","Potion","Potion","Card","Relic","Relic","Card","Relic","Potion","Potion","Potion","Card"],"build_version":"2020-12-22","purchased_purges":2,"victory":true,"max_hp_per_floor":[103,103,103,103,103,103,103,103,103,103,103,103,103,103,103,103,103,103,103,103,103,103,104,104,114,114,114,114,114,114,114,114,114,114,114,114,114,114,114,114,114,114,115,115,115,115,115,115,125,125,125,135,142,142,142,142],"card_choices":[{"not_picked":["sneckomod:DiceBlock","sneckomod:QuickMove"],"picked":"sneckomod:RainOfDice","floor":2.0},{"not_picked":["sneckomod:SnekBeam","sneckomod:UnknownBlock"],"picked":"sneckomod:PureSnecko","floor":3.0},{"not_picked":["hexamod:ThirdSeal","hexamod:FourthSeal"],"picked":"hexamod:SixthSeal","floor":4.0},{"not_picked":["sneckomod:GlitteringGambit","sneckomod:Rotation"],"picked":"sneckomod:CheapStock","floor":4.0},{"not_picked":["sneckomod:UnknownExhaust","sneckomod:SoulDraw"],"picked":"sneckomod:UnknownUncommonSkill","floor":5.0},{"not_picked":["sneckomod:SoulCleanse","sneckomod:CheapStock"],"picked":"sneckomod:Unknown0Cost","floor":6.0},{"not_picked":["sneckomod:Nope","sneckomod:UnknownCommonAttack","sneckomod:UnknownWeak"],"picked":"SKIP","floor":9.0},{"not_picked":["sneckomod:UnknownExhaust","sneckomod:DiceCrush"],"picked":"sneckomod:IronFang","floor":10.0},{"not_picked":["sneckomod:Rotation","sneckomod:SoulRoll","sneckomod:DangerNoodle"],"picked":"SKIP","floor":11.0},{"not_picked":["sneckomod:UnknownClassPURPLE","sneckomod:SoulDraw"],"picked":"sneckomod:UnknownClassHEXA_GHOST_PURPLE","floor":15.0},{"not_picked":["sneckomod:SoulExchange","sneckomod:Cheat"],"picked":"sneckomod:UnknownRareSkill","floor":16.0},{"not_picked":["hexamod:RecurringNightmare","hexamod:FastForward"],"picked":"hexamod:Sear","floor":19.0},{"not_picked":["sneckomod:WideSting+1","sneckomod:CheapStock"],"picked":"sneckomod:PureSnecko+1","floor":19.0},{"not_picked":["hexamod:FifthSeal","hexamod:InspiringFlames"],"picked":"hexamod:WildfireWeapon","floor":21.0},{"not_picked":["sneckomod:GlitteringGambit","sneckomod:UnknownExhaust"],"picked":"sneckomod:UnknownColorless","floor":21.0},{"not_picked":["sneckomod:UnknownBlock","sneckomod:DangerNoodle"],"picked":"sneckomod:UnknownClassPURPLE","floor":23.0},{"not_picked":["hexamod:SixthSeal","hexamod:FourthSeal"],"picked":"hexamod:ThirdSeal","floor":26.0},{"not_picked":["sneckomod:MixItUp","sneckomod:Unknown1Cost","sneckomod:DefensiveFlair"],"picked":"SKIP","floor":26.0},{"not_picked":["hexamod:NightmareGuise","hexamod:SecondSeal"],"picked":"hexamod:FourthSeal","floor":31.0},{"not_picked":["sneckomod:Unknown2Cost+1","sneckomod:UnknownClassHEXA_GHOST_PURPLE"],"picked":"sneckomod:MasterEye","floor":31.0},{"not_picked":["sneckomod:Unknown1Cost+1","sneckomod:Nope"],"picked":"sneckomod:Unknown2Cost+1","floor":31.0},{"not_picked":["sneckomod:UnknownCommonAttack+1","sneckomod:SoulDraw+1","sneckomod:Unknown1Cost"],"picked":"SKIP","floor":32.0},{"not_picked":["sneckomod:UnknownClassPURPLE","sneckomod:UnknownDraw","sneckomod:UnknownClassHEXA_GHOST_PURPLE+1"],"picked":"SKIP","floor":32.0},{"not_picked":["hexamod:SixthSeal","hexamod:FourthSeal"],"picked":"hexamod:SecondSeal","floor":33.0},{"not_picked":["sneckomod:UnknownRareAttack","sneckomod:MorePower"],"picked":"sneckomod:UnknownRarePower","floor":33.0},{"not_picked":["sneckomod:UnknownRareSkill","sneckomod:Cheat"],"picked":"sneckomod:UnknownRareAttack","floor":33.0},{"not_picked":["sneckomod:SoulDraw+1","sneckomod:DiceCrush"],"picked":"sneckomod:SoulRoll","floor":36.0},{"not_picked":["sneckomod:UnknownClassPURPLE","sneckomod:QuickMove+1"],"picked":"sneckomod:WideSting+1","floor":36.0},{"not_picked":["hexamod:FourthSeal","hexamod:ThirdSeal"],"picked":"hexamod:FirstSeal","floor":38.0},{"not_picked":["sneckomod:UnknownClassBLESSING+1","sneckomod:UnknownBlock"],"picked":"sneckomod:Unknown2Cost+1","floor":38.0},{"not_picked":["hexamod:SkipABeat","hexamod:GhostflameBarrier"],"picked":"hexamod:VolcanoVisage","floor":43.0},{"not_picked":["sneckomod:UnknownClassPURPLE","sneckomod:UnknownClassHEXA_GHOST_PURPLE","sneckomod:QuickMove+1"],"picked":"SKIP","floor":43.0},{"not_picked":["StuffTheSpire:Ambrosia","StuffTheSpire:BrainWave"],"picked":"StuffTheSpire:Harmony","floor":44.0},{"not_picked":["hexamod:DynamicBlow","hexamod:HexaLevel"],"picked":"hexamod:FifthSeal","floor":46.0},{"not_picked":["sneckomod:MorePower","sneckomod:QuickMove"],"picked":"sneckomod:Memorize+1","floor":46.0},{"not_picked":["sneckomod:QuickBite+1","sneckomod:MixItUp","sneckomod:UnknownX+1"],"picked":"SKIP","floor":46.0},{"not_picked":["sneckomod:Unknown0Cost","sneckomod:Nope+1"],"picked":"sneckomod:QuickMove+1","floor":47},{"not_picked":["sneckomod:IronFang","sneckomod:UnknownClassBLESSING","sneckomod:Nope"],"picked":"SKIP","floor":47},{"not_picked":["hexamod:Strike","hexamod:Firestarter"],"picked":"hexamod:UnlimitedPower","floor":48},{"not_picked":["sneckomod:PureSnecko+1","sneckomod:UnknownClassBLESSING+1"],"picked":"sneckomod:DiceBlock+1","floor":48},{"not_picked":["hexamod:FirstSeal","hexamod:ThirdSeal"],"picked":"hexamod:SixthSeal","floor":49},{"not_picked":["sneckomod:Nope+1","sneckomod:WideSting"],"picked":"sneckomod:SoulRoll+1","floor":49},{"not_picked":["sneckomod:UnknownCommonSkill+1","sneckomod:PureSnecko+1","sneckomod:UnknownBlock+1"],"picked":"SKIP","floor":49},{"not_picked":["hexamod:PowerFromBeyond","hexamod:SpectralAdrenaline"],"picked":"hexamod:UnleashSpirits","floor":52},{"not_picked":["sneckomod:SoulRoll","sneckomod:DiceBlock"],"picked":"sneckomod:UnknownStrength","floor":52}],"player_experience":1095515,"relics_obtained":[{"floor":6.0,"key":"conspire:TopHat"},{"floor":7.0,"key":"ReplayFunnel"},{"floor":11.0,"key":"StuffTheSpire:TintedRock"},{"floor":14.0,"key":"StuffTheSpire:HeavyRock"},{"floor":19.0,"key":"conspire:TopHat"},{"floor":23.0,"key":"Bottled Tornado"},{"floor":31.0,"key":"StuffTheSpire:TintedRock"},{"floor":37.0,"key":"Replay:Multitool"},{"floor":41.0,"key":"Blood Vial"},{"floor":43.0,"key":"Potion Belt"},{"floor":46.0,"key":"Iron Hammer"},{"floor":52,"key":"Pear"}],"event_choices":[{"damage_healed":0.0,"max_hp_gain":0.0,"max_hp_loss":0.0,"gold_gain":0.0,"event_name":"Vampires","player_choice":"Ignored","floor":28.0,"gold_loss":0.0,"damage_taken":0.0},{"damage_healed":0.0,"max_hp_gain":0.0,"max_hp_loss":0.0,"gold_gain":0.0,"event_name":"Lab","player_choice":"Got Potions","floor":30.0,"gold_loss":0.0,"damage_taken":0.0},{"damage_healed":0.0,"max_hp_gain":0.0,"max_hp_loss":0.0,"gold_gain":0.0,"event_name":"Mysterious Sphere","player_choice":"Fight","floor":37.0,"gold_loss":0.0,"damage_taken":0.0},{"damage_healed":0.0,"max_hp_gain":0.0,"max_hp_loss":0.0,"gold_gain":0.0,"event_name":"conspire:Investor","player_choice":"Leave","floor":39.0,"gold_loss":0.0,"damage_taken":0.0}],"is_beta":false,"boss_relics":[{"not_picked":["Calling Bell","conspire:SeveredTorchhead"],"picked":"sneckomod:SneckoBoss"},{"not_picked":["StuffTheSpire:ModemDavis","Replay:Ancient Bell"],"picked":"hubris:Backtick"}],"items_purged_floors":[31,38],"is_endless":false,"potions_floor_spawned":[5,10,11,15,23,26,32,36,43,47,49],"ascension_level":1}}