{"host":"42xf941fomyavgzy","time":1613182302,"event":{"mods":["Act Like it!","Astrologer","BaseMod","Colored Map","Minty Spire (QoL Compilation)","Shop Mod","StSLib","SuperFastMode","The Cursed"],"gold_per_floor":[113,113,5,17,17,42,42,62,86,119,119,129,129,429,429,534,534,551,601,621,638,652,652,652,652],"floor_reached":24,"language":"JPN","playtime":1462,"items_purged":[],"score":289,"play_id":"1ba5ab16-2f63-47ce-9620-84d0ca5e69d8","local_time":"20210213111142","is_ascension_mode":true,"campfire_choices":[{"data":"TalkToTheHand","floor":7,"key":"SMITH"},{"data":"TalkToTheHand","floor":11,"key":"SMITH"},{"data":"Eruption","floor":15,"key":"SMITH"},{"floor":23,"key":"REST"}],"circlet_count":0,"master_deck":["Strike_P","Strike_P","Strike_P","Strike_P","Defend_P+1","Defend_P","Defend_P","Defend_P","Eruption+1","Vigilance","TalkToTheHand+1","CrushJoints+1","TalkToTheHand+1","MentalFortress","ThirdEye","ThirdEye","FollowUp","CutThroughFate","InnerPeace","Parasite","Ragnarok","BattleHymn","Crescendo+1","ThirdEye+1","Adaptation"],"relics":["PureWater","NeowsBlessing","Juzu Bracelet","Nunchaku","Singing Bowl","Old Coin","Sozu"],"acts_visited":["Exordium","TheCity"],"potions_floor_usage":[21],"damage_taken":[{"damage":0,"enemies":"Jaw Worm","floor":1,"turns":1},{"damage":0,"enemies":"Cultist","floor":4,"turns":1},{"damage":0,"enemies":"3 Sentries","floor":6,"turns":2},{"damage":2,"enemies":"2 Louse","floor":8,"turns":4},{"damage":28,"enemies":"Lagavulin","floor":10,"turns":8},{"damage":6,"enemies":"Exordium Thugs","floor":12,"turns":5},{"damage":34,"enemies":"The Guardian","floor":16,"turns":13},{"damage":1,"enemies":"Shell Parasite","floor":18,"turns":6},{"damage":0,"enemies":"Chosen","floor":20,"turns":2},{"damage":11,"enemies":"3 Cultists","floor":21,"turns":4},{"damage":14,"enemies":"Cultist and Chosen","floor":22,"turns":6},{"damage":65,"enemies":"Gremlin Leader","floor":24,"turns":8}],"seed_played":"-7839217954621788027","potions_obtained":[{"floor":12,"key":"Explosive Potion"},{"floor":16,"key":"SpeedPotion"}],"is_trial":false,"path_per_floor":["M","?","$","M","?","E","R","M","T","E","R","M","?","T","R","B",null,"M","?","M","M","M","R","E"],"character_chosen":"WATCHER","items_purchased":["TalkToTheHand","MentalFortress"],"campfire_rested":1,"item_purchase_floors":[3,3],"current_hp_per_floor":[72,72,72,72,58,58,58,56,56,28,28,22,40,40,40,6,56,55,55,55,44,30,51,0,0],"gold":652,"neow_bonus":"THREE_ENEMY_KILL","is_daily":false,"chose_seed":false,"campfire_upgraded":3,"win_rate":0.0,"timestamp":1613182302,"path_taken":["M","?","$","?","?","E","R","M","T","E","R","M","?","?","R","BOSS","M","?","M","M","M","R","E"],"items_purchased_type":["Card","Card"],"build_version":"2020-12-22","purchased_purges":0,"victory":false,"max_hp_per_floor":[72,72,72,72,72,72,72,72,72,72,72,72,72,72,72,72,72,72,72,72,72,72,72,72,72],"card_choices":[{"not_picked":["Consecrate","Prostrate"],"picked":"TalkToTheHand","floor":1},{"not_picked":["Perseverance","CutThroughFate"],"picked":"ThirdEye","floor":4},{"not_picked":["Collect","Perseverance"],"picked":"ThirdEye","floor":6},{"not_picked":["SignatureMove","SashWhip"],"picked":"FollowUp","floor":8},{"not_picked":["Crescendo","Nirvana"],"picked":"CutThroughFate","floor":10},{"not_picked":["Prostrate","Worship"],"picked":"InnerPeace","floor":12},{"not_picked":["Establishment","Omniscience"],"picked":"Ragnarok","floor":16},{"not_picked":["Crescendo","Prostrate+1"],"picked":"BattleHymn","floor":18},{"not_picked":["Worship","Nirvana"],"picked":"Crescendo+1","floor":20},{"not_picked":["SashWhip","Study"],"picked":"ThirdEye+1","floor":21},{"not_picked":["Devotion","CutThroughFate"],"picked":"Adaptation","floor":22}],"player_experience":478242,"relics_obtained":[{"floor":6,"key":"Juzu Bracelet"},{"floor":9,"key":"Nunchaku"},{"floor":10,"key":"Singing Bowl"},{"floor":14,"key":"Old Coin"}],"event_choices":[{"damage_healed":0,"gold_gain":0,"player_choice":"1 cards matched","damage_taken":0,"max_hp_gain":0,"max_hp_loss":0,"event_name":"Match and Keep!","floor":2,"gold_loss":0,"cards_obtained":["CrushJoints"]},{"damage_healed":0,"gold_gain":0,"player_choice":"Entered Light","damage_taken":14,"max_hp_gain":0,"max_hp_loss":0,"event_name":"Shining Light","floor":5,"gold_loss":0,"cards_upgraded":["CrushJoints","Defend_P"]},{"damage_healed":18,"gold_gain":0,"player_choice":"Healed and dodged fight","damage_taken":0,"max_hp_gain":0,"max_hp_loss":0,"event_name":"Mushrooms","floor":13,"gold_loss":0,"cards_obtained":["Parasite"]},{"damage_healed":0,"gold_gain":100,"player_choice":"Bet on Murderer","damage_taken":0,"max_hp_gain":0,"max_hp_loss":0,"event_name":"The Joust","floor":19,"gold_loss":50}],"is_beta":false,"boss_relics":[{"not_picked":["Philosopher\u0027s Stone","Busted Crown"],"picked":"Sozu"}],"items_purged_floors":[],"is_endless":false,"potions_floor_spawned":[12,16,18,20],"killed_by":"Gremlin Leader","ascension_level":5}}