{"host":"91blwi3hgehj6ch9","time":1613212567,"event":{"mods":["2.2 Compatiblity","AchievementEnabler","BaseMod","Colored Map","DeckTracker","Keyboard Shortcuts","Minty Spire (QoL Compilation)","Permanent Neow","Quick Restart","StSLib","SuperFastMode","everything is the same but u backflip on backflip"],"gold_per_floor":[111,111,125,125,143,179,179,179,179,179,199,199,239,21,21,21,21],"floor_reached":16,"language":"KOR","playtime":1240,"items_purged":["Strike_G"],"score":205,"play_id":"99920c5a-0d7a-4500-8fd7-eff70eab972d","local_time":"20210213193607","is_ascension_mode":true,"campfire_choices":[{"data":"Dash","floor":7,"key":"SMITH"},{"data":"Tactician","floor":10,"key":"SMITH"},{"floor":12,"key":"REST"},{"floor":15,"key":"REST"}],"circlet_count":0,"master_deck":["AscendersBane","Strike_G","Strike_G","Strike_G","Strike_G","Defend_G","Defend_G","Defend_G","Defend_G","Defend_G","Survivor","Neutralize","Quick Slash+1","Dash+1","Tactician+1","Eviscerate","Acrobatics","Acrobatics","Well Laid Plans"],"relics":["Ring of the Snake","Omamori","Golden Idol","Letter Opener","Orichalcum","Girya"],"acts_visited":["Exordium"],"potions_floor_usage":[6,13],"damage_taken":[{"damage":4,"enemies":"Jaw Worm","floor":1,"turns":5},{"damage":3,"enemies":"Cultist","floor":3,"turns":4},{"damage":2,"enemies":"2 Louse","floor":5,"turns":2},{"damage":24,"enemies":"Gremlin Nob","floor":6,"turns":4},{"damage":15,"enemies":"Large Slime","floor":11,"turns":6},{"damage":12,"enemies":"3 Sentries","floor":13,"turns":6},{"damage":36,"enemies":"Hexaghost","floor":16,"turns":14}],"seed_played":"1832795907673209785","potions_obtained":[{"floor":5,"key":"SneckoOil"},{"floor":6,"key":"PowerPotion"},{"floor":11,"key":"SteroidPotion"},{"floor":13,"key":"Swift Potion"}],"is_trial":false,"path_per_floor":["M","?","M","?","M","E","R","?","T","R","M","R","E","$","R","B"],"character_chosen":"THE_SILENT","items_purchased":["Acrobatics","Well Laid Plans"],"campfire_rested":2,"item_purchase_floors":[14,14],"current_hp_per_floor":[55,55,52,52,50,26,26,26,26,26,11,29,17,17,35,0,0],"gold":21,"neow_bonus":"RANDOM_COMMON_RELIC","is_daily":false,"chose_seed":false,"campfire_upgraded":2,"win_rate":0.0,"timestamp":1613212567,"path_taken":["M","?","?","?","M","E","R","?","T","R","M","R","E","$","R","BOSS"],"items_purchased_type":["Card","Card"],"build_version":"2020-12-22","purchased_purges":1,"victory":false,"max_hp_per_floor":[66,66,66,60,60,60,60,60,60,60,60,60,60,60,60,60,60],"card_choices":[{"not_picked":["Flechettes","Calculated Gamble"],"picked":"Quick Slash","floor":1},{"not_picked":["Dagger Spray","Masterful Stab"],"picked":"Dash","floor":3},{"not_picked":["Outmaneuver","Endless Agony"],"picked":"Tactician","floor":5},{"not_picked":["Dodge and Roll","Accuracy"],"picked":"Eviscerate","floor":6},{"not_picked":["Dodge and Roll","Dagger Throw"],"picked":"Acrobatics","floor":11},{"not_picked":["Crippling Poison","Sucker Punch","Setup"],"picked":"SKIP","floor":13}],"player_experience":241758,"relics_obtained":[{"floor":6,"key":"Letter Opener"},{"floor":9,"key":"Orichalcum"},{"floor":13,"key":"Girya"}],"event_choices":[{"damage_healed":0,"gold_gain":0,"player_choice":"Forge","damage_taken":0,"max_hp_gain":0,"max_hp_loss":0,"event_name":"Accursed Blacksmith","floor":2,"gold_loss":0,"cards_upgraded":["Quick Slash"]},{"damage_healed":0,"gold_gain":0,"player_choice":"Lose Max HP","damage_taken":0,"relics_obtained":["Golden Idol"],"max_hp_gain":0,"max_hp_loss":6,"event_name":"Golden Idol","floor":4,"gold_loss":0},{"damage_healed":0,"gold_gain":0,"player_choice":"Ignored","damage_taken":0,"max_hp_gain":0,"max_hp_loss":0,"event_name":"Liars Game","floor":8,"gold_loss":0}],"is_beta":false,"boss_relics":[],"items_purged_floors":[14],"is_endless":false,"potions_floor_spawned":[5,6,11,13],"killed_by":"Hexaghost","ascension_level":18}}