{"host":"uy3vg6glkp8m6iit","time":1613178493,"event":{"mods":["AchievementEnabler","BaseMod","Colored Map","DeckTracker","Highlight Path","Keyboard Shortcuts","Minty Spire (QoL Compilation)","Quick Restart","Random Character Button","Rare Cards Sparkle","Relic Stats","StSLib","everything is the same but u backflip on backflip"],"gold_per_floor":[118,118,14,14,27,27,40,40,63,73,86,86,121,121,121,121,121],"floor_reached":16,"language":"KOR","playtime":480,"items_purged":[],"score":200,"play_id":"4384b454-139b-4594-b4d1-ba6efe1bcce2","local_time":"20210213100813","is_ascension_mode":true,"campfire_choices":[{"data":"Crippling Poison","floor":6,"key":"SMITH"},{"data":"Neutralize","floor":8,"key":"SMITH"},{"floor":15,"key":"REST"}],"circlet_count":0,"master_deck":["AscendersBane","Strike_G","Strike_G","Strike_G","Strike_G","Defend_G","Defend_G","Defend_G","Defend_G","Defend_G","Survivor","Neutralize+1","Crippling Poison+1","Dagger Throw","Backflip","Escape Plan","Eviscerate+1","Backstab","Blade Dance","Endless Agony"],"relics":["Ring of the Snake","Art of War","Juzu Bracelet","White Beast Statue"],"acts_visited":["Exordium"],"potions_floor_usage":[16,16],"damage_taken":[{"damage":2,"enemies":"Small Slimes","floor":1,"turns":7},{"damage":12,"enemies":"Jaw Worm","floor":5,"turns":6},{"damage":3,"enemies":"Cultist","floor":7,"turns":4},{"damage":5,"enemies":"Gremlin Gang","floor":10,"turns":3},{"damage":5,"enemies":"3 Louse","floor":11,"turns":3},{"damage":29,"enemies":"Gremlin Nob","floor":13,"turns":4},{"damage":28,"enemies":"Slime Boss","floor":16,"turns":7}],"seed_played":"-8575165875976199664","potions_obtained":[{"floor":1,"key":"PowerPotion"},{"floor":13,"key":"SpeedPotion"}],"is_trial":false,"path_per_floor":["M","?","$","?","M","R","M","R","T","M","M","?","E","?","R","B"],"character_chosen":"THE_SILENT","items_purchased":["Dagger Throw","Backflip"],"campfire_rested":1,"item_purchase_floors":[3,3],"current_hp_per_floor":[57,57,57,57,45,45,42,42,42,37,32,32,3,3,22,0,0],"gold":121,"neow_bonus":"RANDOM_COMMON_RELIC","is_daily":false,"chose_seed":false,"campfire_upgraded":2,"win_rate":0.0,"timestamp":1613178493,"path_taken":["M","?","$","?","M","R","M","R","T","M","M","?","E","?","R","BOSS"],"items_purchased_type":["Card","Card"],"build_version":"2020-12-22","purchased_purges":0,"victory":false,"max_hp_per_floor":[66,66,66,66,66,66,66,66,66,66,66,66,66,66,66,66,66],"relic_stats":{"counters":[7,34],"Art of War":[3],"Juzu Bracelet":2,"obtain_stats":[{"Art of War":0,"Juzu Bracelet":9,"White Beast Statue":13,"Ring of the Snake":0},{"Art of War":0,"Juzu Bracelet":3,"White Beast Statue":6,"Ring of the Snake":0},{"Art of War":0,"Juzu Bracelet":17,"White Beast Statue":27,"Ring of the Snake":0}],"Ring of the Snake":[14]},"card_choices":[{"not_picked":["Tactician","Masterful Stab"],"picked":"Crippling Poison","floor":1},{"not_picked":["Bane","Prepared","Sucker Punch"],"picked":"SKIP","floor":5},{"not_picked":["Dodge and Roll","Noxious Fumes","Flying Knee"],"picked":"SKIP","floor":7},{"not_picked":["Prepared","Underhanded Strike"],"picked":"Eviscerate","floor":10},{"not_picked":["Flechettes","Backflip"],"picked":"Backstab","floor":11},{"not_picked":["Backflip","Setup"],"picked":"Blade Dance","floor":13}],"player_experience":1520112,"relics_obtained":[{"floor":9,"key":"Juzu Bracelet"},{"floor":13,"key":"White Beast Statue"}],"event_choices":[{"damage_healed":0,"gold_gain":0,"player_choice":"Ignored","damage_taken":0,"max_hp_gain":0,"max_hp_loss":0,"event_name":"Shining Light","floor":2,"gold_loss":0},{"damage_healed":0,"gold_gain":0,"player_choice":"1 cards matched","damage_taken":0,"max_hp_gain":0,"max_hp_loss":0,"event_name":"Match and Keep!","floor":4,"gold_loss":0,"cards_obtained":["Escape Plan"]},{"damage_healed":0,"gold_gain":0,"player_choice":"Forge","damage_taken":0,"max_hp_gain":0,"max_hp_loss":0,"event_name":"Accursed Blacksmith","floor":12,"gold_loss":0,"cards_upgraded":["Eviscerate"]},{"damage_healed":0,"gold_gain":0,"cards_transformed":["Strike_G"],"player_choice":"Change","damage_taken":0,"max_hp_gain":0,"max_hp_loss":0,"event_name":"Living Wall","floor":14,"gold_loss":0,"cards_obtained":["Endless Agony"]}],"is_beta":false,"boss_relics":[],"items_purged_floors":[],"is_endless":false,"potions_floor_spawned":[1,13],"killed_by":"Slime Boss","ascension_level":20}}