{"host":"psh83vqabmtchp5z","time":1613237772,"event":{"mods":["AchievementEnabler","Aspiration","BaseMod","Better Altar","Better Match","Better Skull","Better Third Choice","Better Vampires","BetterRewards","Challenge The Spire","Conspire","Downfall","Gold Saver","Lobotomy","LobotomyExtend","Minty Spire (QoL Compilation)","Quick Restart","Relic Filter","Replay The Spire","Shop Mod","Spicy Shops","StSLib","óô»ðÖ¸ÄÏ"],"gold_per_floor":[2944,2961,2070,1995,2009,2049,2075,2132,2166,1858,1464,1521,1053,1089,1113,1226,1226,1235,1320,1347,1298,1337,1064,1087,1106,1169,1195,1249,922,976,767,807,911,911,911,1928,1953,1973,2021,1764,1835,1835,1883,1937,3596,3639,3639,3639,3655,3655],"floor_reached":51,"language":"ZHS","playtime":5089,"items_purged":["champ:Defend"],"score":1197,"play_id":"8a38ff20-4f0e-4690-833c-3854a1745296","local_time":"20210214013612","is_ascension_mode":false,"campfire_choices":[{"data":"champ:Taunt","floor":42,"key":"SMITH"},{"data":"champ:StanceDance","floor":47,"key":"SMITH"}],"circlet_count":0,"master_deck":["champ:Strike+1","champ:Strike+1","champ:Strike+1","champ:Strike+1","champ:Defend","champ:Defend+1","champ:Defend+1","champ:Execute","champ:Taunt+1","Midas Touch+1","champ:EnragedBash","champ:ShieldWall","champ:ShieldSlam","HandOfGreed+1","champ:TripleStrike+1","Apotheosis+1","Master of Strategy+1","ReplayUltimateDefense+1","champ:SwordThrow","champ:FanOfKnives","champ:EndlessRage","champ:HoldFirm","champ:TripleStrike","champ:RisingSlash","champ:MurderStrike","champ:GladiatorForm","Slimebound:CheckThePlaybook","champ:StanceDance+1","champ:FocusedBerserking+1","Pot Of Greed+1","Pot Of Greed+1","Pot Of Greed+1","champ:ArenaPreparation+1","champ:StanceDance+1","champ:IgnorePain+1","Secret Technique+1","Shame","champ:RecklessLeap+1","champ:IgnorePain+1","Normality","Normality","champ:SetATrap+1","champ:Backstep+1","Parasite","ReplayTheSpireMod:IOU","ReplayTheSpireMod:IOU","ReplayTheSpireMod:IOU","ReplayTheSpireMod:IOU","ReplayTheSpireMod:IOU","ReplayTheSpireMod:IOU","ReplayTheSpireMod:IOU","ReplayTheSpireMod:IOU","ReplayTheSpireMod:IOU","ReplayTheSpireMod:IOU","ReplayTheSpireMod:IOU","ReplayTheSpireMod:IOU","champ:ArenaPreparation+1"],"relics":["champ:ChampionCrown","Replay:WaspNest","sneckomod:BlankCard","aspiration:ChemicalBlood","LetterFromLob","Membership Card","StoneCalendar","aspiration:AnachronicSnailShell","Guardian:BottledAnomaly","Centennial Puzzle","aspiration:FrozenJewel","Thread and Needle","ReplayTheSpireMod:TigerMarble","Iron Hammer","Dead Branch","Replay:Wax Seal","aspiration:HatOfInfinitePower","Bottled Tornado","conspire:SlowCooker","ReplayFunnel","Eternal Feather","conspire:BottledYoYo","Toxic Egg 2","Potion Belt","Bronze Scales","Mummified Hand","aspiration:HummingbirdHeart","Quantum Egg","Divine Protection","Coffee Dripper","Ornamental Fan","Shuriken","MerchantsRug","Bottled Lightning"],"acts_visited":["Exordium","TheCity","TheBeyond"],"potions_floor_usage":[38,39,50,50,50,50,50,50,50,50],"damage_taken":[{"damage":15.0,"enemies":"Jaw Worm","floor":2.0,"turns":3.0},{"damage":20.0,"enemies":"downfall:FleeingMerchant","floor":3.0,"turns":4.0},{"damage":5.0,"enemies":"Cultist","floor":5.0,"turns":2.0},{"damage":10.0,"enemies":"2 Louse","floor":6.0,"turns":3.0},{"damage":9.0,"enemies":"Gremlin Gang","floor":8.0,"turns":4.0},{"damage":5.0,"enemies":"Gremlin Nob","floor":9.0,"turns":2.0},{"damage":14.0,"enemies":"downfall:FleeingMerchant","floor":11.0,"turns":4.0},{"damage":5.0,"enemies":"Large Slime","floor":12.0,"turns":4.0},{"damage":0.0,"enemies":"Replay:BlueRogue","floor":14.0,"turns":3.0},{"damage":5.0,"enemies":"Exordium Wildlife","floor":15.0,"turns":1.0},{"damage":10.0,"enemies":"WA_ARCHETYPE_RETAIN","floor":16.0,"turns":2.0},{"damage":8.0,"enemies":"downfall:FleeingMerchant","floor":21.0,"turns":4.0},{"damage":5.0,"enemies":"3 Byrds","floor":22.0,"turns":3.0},{"damage":15.0,"enemies":"Shell Parasite","floor":25.0,"turns":1.0},{"damage":16.0,"enemies":"conspire:SneckoGhost","floor":26.0,"turns":3.0},{"damage":10.0,"enemies":"Snake Plant","floor":27.0,"turns":1.0},{"damage":5.0,"enemies":"Book of Stabbing","floor":28.0,"turns":3.0},{"damage":10.0,"enemies":"3 Cultists","floor":30.0,"turns":3.0},{"damage":0.0,"enemies":"Snecko","floor":32.0,"turns":3.0},{"damage":8.0,"enemies":"IC_MUSHROOM_ARCHETYPE","floor":33.0,"turns":2.0},{"damage":0,"enemies":"Orb Walker","floor":38,"turns":2},{"damage":15,"enemies":"3 Shapes","floor":39,"turns":3},{"damage":0,"enemies":"Writhing Mass","floor":44,"turns":6},{"damage":7,"enemies":"3 Darklings","floor":46,"turns":3},{"damage":37,"enemies":"Spire Growth","floor":49,"turns":1},{"damage":41,"enemies":"SI_POISON_ARCHETYPE","floor":50,"turns":5}],"seed_played":"2901881961047559778","potions_obtained":[{"floor":5.0,"key":"champ:TechniquePotion"},{"floor":8.0,"key":"Strength Potion"},{"floor":9.0,"key":"ColorlessPotion"},{"floor":14.0,"key":"SpeedPotion"},{"floor":15.0,"key":"bronze:BurnAndBuffPotion"},{"floor":16.0,"key":"Elixir"},{"floor":22.0,"key":"DistilledChaos"},{"floor":25.0,"key":"Dexterity Potion"},{"floor":27.0,"key":"champ:OpenerPotion"},{"floor":32.0,"key":"FearPotion"},{"floor":33.0,"key":"AttackPotion"},{"floor":44,"key":"Fire Potion"}],"is_trial":false,"path_per_floor":["R","M","$","?","M","M","T","M","E","R","$","M","R","E","M","B",null,"R","?","T","$","M","R","T","M","E","M","E","R","M","$","M","B",null,"R","?","T","M","M","R","T","R","T","M","$","M","R","?","M","B",null],"character_chosen":"THE_CHAMP","items_purchased":["Midas Touch","Replay:WaspNest","War Paint","sneckomod:BlankCard","aspiration:ChemicalBlood","champ:EnragedBash","Membership Card","HandOfGreed","champ:TripleStrike","Tiny Chest","aspiration:SeaSaltIceCream","StoneCalendar","aspiration:AnachronicSnailShell","Guardian:BottledAnomaly","conspire:TreasureMap","Thread and Needle","ReplayTheSpireMod:TigerMarble","CeramicFish","Guide Book","champ:EndlessRage","Iron Hammer","champ:HoldFirm","Dead Branch","Replay:Wax Seal","aspiration:HatOfInfinitePower","Chemical X","champ:TripleStrike","Eternal Feather","Replay:Bottled Eggs","conspire:BottledYoYo","champ:StanceDance","Toxic Egg 2","Potion Belt","Bronze Scales","Secret Technique+1","Quantum Egg","Molten Egg 2","Divine Protection","aspiration:Nostalgia","Ornamental Fan","Shuriken","MerchantsRug","Bottled Lightning"],"campfire_rested":0,"item_purchase_floors":[1,1,1,1,1,1,3,3,3,3,3,3,3,3,10,10,10,11,11,11,11,11,13,13,13,13,13,21,21,21,21,23,23,23,29,29,29,31,31,40,40,45,45],"current_hp_per_floor":[99,99,99,99,99,99,99,95,95,95,86,86,86,86,86,86,99,65,47,47,39,39,54,54,54,58,58,58,79,81,85,104,105,105,105,105,105,105,105,105,105,105,105,105,105,105,105,105,105,89],"gold":3655,"neow_bonus":"TEN_PERCENT_HP_BONUS","is_daily":false,"chose_seed":false,"campfire_upgraded":2,"win_rate":0.0,"timestamp":1613237772,"path_taken":["R","M","$","?","M","M","T","M","E","R","$","?","R","E","M","BOSS","R","?","?","?","?","R","T","M","E","M","E","R","M","$","M","BOSS","R","?","?","?","M","R","T","R","?","M","$","M","R","?","M","BOSS"],"items_purchased_type":["Card","Relic","Relic","Relic","Relic","Card","Relic","Card","Card","Relic","Relic","Relic","Relic","Relic","Relic","Relic","Relic","Relic","Relic","Card","Relic","Card","Relic","Relic","Relic","Relic","Card","Relic","Relic","Relic","Card","Relic","Relic","Relic","Card","Relic","Relic","Relic","Relic","Relic","Relic","Relic","Relic"],"build_version":"2020-12-22","purchased_purges":1,"victory":true,"max_hp_per_floor":[99,99,99,99,99,99,99,99,99,99,99,99,99,99,99,99,99,99,99,99,99,99,99,99,99,99,99,99,99,101,105,105,105,105,105,105,105,105,105,105,105,105,105,105,105,105,105,105,105,105],"card_choices":[{"not_picked":["champ:PreciseThrust","champ:PreemptiveStrike"],"picked":"champ:ShieldWall","floor":2.0},{"not_picked":["champ:BladeFlurry","champ:PreciseThrust"],"picked":"champ:ShieldSlam","floor":3.0},{"not_picked":["Master of Strategy+1","Poisoned Strike+1"],"picked":"Apotheosis+1","floor":4.0},{"not_picked":["ReplayUltimateDefense+1","Secret Technique+1"],"picked":"Master of Strategy+1","floor":4.0},{"not_picked":["Transmutation+1","Crow Ritual+1"],"picked":"ReplayUltimateDefense+1","floor":4.0},{"not_picked":["champ:FaceSlap","champ:EnGarde"],"picked":"champ:SwordThrow","floor":5.0},{"not_picked":["champ:PreemptiveStrike","champ:BladeFlurry","champ:PreciseThrust"],"picked":"SKIP","floor":6.0},{"not_picked":["champ:Haymaker","champ:HeartStrike","champ:PerfectedStrike"],"picked":"SKIP","floor":8.0},{"not_picked":["champ:Shatter","champ:SkillfulDodge","champ:BringItOn"],"picked":"SKIP","floor":9.0},{"not_picked":["champ:FlashCut","champ:Circumvent"],"picked":"champ:FanOfKnives","floor":11.0},{"not_picked":["champ:FlashCut","champ:Haymaker","champ:Endure"],"picked":"SKIP","floor":12.0},{"not_picked":["champ:BringItOn","champ:PreciseThrust"],"picked":"champ:RisingSlash","floor":14.0},{"not_picked":["champ:BladeFlurry","champ:RapidStrikes"],"picked":"champ:MurderStrike","floor":15.0},{"not_picked":["champ:Devastate","champ:IgnorePain"],"picked":"champ:GladiatorForm","floor":16.0},{"not_picked":["champ:EnGarde","champ:IgnorePain","champ:PreciseThrust"],"picked":"SKIP","floor":21.0},{"not_picked":["champ:FlashCut","champ:GutPunch","champ:PerfectedStrike"],"picked":"SKIP","floor":22.0},{"not_picked":["champ:PreciseThrust","champ:EnGarde+1"],"picked":"champ:FocusedBerserking+1","floor":25.0},{"not_picked":["champ:Endure+1","champ:PreemptiveStrike"],"picked":"champ:ArenaPreparation+1","floor":26.0},{"not_picked":["champ:PerfectedStrike","champ:Duel+1"],"picked":"champ:StanceDance+1","floor":27.0},{"not_picked":["champ:Duel","champ:Shatter"],"picked":"champ:IgnorePain+1","floor":28.0},{"not_picked":["champ:Encircle+1","champ:Parry+1"],"picked":"champ:RecklessLeap+1","floor":30.0},{"not_picked":["champ:PreciseThrust+1","champ:FlashCut+1","champ:Duel+1"],"picked":"SKIP","floor":32.0},{"not_picked":["champ:SwordThrow+1","champ:SteelEdge+1"],"picked":"champ:IgnorePain+1","floor":33.0},{"not_picked":["champ:ShieldWall","champ:FlashCut+1"],"picked":"champ:SetATrap+1","floor":38},{"not_picked":["champ:BringItOn+1","champ:TornadoPunch+1"],"picked":"champ:Backstep+1","floor":39},{"not_picked":["champ:Circumvent+1","champ:HeartStrike+1","champ:RecklessLeap+1"],"picked":"SKIP","floor":44},{"not_picked":["champ:FancyFootwork+1","champ:PreciseThrust"],"picked":"champ:EnragedBash+1","floor":46},{"not_picked":["champ:FalseCounter+1","champ:AdrenalArmor+1"],"picked":"champ:ArenaPreparation+1","floor":49}],"player_experience":709273,"relics_obtained":[{"floor":2.0,"key":"LetterFromLob"},{"floor":7.0,"key":"Centennial Puzzle"},{"floor":9.0,"key":"aspiration:FrozenJewel"},{"floor":14.0,"key":"Bottled Tornado"},{"floor":20.0,"key":"ReplayFunnel"},{"floor":24.0,"key":"Mummified Hand"},{"floor":26.0,"key":"Grinning Jar"},{"floor":28.0,"key":"aspiration:HummingbirdHeart"},{"floor":37,"key":"conspire:TopHat"},{"floor":41,"key":"Replay:Bottled Flurry"},{"floor":43,"key":"Dream Catcher"}],"event_choices":[{"damage_healed":0.0,"max_hp_gain":0.0,"max_hp_loss":0.0,"gold_gain":0.0,"event_name":"betterMatch:BetterMatch","player_choice":"3","floor":4.0,"gold_loss":0.0,"damage_taken":0.0,"cards_obtained":["betterMatch:ColorlessRareCard"]},{"cards_removed":["champ:EnragedBash"],"damage_healed":0,"gold_gain":0,"player_choice":"Removed Attack","damage_taken":0,"max_hp_gain":0,"max_hp_loss":0,"event_name":"Falling","floor":48,"gold_loss":0}],"is_beta":false,"boss_relics":[{"not_picked":["Sozu","aspiration:FutureDiary"],"picked":"conspire:SlowCooker"},{"not_picked":["Replay:Bronze Core","SacredBark"],"picked":"Coffee Dripper"}],"items_purged_floors":[3],"is_endless":false,"potions_floor_spawned":[5,8,9,14,15,16,22,25,27,32,33,44,46,49],"ascension_level":0}}