{"host":"ormi09wwzv7sq47a","time":1613180333,"event":{"mods":["2.2 Compatiblity","AchievementEnabler","Act Like it!","BaseMod","Bestiary","Better Altar","Better Note","Better Sensory Stone","Better Silent Start","Better Skull","Better Third Choice","Better Vampires","BetterRewards","Block Reminder","Card Forge","Colored Map","Colored Powertips","Curses Come First","DeckTracker","Downfall","Highlight Path","Minty Spire (QoL Compilation)","Permanent Neow","Quick Restart","Rare Cards Sparkle","Relic Stats","Shop Mod","StSLib","The Jungle"],"gold_per_floor":[114,114,125,136,156,156,156,156,181,181,195,223,238,238,238,335,335,346,357,357,372,372,372,402,402,702,737,737,737,754,774,774,879,879,892,892,892,909,923,950,950,984,984,984,15,30,50,102,102,102,102,102,1,32,32],"floor_reached":56,"language":"ENG","playtime":3291,"items_purged":["Guardian:Strike_Guardian","downfall:Bewildered"],"score":1771,"play_id":"445ea843-e759-4f53-92ce-29b5e2df07c1","local_time":"20210212223853","is_ascension_mode":true,"campfire_choices":[{"data":"Guardian:BodySlam","floor":6.0,"key":"SMITH"},{"data":"Guardian:TwinSlam","floor":7.0,"key":"SMITH"},{"data":"Guardian:TemporalShield","floor":8.0,"key":"SMITH"},{"data":"Guardian:Recover","floor":10.0,"key":"SMITH"},{"data":"Guardian:EvasiveProtocol","floor":15.0,"key":"SMITH"},{"data":"Guardian:GemFire","floor":23.0,"key":"SMITH"},{"data":"Guardian:Orbwalk","floor":25,"key":"SMITH"},{"data":"Guardian:PrismaticBeam","floor":28,"key":"SMITH"},{"floor":32,"key":"RECALL"},{"data":"Guardian:CompilePackage","floor":41,"key":"SMITH"},{"data":"Panache","floor":49,"key":"SMITH"},{"data":"Guardian:ShieldCharger","floor":52,"key":"SMITH"}],"circlet_count":0,"master_deck":["Guardian:CurlUp+1","Guardian:TwinSlam+1","Guardian:SpikerProtocol","Guardian:BodySlam+1","Guardian:Recover+1","Guardian:TemporalShield+1","Guardian:Orbwalk+1","Guardian:CrystalBeam+1","Guardian:EvasiveProtocol+1","Guardian:Repulse","Guardian:GemFire+1","Guardian:WalkerClaw","Guardian:PrismaticBeam+1","Reinforced Body+1","Guardian:GuardianWhirl+1","downfall:Haunted","Guardian:SentryBeam+1","Guardian:CompilePackage+1","Guardian:SentryBeam","Guardian:RevengeProtocol","Guardian:GatlingBeam","Guardian:SphericShield+1","Guardian:SphericShield","Guardian:ShieldCharger+1","Guardian:TemporalShield+1","Guardian:ShieldCharger+1","Guardian:SpikerProtocol+1","Guardian:FloatingOrbs+1","Panache+1","Guardian:TimeCapacitor","Guardian:PolyBeam+1","Guardian:Repulse+1"],"relics":["Guardian:ModeShifter","Hammer of Thor","Seething Fire","Anvil of the Gods","WingedGreaves","Mango","Bronze Scales","War Paint","Cursed Key","Mercury Hourglass","Old Coin","Boot","Pandora\u0027s Box","Pear","Guardian:PickAxe","Guardian:BottledStasis","Ice Cream","Ornamental Fan","Unceasing Top","Kunai"],"acts_visited":["Exordium","TheCity","TheBeyond","TheEnding"],"potions_floor_usage":[27,30,30,38,39,46,50,54],"damage_taken":[{"damage":0.0,"enemies":"Cultist","floor":1.0,"turns":3.0},{"damage":0.0,"enemies":"Jaw Worm","floor":3.0,"turns":3.0},{"damage":3.0,"enemies":"2 Louse","floor":4.0,"turns":3.0},{"damage":1.0,"enemies":"Red Slaver","floor":5.0,"turns":3.0},{"damage":1.0,"enemies":"Looter","floor":11.0,"turns":3.0},{"damage":2.0,"enemies":"3 Sentries","floor":12.0,"turns":6.0},{"damage":16.0,"enemies":"Exordium Wildlife","floor":13.0,"turns":4.0},{"damage":6.0,"enemies":"Hexaghost","floor":16.0,"turns":9.0},{"damage":0.0,"enemies":"Shell Parasite","floor":18.0,"turns":3.0},{"damage":0.0,"enemies":"Spheric Guardian","floor":19.0,"turns":3.0},{"damage":0.0,"enemies":"3 Cultists","floor":21.0,"turns":6.0},{"damage":0,"enemies":"Gremlin Leader","floor":24,"turns":7},{"damage":21,"enemies":"Slavers","floor":27,"turns":5},{"damage":9,"enemies":"Centurion and Healer","floor":30,"turns":4},{"damage":0,"enemies":"Snecko","floor":31,"turns":4},{"damage":35,"enemies":"Collector","floor":33,"turns":11},{"damage":23,"enemies":"3 Darklings","floor":35,"turns":4},{"damage":0,"enemies":"Orb Walker","floor":38,"turns":4},{"damage":0,"enemies":"4 Shapes","floor":39,"turns":3},{"damage":3,"enemies":"Reptomancer","floor":40,"turns":5},{"damage":12,"enemies":"Giant Head","floor":42,"turns":8},{"damage":1,"enemies":"3 Darklings","floor":46,"turns":4},{"damage":9,"enemies":"Sphere and 2 Shapes","floor":47,"turns":4},{"damage":5,"enemies":"2 Orb Walkers","floor":48,"turns":3},{"damage":13,"enemies":"Time Eater","floor":50,"turns":9},{"damage":0,"enemies":"Shield and Spear","floor":54,"turns":4},{"damage":30,"enemies":"The Heart","floor":55,"turns":6}],"seed_played":"-8299353226872555386","potions_obtained":[{"floor":3.0,"key":"CultistPotion"},{"floor":11.0,"key":"Weak Potion"},{"floor":12.0,"key":"Ancient Potion"},{"floor":13.0,"key":"Strength Potion"},{"floor":19.0,"key":"Fire Potion"},{"floor":24,"key":"GamblersBrew"},{"floor":27,"key":"Strength Potion"},{"floor":30,"key":"SmokeBomb"},{"floor":35,"key":"Regen Potion"},{"floor":38,"key":"Fire Potion"},{"floor":42,"key":"champ:CounterPotion"},{"floor":48,"key":"SteroidPotion"}],"is_trial":false,"path_per_floor":["M","?","M","M","M","R","R","R","T","R","M","E","M","?","R","B",null,"M","M","?","M","?","R","E","R","T","E","R","?","M","M","R","B",null,"M","?","?","M","M","E","R","E","T","R","$","M","M","?","R","B",null,"R","$","E","B",null],"character_chosen":"GUARDIAN","items_purchased":["Guardian:SpikerProtocol","Guardian:BodySlam","Guardian:Gem_Purple","Swift Potion","Guardian:BottledStasis","Ice Cream","Ornamental Fan","Panache","Slimebound:ThreeZeroPotion"],"campfire_rested":0,"item_purchase_floors":[0,0,0,0,45,45,45,45,53],"current_hp_per_floor":[50,50,50,47,46,46,46,46,46,46,45,43,27,27,27,21,76,76,76,76,76,76,76,76,76,76,55,55,55,46,46,46,11,73,50,50,36,48,48,55,55,43,43,43,43,42,33,28,28,15,78,78,78,78,48],"gold":32,"neow_bonus":"","is_daily":false,"chose_seed":false,"campfire_upgraded":11,"win_rate":0.0,"timestamp":1613180333,"path_taken":["M","?","M","M","M","R","R","R","T","R","M","E","M","?","R","BOSS","M","?","?","M","?","R","E","R","T","E","R","?","?","M","R","BOSS","M","?","?","?","?","E","R","E","T","R","$","M","M","?","R","BOSS","R","$","E","BOSS"],"items_purchased_type":["Card","Card","Card","Potion","Relic","Relic","Relic","Card","Potion"],"build_version":"2020-12-22","purchased_purges":2,"victory":true,"max_hp_per_floor":[94,94,94,94,94,94,94,94,94,94,94,94,94,94,94,94,94,94,94,94,94,94,94,94,94,94,94,94,94,94,94,94,94,94,94,89,89,89,89,99,99,99,99,99,99,99,99,99,99,99,99,99,99,99,99],"relic_stats":{"counters":[429,2006],"Ornamental Fan":[36],"Bronze Scales":[442],"Pandora\u0027s Box":["Guardian:SentryBeam","Guardian:RevengeProtocol","Guardian:GatlingBeam","Guardian:SphericShield","Guardian:SphericShield","Guardian:ShieldCharger"],"Kunai":[1],"War Paint":["Guardian:CurlUp","Guardian:Defend_Guardian"],"Cursed Key":2,"Boot":[52],"obtain_stats":[{"Guardian:StasisEgg":37,"Ginger":0,"Whetstone":26,"Sling":0,"Boot":53,"Old Coin":43,"Guardian:PickAxe":14,"Blood Vial":23,"Sundial":30,"MealTicket":0,"Kunai":53,"MerchantsRug":21,"Pear":40,"Blue Candle":0,"Eternal Feather":9,"Pen Nib":44,"Guardian:PocketSentry":6,"Akabeko":0,"MutagenicStrength":22,"Bird Faced Urn":0,"Snecko Eye":17,"Pandora\u0027s Box":34,"StrikeDummy":43,"Unceasing Top":7,"Guardian:StasisSlotReductionRelic":17,"Lantern":29,"Regal Pillow":7,"Torii":12,"Singing Bowl":21,"Guardian:StasisCodex":54,"StoneCalendar":38,"Bag of Preparation":21,"Ancient Tea Set":26,"Smiling Mask":30,"Cursed Key":17,"Matryoshka":9,"Shovel":40,"WingedGreaves":37,"InkBottle":47,"Lee\u0027s Waffle":0,"Golden Idol":13,"Thread and Needle":12,"PreservedInsect":17,"The Courier":34,"Omamori":46,"Seething Fire":0,"Frozen Egg 2":9,"MawBank":9,"Ornamental Fan":45,"betterThird:SlimedRelic":2,"Turnip":0,"Art of War":48,"Bottled Lightning":26,"hexamod:BolsterEngine":13,"Toy Ornithopter":44,"Ice Cream":31,"Calipers":30,"Tiny House":17,"Gremlin Horn":26,"Nilry\u0027s Codex":25,"CeramicFish":7,"Vajra":31,"Guardian:SackOfGems":23,"Hammer of Thor":0,"Lizard Tail":0,"Centennial Puzzle":29,"HornCleat":22,"DollysMirror":31,"Strawberry":10,"Prayer Wheel":17,"Philosopher\u0027s Stone":34,"Toxic Egg 2":29,"Girya":10,"Guardian:BottledStasis":36,"Happy Flower":54,"Astrolabe":17,"Dead Branch":0,"Guardian:ModeShifter":0,"Oddly Smooth Stone":37,"Letter Opener":9,"War Paint":9,"Question Card":40,"Du-Vu Doll":0,"OrangePellets":0,"Bottled Flame":26,"Shuriken":26,"Anvil of the Gods":0,"Bronze Scales":0,"Black Star":34,"Nloth\u0027s Gift":22,"Pocketwatch":7,"Meat on the Bone":24,"Darkstone Periapt":17,"Guardian:ModeShifterPlus":34,"Mango":0,"Incense Burner":7,"Juzu Bracelet":7,"Empty Cage":17,"Dream Catcher":14,"Nunchaku":0,"Mummified Hand":8,"Gambling Chip":0,"Tiny Chest":25,"Orichalcum":43,"Odd Mushroom":10,"Medical Kit":0,"White Beast Statue":21,"Mercury Hourglass":45,"Calling Bell":17,"Peace Pipe":0,"Guardian:StasisUpgradeRelic":53,"CaptainsWheel":9,"Anchor":9,"Bag of Marbles":48,"Membership Card":21,"FossilizedHelix":38,"TungstenRod":26},{"Guardian:StasisEgg":218,"Ginger":39,"Whetstone":249,"Sling":39,"Boot":346,"Old Coin":342,"Guardian:PickAxe":24,"Blood Vial":51,"Sundial":12,"MealTicket":171,"Kunai":109,"MerchantsRug":96,"Pear":320,"Blue Candle":136,"Eternal Feather":44,"Pen Nib":35,"Guardian:PocketSentry":44,"Akabeko":84,"MutagenicStrength":180,"Bird Faced Urn":225,"Snecko Eye":246,"Pandora\u0027s Box":14,"StrikeDummy":256,"Unceasing Top":69,"Guardian:StasisSlotReductionRelic":7,"Lantern":29,"Regal Pillow":329,"Torii":143,"Singing Bowl":209,"Guardian:StasisCodex":65,"StoneCalendar":189,"Bag of Preparation":96,"Ancient Tea Set":28,"Smiling Mask":99,"Cursed Key":177,"Matryoshka":194,"Shovel":220,"WingedGreaves":318,"InkBottle":37,"Lee\u0027s Waffle":162,"Golden Idol":5,"Thread and Needle":331,"PreservedInsect":25,"The Courier":276,"Omamori":106,"Seething Fire":0,"Frozen Egg 2":89,"MawBank":204,"Ornamental Fan":423,"betterThird:SlimedRelic":40,"Turnip":66,"Art of War":133,"Bottled Lightning":10,"hexamod:BolsterEngine":45,"Toy Ornithopter":105,"Ice Cream":275,"Calipers":124,"Tiny House":333,"Gremlin Horn":52,"Nilry\u0027s Codex":149,"CeramicFish":305,"Vajra":30,"Guardian:SackOfGems":210,"Hammer of Thor":0,"Lizard Tail":17,"Centennial Puzzle":53,"HornCleat":50,"DollysMirror":99,"Strawberry":90,"Prayer Wheel":25,"Philosopher\u0027s Stone":186,"Toxic Egg 2":215,"Girya":80,"Guardian:BottledStasis":277,"Happy Flower":110,"Astrolabe":47,"Dead Branch":111,"Guardian:ModeShifter":0,"Oddly Smooth Stone":32,"Letter Opener":242,"War Paint":69,"Question Card":255,"Du-Vu Doll":288,"OrangePellets":111,"Bottled Flame":123,"Shuriken":97,"Anvil of the Gods":0,"Bronze Scales":162,"Black Star":100,"Nloth\u0027s Gift":209,"Pocketwatch":116,"Meat on the Bone":248,"Darkstone Periapt":25,"Guardian:ModeShifterPlus":55,"Mango":402,"Incense Burner":4,"Juzu Bracelet":168,"Empty Cage":383,"Dream Catcher":6,"Nunchaku":66,"Mummified Hand":141,"Gambling Chip":348,"Tiny Chest":123,"Orichalcum":34,"Odd Mushroom":331,"Medical Kit":66,"White Beast Statue":96,"Mercury Hourglass":157,"Calling Bell":25,"Peace Pipe":76,"Guardian:StasisUpgradeRelic":109,"CaptainsWheel":4,"Anchor":21,"Bag of Marbles":63,"Membership Card":96,"FossilizedHelix":58,"TungstenRod":212},{"Guardian:StasisEgg":983,"Ginger":211,"Whetstone":1148,"Sling":211,"Boot":1601,"Old Coin":1571,"Guardian:PickAxe":121,"Blood Vial":270,"Sundial":61,"MealTicket":775,"Kunai":521,"MerchantsRug":476,"Pear":1454,"Blue Candle":609,"Eternal Feather":237,"Pen Nib":184,"Guardian:PocketSentry":237,"Akabeko":446,"MutagenicStrength":815,"Bird Faced Urn":1021,"Snecko Eye":1137,"Pandora\u0027s Box":75,"StrikeDummy":1185,"Unceasing Top":367,"Guardian:StasisSlotReductionRelic":38,"Lantern":150,"Regal Pillow":1502,"Torii":640,"Singing Bowl":955,"Guardian:StasisCodex":340,"StoneCalendar":861,"Bag of Preparation":476,"Ancient Tea Set":145,"Smiling Mask":485,"Cursed Key":801,"Matryoshka":883,"Shovel":992,"WingedGreaves":1450,"InkBottle":196,"Lee\u0027s Waffle":727,"Golden Idol":22,"Thread and Needle":1508,"PreservedInsect":130,"The Courier":1282,"Omamori":510,"Seething Fire":0,"Frozen Egg 2":456,"MawBank":929,"Ornamental Fan":1976,"betterThird:SlimedRelic":214,"Turnip":349,"Art of War":591,"Bottled Lightning":50,"hexamod:BolsterEngine":240,"Toy Ornithopter":504,"Ice Cream":1273,"Calipers":565,"Tiny House":1521,"Gremlin Horn":274,"Nilry\u0027s Codex":664,"CeramicFish":1404,"Vajra":154,"Guardian:SackOfGems":959,"Hammer of Thor":0,"Lizard Tail":91,"Centennial Puzzle":277,"HornCleat":266,"DollysMirror":485,"Strawberry":460,"Prayer Wheel":130,"Philosopher\u0027s Stone":845,"Toxic Egg 2":974,"Girya":426,"Guardian:BottledStasis":1284,"Happy Flower":525,"Astrolabe":259,"Dead Branch":532,"Guardian:ModeShifter":0,"Oddly Smooth Stone":167,"Letter Opener":1119,"War Paint":367,"Question Card":1177,"Du-Vu Doll":1325,"OrangePellets":532,"Bottled Flame":561,"Shuriken":479,"Anvil of the Gods":0,"Bronze Scales":727,"Black Star":490,"Nloth\u0027s Gift":955,"Pocketwatch":545,"Meat on the Bone":1146,"Darkstone Periapt":130,"Guardian:ModeShifterPlus":288,"Mango":1875,"Incense Burner":18,"Juzu Bracelet":761,"Empty Cage":1775,"Dream Catcher":28,"Nunchaku":349,"Mummified Hand":631,"Gambling Chip":1619,"Tiny Chest":561,"Orichalcum":177,"Odd Mushroom":1508,"Medical Kit":349,"White Beast Statue":476,"Mercury Hourglass":698,"Calling Bell":130,"Peace Pipe":412,"Guardian:StasisUpgradeRelic":521,"CaptainsWheel":18,"Anchor":107,"Bag of Marbles":326,"Membership Card":476,"FossilizedHelix":296,"TungstenRod":962}],"Unceasing Top":[1],"Mercury Hourglass":[357]},"card_choices":[{"not_picked":["Guardian:Gem_Lightblue","Guardian:ShieldCharger"],"picked":"Guardian:Gem_Cyan","floor":1.0},{"not_picked":["Guardian:Planning","Guardian:Gem_Green"],"picked":"Guardian:Recover","floor":3.0},{"not_picked":["Guardian:ChargeCore","Guardian:TemporalStrike"],"picked":"Guardian:TemporalShield","floor":4.0},{"not_picked":["Guardian:Gem_Lightblue","Guardian:Suspension"],"picked":"Guardian:Orbwalk","floor":5.0},{"not_picked":["Guardian:TemporalShield","Guardian:Incinerate"],"picked":"Guardian:CrystalBeam","floor":11.0},{"not_picked":["Guardian:Gem_Cyan","Guardian:TemporalShield"],"picked":"Guardian:EvasiveProtocol","floor":12.0},{"not_picked":["Guardian:RefractedBeam","Guardian:ShieldCharger"],"picked":"Guardian:Repulse","floor":13.0},{"not_picked":["Guardian:FastForward","Guardian:SphericShield"],"picked":"Guardian:GemFire","floor":16.0},{"not_picked":["Guardian:ChargeUp","Guardian:PiercingHide"],"picked":"Guardian:WalkerClaw","floor":18.0},{"not_picked":["Guardian:WalkerClaw","Guardian:Planning"],"picked":"Guardian:PrismaticBeam","floor":19.0},{"not_picked":["Guardian:RefractedBeam","Guardian:ChargeCore","Guardian:WalkerClaw"],"picked":"SKIP","floor":21.0},{"not_picked":["Guardian:PrimingBeam","Guardian:Gem_Lightblue"],"picked":"Guardian:GuardianWhirl+1","floor":24},{"not_picked":["Guardian:Gem_Green","Guardian:Preprogram"],"picked":"Guardian:Gem_Cyan","floor":27},{"not_picked":["Guardian:Gem_Yellow","Guardian:BronzeOrb"],"picked":"Guardian:SentryBeam+1","floor":30},{"not_picked":["Guardian:SentryBeam","Guardian:TemporalShield","Guardian:TimeCapacitor"],"picked":"SKIP","floor":31},{"not_picked":["Guardian:ConstructionForm","Guardian:RevengeProtocol"],"picked":"Guardian:CompilePackage","floor":33},{"not_picked":["Guardian:Gem_Green","Guardian:RollAttack"],"picked":"Guardian:TemporalShield+1","floor":35},{"not_picked":["Guardian:TimeBomb","Guardian:Incinerate"],"picked":"Guardian:ShieldCharger+1","floor":38},{"not_picked":["Guardian:ConstructionForm","Guardian:Planning+1"],"picked":"Guardian:SpikerProtocol+1","floor":39},{"not_picked":["Guardian:DonusPower","Guardian:Incinerate+1"],"picked":"Guardian:FloatingOrbs+1","floor":40},{"not_picked":["Guardian:ChargeCore+1","Guardian:PrimingBeam","Guardian:SphericShield"],"picked":"SKIP","floor":42},{"not_picked":["Guardian:Gem_Yellow","Guardian:Planning"],"picked":"Guardian:TimeCapacitor","floor":46},{"not_picked":["Guardian:Gem_Cyan","Guardian:Incinerate"],"picked":"Guardian:PolyBeam+1","floor":47},{"not_picked":["Guardian:PiercingHide","Guardian:EvasiveProtocol"],"picked":"Guardian:Repulse+1","floor":54}],"player_experience":1077769,"relics_obtained":[{"floor":9.0,"key":"Bronze Scales"},{"floor":12.0,"key":"War Paint"},{"floor":24,"key":"Mercury Hourglass"},{"floor":26,"key":"Old Coin"},{"floor":27,"key":"Boot"},{"floor":40,"key":"Pear"},{"floor":42,"key":"Guardian:PickAxe"},{"floor":48,"key":"Unceasing Top"},{"floor":54,"key":"Kunai"}],"event_choices":[{"cards_removed":["Guardian:BodySlam"],"damage_healed":0.0,"max_hp_gain":0.0,"max_hp_loss":0.0,"gold_gain":0.0,"event_name":"betterNote:BetterNote","player_choice":"Take \u0026 Give","floor":20.0,"gold_loss":0.0,"damage_taken":0.0,"cards_obtained":["Reinforced Body"]},{"damage_healed":0.0,"max_hp_gain":0.0,"max_hp_loss":0.0,"gold_gain":0.0,"event_name":"The Mausoleum","player_choice":"Ignored","floor":22.0,"gold_loss":0.0,"damage_taken":0.0},{"damage_healed":0,"gold_gain":0,"player_choice":"Max HP","damage_taken":0,"max_hp_gain":0,"max_hp_loss":5,"event_name":"Winding Halls","floor":36,"gold_loss":0},{"damage_healed":0,"gold_gain":0,"player_choice":"UP ","damage_taken":16,"relics_obtained":[],"max_hp_gain":0,"max_hp_loss":0,"event_name":"betterSkull:BetterSkull","floor":37,"gold_loss":0,"cards_upgraded":["Guardian:SphericShield"]},{"damage_healed":0,"gold_gain":0,"player_choice":"Fight","damage_taken":0,"max_hp_gain":0,"max_hp_loss":0,"event_name":"Mysterious Sphere","floor":48,"gold_loss":0}],"is_beta":false,"boss_relics":[{"not_picked":["Snecko Eye","Calling Bell"],"picked":"Cursed Key"},{"not_picked":["Sozu","SacredBark"],"picked":"Pandora\u0027s Box"}],"items_purged_floors":[0,45],"is_endless":false,"potions_floor_spawned":[3,11,12,13,19,24,27,30,35,38,42,48],"ascension_level":9}}