{"host":"8ztb9kwpjc2zof9s","time":1613176177,"event":{"mods":["BaseMod","Block Reminder","Curses Come First","Minty Spire (QoL Compilation)","Relic Stats","StSLib"],"gold_per_floor":[114,130,16,16,29,29,47,74,74,109,109,139,139,172,172,275,275,286,385,400,500,513,513,532,542,542,555,160,160,9,9,9],"floor_reached":31,"language":"ENG","playtime":1234,"items_purged":["Strike_G","Strike_G"],"score":450,"play_id":"a0d5a73e-36b2-4597-932e-c369167af7bb","local_time":"20210212162937","is_ascension_mode":true,"campfire_choices":[{"data":"Noxious Fumes","floor":6,"key":"SMITH"},{"floor":11,"key":"REST"},{"data":"Neutralize","floor":13,"key":"SMITH"},{"floor":15,"key":"REST"},{"data":"Accuracy","floor":23,"key":"SMITH"}],"circlet_count":0,"master_deck":["AscendersBane","Strike_G","Strike_G","Defend_G","Defend_G+1","Defend_G","Defend_G+1","Defend_G","Survivor","Neutralize+1","Blade Dance","Dash","Noxious Fumes+1","Backflip","Dodge and Roll","Poisoned Stab","Cloak And Dagger","Infinite Blades","Malaise","Wraith Form v2","Accuracy+1","Catalyst+1","Infinite Blades","Cloak And Dagger+1","Accuracy","Backflip+1","Apotheosis+1","Blade Dance+1"],"relics":["Ring of the Snake","NeowsBlessing","Ninja Scroll","Kunai","HornCleat","Omamori","Ginger","Empty Cage","Toxic Egg 2"],"acts_visited":["Exordium","TheCity"],"potions_floor_usage":[8,10,20,24],"damage_taken":[{"damage":0,"enemies":"Small Slimes","floor":1,"turns":1},{"damage":0,"enemies":"2 Louse","floor":2,"turns":1},{"damage":0,"enemies":"Cultist","floor":5,"turns":1},{"damage":1,"enemies":"Red Slaver","floor":7,"turns":5},{"damage":6,"enemies":"3 Sentries","floor":8,"turns":7},{"damage":15,"enemies":"Gremlin Nob","floor":10,"turns":4},{"damage":0,"enemies":"3 Sentries","floor":12,"turns":8},{"damage":8,"enemies":"Gremlin Nob","floor":14,"turns":5},{"damage":3,"enemies":"Hexaghost","floor":16,"turns":10},{"damage":0,"enemies":"3 Byrds","floor":18,"turns":5},{"damage":0,"enemies":"Shell Parasite","floor":20,"turns":7},{"damage":10,"enemies":"Snake Plant","floor":22,"turns":5},{"damage":19,"enemies":"Sentry and Sphere","floor":24,"turns":10},{"damage":12,"enemies":"Cultist and Chosen","floor":25,"turns":7},{"damage":18,"enemies":"Snecko","floor":27,"turns":8},{"damage":15,"enemies":"Sentry and Sphere","floor":31,"turns":3}],"seed_played":"2879568656682084229","potions_obtained":[{"floor":2,"key":"Strength Potion"},{"floor":7,"key":"Block Potion"},{"floor":8,"key":"Energy Potion"},{"floor":16,"key":"DuplicationPotion"},{"floor":20,"key":"BlessingOfTheForge"}],"is_trial":false,"path_per_floor":["M","M","$","?","M","R","M","E","T","E","R","E","R","E","R","B",null,"M","?","M","?","M","R","M","M","T","M","$","?","$","M"],"character_chosen":"THE_SILENT","items_purchased":["Noxious Fumes","Backflip","Accuracy","Backflip+1","Apotheosis+1","Blade Dance+1"],"campfire_rested":2,"item_purchase_floors":[3,3,28,28,28,30],"current_hp_per_floor":[63,63,63,49,49,49,48,42,42,27,48,48,48,40,61,58,67,67,67,67,67,57,57,38,26,26,8,8,8,8,0,0],"gold":9,"neow_bonus":"THREE_ENEMY_KILL","is_daily":false,"chose_seed":false,"campfire_upgraded":3,"win_rate":0.0,"timestamp":1613176177,"path_taken":["M","M","$","?","M","R","M","E","T","E","R","E","R","E","R","BOSS","M","?","M","?","?","R","M","M","T","M","?","?","$","M"],"items_purchased_type":["Card","Card","Card","Card","Card","Card"],"build_version":"2020-12-22","purchased_purges":2,"victory":false,"max_hp_per_floor":[70,70,70,70,70,70,70,70,70,70,70,70,70,70,70,70,70,70,70,70,70,70,70,70,70,70,70,70,70,70,70,70],"relic_stats":{"counters":[16,87],"Kunai":[44],"Ginger":[5],"obtain_stats":[{"HornCleat":10,"NeowsBlessing":0,"Ninja Scroll":8,"Omamori":12,"Kunai":9,"Ginger":14,"Toxic Egg 2":26,"Empty Cage":17,"Ring of the Snake":0},{"HornCleat":6,"NeowsBlessing":0,"Ninja Scroll":5,"Omamori":7,"Kunai":5,"Ginger":8,"Toxic Egg 2":14,"Empty Cage":9,"Ring of the Snake":0},{"HornCleat":19,"NeowsBlessing":0,"Ninja Scroll":15,"Omamori":27,"Kunai":15,"Ginger":32,"Toxic Egg 2":76,"Empty Cage":42,"Ring of the Snake":0}],"Ring of the Snake":[32]},"card_choices":[{"not_picked":["Setup","Deflect"],"picked":"Blade Dance","floor":1},{"not_picked":["Calculated Gamble","Tactician"],"picked":"Dash","floor":2},{"not_picked":["Terror","Skewer"],"picked":"Bouncing Flask","floor":5},{"not_picked":["Dagger Throw","Prepared"],"picked":"Dodge and Roll","floor":7},{"not_picked":["Flying Knee","Setup"],"picked":"Poisoned Stab","floor":8},{"not_picked":["Tactician","Backflip"],"picked":"Cloak And Dagger","floor":10},{"not_picked":["Flechettes","Expertise"],"picked":"Infinite Blades","floor":12},{"not_picked":["Riddle With Holes","Backflip"],"picked":"Malaise","floor":14},{"not_picked":["Phantasmal Killer","Doppelganger"],"picked":"Wraith Form v2","floor":16},{"not_picked":["Deflect","Outmaneuver","Dodge and Roll"],"picked":"SKIP","floor":18},{"not_picked":["Acrobatics","Sucker Punch+1"],"picked":"Accuracy","floor":20},{"not_picked":["Underhanded Strike+1","Sucker Punch+1"],"picked":"Catalyst+1","floor":22},{"not_picked":["Backflip","Flying Knee","Sucker Punch+1"],"picked":"SKIP","floor":24},{"not_picked":["Poisoned Stab+1","Flying Knee"],"picked":"Infinite Blades","floor":25},{"not_picked":["Dodge and Roll+1","Sucker Punch"],"picked":"Cloak And Dagger+1","floor":27}],"player_experience":296810,"relics_obtained":[{"floor":8,"key":"Ninja Scroll"},{"floor":9,"key":"Kunai"},{"floor":10,"key":"HornCleat"},{"floor":12,"key":"Omamori"},{"floor":14,"key":"Ginger"},{"floor":26,"key":"Toxic Egg 2"}],"event_choices":[{"damage_healed":0,"gold_gain":0,"player_choice":"Entered Light","damage_taken":14,"max_hp_gain":0,"max_hp_loss":0,"event_name":"Shining Light","floor":4,"gold_loss":0,"cards_upgraded":["Defend_G","Defend_G"]},{"damage_healed":0,"gold_gain":99,"player_choice":"Stole From Cult","damage_taken":0,"max_hp_gain":0,"max_hp_loss":0,"event_name":"Nest","floor":19,"gold_loss":0},{"damage_healed":0,"gold_gain":100,"player_choice":"Pray","damage_taken":0,"max_hp_gain":0,"max_hp_loss":0,"event_name":"Golden Shrine","floor":21,"gold_loss":0},{"damage_healed":0,"gold_gain":0,"player_choice":"Ignored","damage_taken":0,"max_hp_gain":0,"max_hp_loss":0,"event_name":"Ghosts","floor":29,"gold_loss":0}],"is_beta":false,"boss_relics":[{"not_picked":["Fusion Hammer","Busted Crown"],"picked":"Empty Cage"}],"items_purged_floors":[28,30],"is_endless":false,"potions_floor_spawned":[2,7,8,16,18,20],"killed_by":"Sentry and Sphere","ascension_level":11}}