{"host":"8e3sp1tozjyrh64l","time":1613192911,"event":{"mods":["BaseMod","Better Altar","Better Match","Better Note","Better Sensory Stone","Better Silent Start","Better Skull","Better Third Choice","BetterRewards","Curses Come First","Defuse TimeMaze Blight","Infinite Spire","Minty Spire (QoL Compilation)","Permanent Neow","Rare Cards Sparkle","Relic Sorter","Reliquary","Replay The Spire","Shop Mod","Spicy Shops","StSLib","SuperFastMode","Wandering Minibosses"],"gold_per_floor":[119,134,309,322,347,359,371,397,409,421,454,466,5,34,34,136,136,136,153,163,163,163],"floor_reached":21,"language":"ENG","playtime":636,"items_purged":[],"score":229,"play_id":"d817feba-c5cf-4857-b948-5bb981410a33","local_time":"20210212220831","is_ascension_mode":false,"campfire_choices":[{"data":"Venomology","floor":6,"key":"SMITH"},{"data":"Footwork","floor":10,"key":"SMITH"},{"data":"Bouncing Flask","floor":12,"key":"SMITH"},{"data":"A Thousand Cuts","floor":15,"key":"SMITH"}],"circlet_count":0,"master_deck":["Strike_G","Strike_G","Strike_G","Strike_G","Defend_G","Defend_G","Defend_G","Defend_G","Survivor","Neutralize","Venomology+1","Bouncing Flask+1","Footwork+1","Doubt","Cloak And Dagger","A Thousand Cuts+1","Specialist","Specialist","Phantasmal Killer","Noxious Fumes+1","Backstab+1"],"relics":["Ring of the Snake","MawBank","Question Card","Odd Mushroom","MerchantsRug","DollysMirror","Frozen Egg 2","Honey Jar"],"acts_visited":["Exordium","TheCity"],"potions_floor_usage":[8,11,11,18,21],"damage_taken":[{"damage":4,"enemies":"Cultist","floor":1,"turns":5},{"damage":6,"enemies":"Small Slimes","floor":2,"turns":3},{"damage":0,"enemies":"Jaw Worm","floor":4,"turns":4},{"damage":5,"enemies":"Blue Slaver","floor":8,"turns":5},{"damage":10,"enemies":"The Mushroom Lair","floor":11,"turns":4},{"damage":10,"enemies":"3 Sentries","floor":14,"turns":4},{"damage":0,"enemies":"Hexaghost","floor":16,"turns":7},{"damage":0,"enemies":"3 Byrds","floor":18,"turns":2},{"damage":21,"enemies":"2 Thieves","floor":19,"turns":6},{"damage":22,"enemies":"3 Cultists","floor":20,"turns":4},{"damage":21,"enemies":"Centurion and Healer","floor":21,"turns":3}],"seed_played":"-8248825561069806596","potions_obtained":[{"floor":16,"key":"Elixir"}],"is_trial":false,"path_per_floor":["M","M","?","M","T","R","$","M","T","R","?","R","$","E","R","B",null,"M","M","M","M"],"character_chosen":"THE_SILENT","items_purchased":["MerchantsRug","A Thousand Cuts","Specialist","DollysMirror"],"campfire_rested":0,"item_purchase_floors":[13,13,13,13],"current_hp_per_floor":[45,39,39,39,39,39,39,34,34,34,24,24,24,14,14,14,70,70,49,27,6,6],"gold":163,"neow_bonus":"THREE_RARE_CARDS","is_daily":false,"chose_seed":false,"campfire_upgraded":4,"win_rate":0.0,"timestamp":1613192911,"path_taken":["M","?","?","M","?","R","?","M","T","R","?","R","$","E","R","BOSS","M","M","M","M"],"items_purchased_type":["Relic","Card","Card","Relic"],"build_version":"2020-12-22","purchased_purges":0,"victory":false,"max_hp_per_floor":[70,70,70,70,70,70,70,70,70,70,70,70,70,70,70,70,70,70,70,70,70,70],"card_choices":[{"not_picked":["Adrenaline","Burst"],"picked":"Venomology","floor":0},{"not_picked":["Deflect","Dagger Throw"],"picked":"Bouncing Flask","floor":1},{"not_picked":["Blade Dance","Crippling Poison"],"picked":"Footwork","floor":2},{"not_picked":["Sneak Up","Outmaneuver"],"picked":"Cloak And Dagger","floor":4},{"not_picked":["Slice","ReplayTheSpireMod:Exploit Weakness","Outmaneuver"],"picked":"SKIP","floor":8},{"not_picked":["Night Terror","Hidden Blade","Sucker Punch","Unload"],"picked":"SKIP","floor":14},{"not_picked":["ReplayTheSpireMod:From All Sides","Die Die Die","Atom Bomb"],"picked":"Phantasmal Killer","floor":16},{"not_picked":["Hidden Blade+1","Cloak And Dagger","Sucker Punch","Backflip"],"picked":"Noxious Fumes+1","floor":19},{"not_picked":["ReplayTheSpireMod:Exploit Weakness","ReplayTheSpireMod:Speed Training","Cloak And Dagger","Dodge and Roll"],"picked":"Backstab+1","floor":20}],"player_experience":929183,"relics_obtained":[{"floor":5,"key":"MawBank"},{"floor":9,"key":"Question Card"},{"floor":11,"key":"Odd Mushroom"},{"floor":14,"key":"Frozen Egg 2"}],"event_choices":[{"damage_healed":0,"gold_gain":175,"player_choice":"AGREE","damage_taken":134,"max_hp_gain":0,"max_hp_loss":0,"event_name":"betterThird:BetterSerpent","floor":3,"gold_loss":0},{"damage_healed":0,"gold_gain":0,"player_choice":"Fought Mushrooms","damage_taken":0,"max_hp_gain":0,"max_hp_loss":0,"event_name":"Mushrooms","floor":11,"gold_loss":0}],"is_beta":false,"boss_relics":[{"not_picked":["Ring of Chaos","Replay:Drink Me"],"picked":"Honey Jar"}],"items_purged_floors":[],"is_endless":false,"potions_floor_spawned":[4,16],"killed_by":"Centurion and Healer","ascension_level":0}}