{"host":"178rghtqlvp3zue2","time":1613224930,"event":{"mods":["2.2 Compatiblity","AchievementEnabler","BaseMod","DeckTracker","Minty Spire (QoL Compilation)","Quick Restart","SuperFastMode"],"gold_per_floor":[112,112,112,125,45,74,74,104,104,104,125,153,163,190,190,294,294,308,308,138,155,174,199,199,199,223,54,68,84,95,127,127,231,231,249,259,259,259],"floor_reached":37,"language":"KOR","playtime":1643,"items_purged":["Defend_B","Strike_B"],"score":508,"play_id":"eb3aec95-cf75-4028-8e4d-262d893b821c","local_time":"20210213230210","is_ascension_mode":true,"campfire_choices":[{"data":"Aggregate","floor":7,"key":"SMITH"},{"data":"Defragment","floor":10,"key":"SMITH"},{"floor":15,"key":"REST"},{"floor":24,"key":"REST"},{"floor":32,"key":"REST"}],"circlet_count":0,"master_deck":["Strike_B","Strike_B","Defend_B","Defend_B","Defend_B","Zap","Dualcast+1","Glacier","Capacitor","Genetic Algorithm","Aggregate+1","Defragment+1","Fusion","Blizzard","Electrodynamics","Enlightenment","Heatsinks","Barrage","Turbo+1","Cold Snap","Redo+1","Defragment","Rainbow","Capacitor","Creative AI","Stack+1"],"relics":["Cracked Core","NeowsBlessing","Mercury Hourglass","Regal Pillow","Bronze Scales","Odd Mushroom","Akabeko","Bag of Marbles","DataDisk","Boot","Bottled Flame","SacredBark"],"acts_visited":["Exordium","TheCity","TheBeyond"],"potions_floor_usage":[31,37,37],"damage_taken":[{"damage":0,"enemies":"Small Slimes","floor":1,"turns":1},{"damage":0,"enemies":"Jaw Worm","floor":4,"turns":1},{"damage":0,"enemies":"3 Sentries","floor":6,"turns":2},{"damage":23,"enemies":"Gremlin Nob","floor":8,"turns":7},{"damage":16,"enemies":"The Mushroom Lair","floor":11,"turns":4},{"damage":3,"enemies":"Lagavulin","floor":12,"turns":6},{"damage":0,"enemies":"Cultist","floor":13,"turns":3},{"damage":5,"enemies":"3 Sentries","floor":14,"turns":6},{"damage":3,"enemies":"The Guardian","floor":16,"turns":12},{"damage":2,"enemies":"Spheric Guardian","floor":18,"turns":4},{"damage":17,"enemies":"Shell Parasite","floor":21,"turns":6},{"damage":15,"enemies":"Snecko","floor":22,"turns":5},{"damage":33,"enemies":"Book of Stabbing","floor":23,"turns":6},{"damage":1,"enemies":"Chosen and Byrds","floor":28,"turns":4},{"damage":0,"enemies":"Cultist and Chosen","floor":29,"turns":4},{"damage":8,"enemies":"Snake Plant","floor":30,"turns":3},{"damage":8,"enemies":"Gremlin Leader","floor":31,"turns":7},{"damage":3,"enemies":"Champ","floor":33,"turns":15},{"damage":8,"enemies":"Orb Walker","floor":35,"turns":4},{"damage":39,"enemies":"3 Darklings","floor":36,"turns":6},{"damage":31,"enemies":"2 Orb Walkers","floor":37,"turns":3}],"seed_played":"-7066572829487378411","potions_obtained":[{"floor":4,"key":"Energy Potion"},{"floor":12,"key":"FocusPotion"},{"floor":13,"key":"FearPotion"},{"floor":21,"key":"Strength Potion"},{"floor":31,"key":"SpeedPotion"}],"is_trial":false,"path_per_floor":["M","?","?","M","$","E","R","E","T","R","?","E","M","E","R","B",null,"M","?","$","M","M","E","R","?","T","$","M","M","M","E","R","B",null,"M","M","?"],"character_chosen":"DEFECT","items_purchased":["Genetic Algorithm","Heatsinks","Barrage","Defragment"],"campfire_rested":3,"item_purchase_floors":[5,20,20,27],"current_hp_per_floor":[75,68,68,68,68,68,68,45,45,45,29,26,26,21,58,55,75,73,73,73,56,41,8,45,45,45,45,44,44,36,28,65,62,75,67,28,0,0],"gold":259,"neow_bonus":"THREE_ENEMY_KILL","is_daily":false,"chose_seed":false,"campfire_upgraded":2,"win_rate":0.0,"timestamp":1613224930,"path_taken":["M","?","?","M","$","E","R","E","T","R","?","E","M","E","R","BOSS","M","?","$","?","M","E","R","?","T","$","M","?","M","E","R","BOSS","M","M","?"],"items_purchased_type":["Card","Card","Card","Card"],"build_version":"2020-12-22","purchased_purges":2,"victory":false,"max_hp_per_floor":[75,75,75,75,75,75,75,75,75,75,75,75,75,75,75,75,75,75,75,75,75,75,75,75,75,75,75,75,75,75,75,75,75,75,75,75,75,75],"card_choices":[{"not_picked":["Ball Lightning","Compile Driver"],"picked":"Glacier","floor":1},{"not_picked":["Go for the Eyes","Gash"],"picked":"Capacitor","floor":4},{"not_picked":["Steam Power","Heatsinks"],"picked":"Aggregate","floor":6},{"not_picked":["Static Discharge","White Noise"],"picked":"Defragment","floor":8},{"not_picked":["Static Discharge","Reinforced Body"],"picked":"Fusion","floor":12},{"not_picked":["Hyperbeam","Sweeping Beam","Rebound"],"picked":"SKIP","floor":13},{"not_picked":["Genetic Algorithm","Glacier"],"picked":"Blizzard","floor":14},{"not_picked":["Creative AI","Meteor Strike"],"picked":"Electrodynamics","floor":16},{"not_picked":["Rip and Tear","Darkness+1","Streamline"],"picked":"SKIP","floor":18},{"not_picked":["Beam Cell+1","Barrage"],"picked":"Turbo+1","floor":21},{"not_picked":["Static Discharge","Hello World+1"],"picked":"Cold Snap","floor":22},{"not_picked":["Go for the Eyes+1","Stack"],"picked":"Redo","floor":23},{"not_picked":["Genetic Algorithm+1","Compile Driver"],"picked":"Rainbow","floor":28},{"not_picked":["Turbo","Aggregate","Steam"],"picked":"SKIP","floor":29},{"not_picked":["Darkness","Ball Lightning"],"picked":"Capacitor","floor":30},{"not_picked":["All For One","Turbo"],"picked":"Creative AI","floor":31},{"not_picked":["Sweeping Beam","Hologram","FTL+1"],"picked":"SKIP","floor":35},{"not_picked":["Rebound+1","Heatsinks"],"picked":"Stack+1","floor":36}],"player_experience":261617,"relics_obtained":[{"floor":6,"key":"Mercury Hourglass"},{"floor":8,"key":"Regal Pillow"},{"floor":9,"key":"Bronze Scales"},{"floor":11,"key":"Odd Mushroom"},{"floor":12,"key":"Akabeko"},{"floor":14,"key":"Bag of Marbles"},{"floor":23,"key":"DataDisk"},{"floor":26,"key":"Boot"},{"floor":31,"key":"Bottled Flame"}],"event_choices":[{"cards_removed":["Strike_B"],"damage_healed":0,"gold_gain":0,"player_choice":"Card Removal","damage_taken":7,"max_hp_gain":0,"max_hp_loss":0,"event_name":"Golden Wing","floor":2,"gold_loss":0},{"damage_healed":0,"gold_gain":0,"player_choice":"Grow","damage_taken":0,"max_hp_gain":0,"max_hp_loss":0,"event_name":"Living Wall","floor":3,"gold_loss":0,"cards_upgraded":["Dualcast"]},{"damage_healed":0,"gold_gain":0,"player_choice":"Fought Mushrooms","damage_taken":0,"max_hp_gain":0,"max_hp_loss":0,"event_name":"Mushrooms","floor":11,"gold_loss":0},{"damage_healed":0,"gold_gain":0,"player_choice":"1 cards matched","damage_taken":0,"max_hp_gain":0,"max_hp_loss":0,"event_name":"Match and Keep!","floor":19,"gold_loss":0,"cards_obtained":["Enlightenment"]},{"damage_healed":0,"gold_gain":0,"player_choice":"Upgraded","damage_taken":0,"max_hp_gain":0,"max_hp_loss":0,"event_name":"Upgrade Shrine","floor":25,"gold_loss":0,"cards_upgraded":["Redo"]},{"damage_healed":0,"gold_gain":0,"player_choice":"Fight","damage_taken":0,"max_hp_gain":0,"max_hp_loss":0,"event_name":"Mysterious Sphere","floor":37,"gold_loss":0}],"is_beta":false,"boss_relics":[{"not_picked":["Runic Dome","Sozu","Fusion Hammer"]},{"not_picked":["Tiny House","Philosopher\u0027s Stone"],"picked":"SacredBark"}],"items_purged_floors":[20,27],"is_endless":false,"potions_floor_spawned":[4,12,13,21,23,28,29,31,35],"killed_by":"2 Orb Walkers","ascension_level":2}}