{"host":"oq9vgnvl0fi8z8ha","time":1613175557,"event":{"mods":["BaseMod","Block Reminder","Curses Come First","Evolution","Fox Events","Highlight Path","Minty Spire (QoL Compilation)","Relic Stats","Smile Girya","StSLib","The Bug Knight","Treasure Hunter","Unceasing Turn Reminder"],"gold_per_floor":[120,70,70,4,19,52,52,52,52,81,45,45,45,61,61,163,163,163,163,163,163,103,103,103,103,103,103,103,103,103,29,29,29,29],"floor_reached":33,"language":"ENG","playtime":2080,"items_purged":[],"score":303,"play_id":"91ddbba6-b0c9-4010-b2df-ff5ec7106bed","local_time":"20210212171917","is_ascension_mode":true,"campfire_choices":[{"floor":7,"key":"REST"},{"floor":13,"key":"RECALL"},{"floor":15,"key":"REST"},{"floor":27,"key":"REST"},{"data":"LessonLearned","floor":29,"key":"SMITH"},{"floor":32,"key":"REST"}],"circlet_count":0,"master_deck":["EmptyFist","Strike_P+1","Strike_P+1","Strike_P+1","Defend_P","Defend_P","Defend_P","Eruption+1","Vigilance+1","ThirdEye+1","BowlingBash+1","TH:ElvenBoots+1","LessonLearned+1","TH:DeckOfManyThings+1","TH:TreasureMap","SashWhip","Wireheading","FollowUp+1","TH:ArmorSpikes","SpiritShield","Wallop+1","TalkToTheHand+1","Pain","Consecrate+1","TH:CursedSword","ClearTheMind","ForeignInfluence+1","PathToVictory+1","TH:CursedSword","TH:DeckOfManyThings","ForeignInfluence+1","WindmillStrike"],"relics":["PureWater","EVO:Axolotl","Incense Burner","Vajra","White Beast Statue","Ginger","Bottled Flame","Juzu Bracelet","Ectoplasm","Red Mask","WarpedTongs","Yang","Toxic Egg 2","Bronze Scales"],"acts_visited":["Exordium","TheCity"],"potions_floor_usage":[16,18,23,25,28,28,33],"damage_taken":[{"damage":0,"enemies":"2 Louse","floor":1,"turns":2},{"damage":0,"enemies":"Small Slimes","floor":5,"turns":3},{"damage":4,"enemies":"3 Sentries","floor":6,"turns":7},{"damage":2,"enemies":"HollowMod:MossKnight","floor":10,"turns":13},{"damage":3,"enemies":"Cultist","floor":14,"turns":2},{"damage":39,"enemies":"The Guardian","floor":16,"turns":10},{"damage":5,"enemies":"Chosen","floor":18,"turns":3},{"damage":1,"enemies":"Masked Bandits","floor":19,"turns":3},{"damage":2,"enemies":"2 Thieves","floor":22,"turns":3},{"damage":13,"enemies":"Book of Stabbing","floor":23,"turns":4},{"damage":5,"enemies":"Snake Plant","floor":24,"turns":4},{"damage":12,"enemies":"Centurion and Healer","floor":25,"turns":3},{"damage":10,"enemies":"Gremlin Leader","floor":28,"turns":6},{"damage":69,"enemies":"Automaton","floor":33,"turns":6}],"seed_played":"-404220360693309176","potions_obtained":[{"floor":5,"key":"SmokeBomb"},{"floor":10,"key":"Dexterity Potion"},{"floor":14,"key":"Swift Potion"},{"floor":16,"key":"Fire Potion"},{"floor":18,"key":"Block Potion"},{"floor":19,"key":"StancePotion"},{"floor":22,"key":"LiquidBronze"},{"floor":23,"key":"CultistPotion"},{"floor":25,"key":"LiquidBronze"},{"floor":28,"key":"BlessingOfTheForge"}],"is_trial":false,"path_per_floor":["M","?","?","?","M","E","R","?","T","E","$","?","R","M","R","B",null,"M","?","?","?","M","E","M","M","T","R","E","R","?","$","R","B"],"character_chosen":"WATCHER","items_purchased":["Wireheading","WindmillStrike"],"campfire_rested":4,"item_purchase_floors":[11,31],"current_hp_per_floor":[51,51,37,37,37,33,54,54,54,52,52,52,52,49,70,31,72,67,66,66,66,64,51,46,34,34,55,45,45,45,45,66,0,0],"gold":29,"neow_bonus":"ONE_RARE_RELIC","is_daily":false,"chose_seed":false,"campfire_upgraded":1,"win_rate":0.0,"timestamp":1613175557,"path_taken":["M","?","?","?","?","E","R","?","T","E","$","?","R","M","R","BOSS","M","?","?","?","M","E","M","M","T","R","E","R","?","?","R","BOSS"],"items_purchased_type":["Card","Card"],"build_version":"2020-12-22","purchased_purges":0,"victory":false,"max_hp_per_floor":[72,72,72,72,72,72,72,72,72,72,72,72,72,72,72,72,72,72,72,72,72,72,72,72,72,72,72,72,72,72,72,72,72,72],"relic_stats":{"counters":[14,69],"Bronze Scales":[22],"Yang":[40],"Ectoplasm":286,"Juzu Bracelet":1,"Ginger":[5],"obtain_stats":[{"Vajra":4,"Yang":23,"Incense Burner":0,"Juzu Bracelet":12,"EVO:Axolotl":0,"Ginger":8,"White Beast Statue":6,"WarpedTongs":21,"Bottled Flame":10,"Bronze Scales":28,"Ectoplasm":17,"Red Mask":19,"PureWater":0,"Toxic Egg 2":26},{"Vajra":1,"Yang":10,"Incense Burner":0,"Juzu Bracelet":4,"EVO:Axolotl":0,"Ginger":3,"White Beast Statue":3,"WarpedTongs":8,"Bottled Flame":4,"Bronze Scales":13,"Ectoplasm":6,"Red Mask":8,"PureWater":0,"Toxic Egg 2":12},{"Vajra":2,"Yang":50,"Incense Burner":0,"Juzu Bracelet":25,"EVO:Axolotl":0,"Ginger":12,"White Beast Statue":12,"WarpedTongs":43,"Bottled Flame":25,"Bronze Scales":63,"Ectoplasm":37,"Red Mask":43,"PureWater":0,"Toxic Egg 2":57}],"WarpedTongs":[26]},"card_choices":[{"not_picked":["EmptyBody","CutThroughFate"],"picked":"ThirdEye","floor":1},{"not_picked":["CutThroughFate","CrushJoints"],"picked":"BowlingBash","floor":5},{"not_picked":["TH:EnergyPotion"],"picked":"TH:ElvenBoots","floor":6},{"not_picked":["Collect","BattleHymn"],"picked":"LessonLearned","floor":6},{"not_picked":["TH:EnergyPotion"],"picked":"TH:DeckOfManyThings","floor":9},{"not_picked":["TH:EnergyPotion"],"picked":"TH:TreasureMap","floor":10},{"not_picked":["Fasting2","Meditate"],"picked":"SashWhip","floor":10},{"not_picked":["MentalFortress","SashWhip"],"picked":"FollowUp","floor":14},{"not_picked":["TH:PixieDust"],"picked":"TH:ArmorSpikes","floor":16},{"not_picked":["DeusExMachina","Establishment"],"picked":"SpiritShield","floor":16},{"not_picked":["Perseverance","SashWhip"],"picked":"Wallop+1","floor":18},{"not_picked":["Wallop+1","Evaluate+1"],"picked":"TalkToTheHand+1","floor":19},{"not_picked":["DeceiveReality","FollowUp"],"picked":"Consecrate+1","floor":22},{"not_picked":["TH:Mimic"],"picked":"TH:CursedSword","floor":23},{"not_picked":["EmptyFist","Collect"],"picked":"ClearTheMind","floor":23},{"not_picked":["CarveReality","CrushJoints"],"picked":"ForeignInfluence+1","floor":24},{"not_picked":["Ragnarok","Perseverance"],"picked":"PathToVictory+1","floor":25},{"not_picked":["TH:CopperCoins"],"picked":"TH:CursedSword","floor":26},{"not_picked":["TH:ElvenBoots"],"picked":"TH:DeckOfManyThings","floor":28},{"not_picked":["Evaluate+1","Consecrate"],"picked":"ForeignInfluence+1","floor":28}],"player_experience":166472,"relics_obtained":[{"floor":6,"key":"White Beast Statue"},{"floor":10,"key":"Bottled Flame"},{"floor":19,"key":"Red Mask"},{"floor":23,"key":"Yang"},{"floor":26,"key":"Toxic Egg 2"},{"floor":28,"key":"Bronze Scales"}],"event_choices":[{"cards_removed":["Defend_P"],"damage_healed":0,"gold_gain":0,"player_choice":"Card Removal","damage_taken":0,"max_hp_gain":0,"max_hp_loss":0,"event_name":"The Cleric","floor":2,"gold_loss":50},{"damage_healed":0,"gold_gain":0,"player_choice":"Entered Light","damage_taken":14,"max_hp_gain":0,"max_hp_loss":0,"event_name":"Shining Light","floor":3,"gold_loss":0,"cards_upgraded":["Strike_P","ThirdEye"]},{"damage_healed":0,"gold_gain":0,"player_choice":"Paid Gold","damage_taken":0,"relics_obtained":["Vajra"],"max_hp_gain":0,"max_hp_loss":0,"event_name":"WeMeetAgain","floor":4,"gold_loss":66},{"damage_healed":0,"gold_gain":0,"player_choice":"Searched \u00271\u0027 times","damage_taken":0,"relics_obtained":["Ginger"],"max_hp_gain":0,"max_hp_loss":0,"event_name":"Dead Adventurer","floor":8,"gold_loss":0},{"damage_healed":0,"gold_gain":0,"player_choice":"Box","damage_taken":0,"relics_obtained":["Juzu Bracelet"],"max_hp_gain":0,"max_hp_loss":0,"event_name":"Big Fish","floor":12,"gold_loss":0,"cards_obtained":["Regret"]},{"damage_healed":0,"gold_gain":0,"player_choice":"Fought Bandits","damage_taken":0,"max_hp_gain":0,"max_hp_loss":0,"event_name":"Masked Bandits","floor":19,"gold_loss":0},{"cards_removed":["Regret"],"damage_healed":0,"gold_gain":0,"player_choice":"Elegance","damage_taken":0,"max_hp_gain":0,"max_hp_loss":0,"event_name":"Back to Basics","floor":20,"gold_loss":0},{"damage_healed":0,"gold_gain":0,"player_choice":"Rummage","damage_taken":0,"relics_obtained":["WarpedTongs"],"max_hp_gain":0,"max_hp_loss":0,"event_name":"Accursed Blacksmith","floor":21,"gold_loss":0,"cards_obtained":["Pain"]},{"damage_healed":0,"gold_gain":0,"player_choice":"Upgraded","damage_taken":0,"max_hp_gain":0,"max_hp_loss":0,"event_name":"Upgrade Shrine","floor":30,"gold_loss":0,"cards_upgraded":["BowlingBash"]}],"is_beta":false,"boss_relics":[{"not_picked":["Tiny House","Calling Bell"],"picked":"Ectoplasm"}],"items_purged_floors":[],"is_endless":false,"potions_floor_spawned":[5,10,14,16,18,19,22,23,24,25,28],"killed_by":"Automaton","ascension_level":1}}