{"host":"w7pthw6r6331n954","time":1613250574,"event":{"mods":["AchievementEnabler","Act Like it!","BaseMod","BetterRewards","Colored Map","Colored Powertips","Custom Start","Downfall","Hallownest","Hermit","Jorbs\u0027s Wanderer Trilogy","Minty Spire (QoL Compilation)","Replay The Spire","Shop Mod","StSLib","SuperFastMode"],"gold_per_floor":[115,125,101,134,147,147,178,196,196,214,239,414,414,434,434,536,636,647,660,505,420,432,432,342,342,342],"floor_reached":25,"language":"ENG","playtime":2060,"items_purged":["Doubt"],"score":404,"play_id":"beffafcf-c1f7-4570-ae0d-83f91fbd10cc","local_time":"20210213160934","is_ascension_mode":true,"campfire_choices":[{"floor":6,"key":"RECALL"},{"floor":13,"key":"REST"},{"floor":15,"key":"REST"},{"floor":23,"key":"REST"}],"circlet_count":0,"master_deck":["Strike_B","Strike_B","Strike_B","Strike_B","Defend_B","Defend_B","Defend_B","Defend_B","Zap","Dualcast","Sunder","Turbo","Leap","Crystallizer","Crystallizer","Beam Cell","Time Bomb","Panic Button","White Noise","Beam Cell","Mirror Shield","Hologram","Stack","Reinforced Body","Streamline","Reboot+1","CurseOfTheBell","Streamline","ReplayGash","Mind Blast","Melter"],"relics":["Cracked Core","MerchantsRug","Durian","Art of War","Odd Mushroom","Replay:Rubber Ducky","Ornamental Fan","FossilizedHelix","Lantern","Matryoshka","Darkstone Periapt"],"acts_visited":["Exordium","TheCity"],"potions_floor_usage":[7,8,16],"damage_taken":[{"damage":0,"enemies":"Cultist","floor":1,"turns":3},{"damage":2,"enemies":"Jaw Worm","floor":2,"turns":3},{"damage":0,"enemies":"2 Louse","floor":5,"turns":2},{"damage":16,"enemies":"Replay:BlueRogue","floor":7,"turns":4},{"damage":15,"enemies":"Exordium Wildlife","floor":8,"turns":4},{"damage":0,"enemies":"Large Slime","floor":10,"turns":4},{"damage":28,"enemies":"The Mushroom Lair","floor":11,"turns":6},{"damage":9,"enemies":"3 Louse","floor":14,"turns":3},{"damage":25,"enemies":"Hexaghost","floor":16,"turns":8},{"damage":0,"enemies":"Chosen","floor":18,"turns":5},{"damage":0,"enemies":"Shell Parasite","floor":19,"turns":4},{"damage":10,"enemies":"Snecko","floor":22,"turns":7},{"damage":81,"enemies":"Gremlin Leader","floor":25,"turns":7}],"seed_played":"2007310439305470166","potions_obtained":[{"floor":2,"key":"LiquidBronze"},{"floor":5,"key":"Ancient Potion"},{"floor":7,"key":"FocusPotion"},{"floor":14,"key":"EssenceOfDarkness"}],"is_trial":false,"path_per_floor":["M","M","$","?","M","R","E","M","T","M","?","?","R","M","R","B",null,"M","M","$","?","M","R","?","E"],"character_chosen":"DEFECT","items_purchased":["MerchantsRug","Sunder","Turbo","Leap","Crystallizer","Panic Button","Lantern","Matryoshka","Mind Blast"],"campfire_rested":3,"item_purchase_floors":[0,0,0,0,0,3,20,20,20],"current_hp_per_floor":[63,61,61,66,66,66,50,35,35,35,7,7,31,22,46,21,65,65,65,65,65,55,79,79,0,0],"gold":342,"neow_bonus":"","is_daily":false,"chose_seed":false,"campfire_upgraded":0,"win_rate":0.0,"timestamp":1613250574,"path_taken":["M","M","?","?","M","R","E","M","T","?","?","?","R","M","R","BOSS","M","M","$","?","M","R","?","E"],"items_purchased_type":["Relic","Card","Card","Card","Card","Card","Relic","Relic","Card"],"build_version":"2020-12-22","purchased_purges":1,"victory":false,"max_hp_per_floor":[75,75,75,80,80,80,80,80,80,80,80,80,80,80,80,80,80,80,80,80,80,80,80,80,80,80],"card_choices":[{"not_picked":["Go for the Eyes","Gash"],"picked":"Beam Cell","floor":1},{"not_picked":["ReplayTheSpireMod:Calculation Training","ReplaySort"],"picked":"Time Bomb","floor":2},{"not_picked":["Ball Lightning","Tempest"],"picked":"White Noise","floor":4},{"not_picked":["Sweeping Beam","Force Field"],"picked":"Beam Cell","floor":5},{"not_picked":["Beam Cell","Ball Lightning"],"picked":"Mirror Shield","floor":7},{"not_picked":["Blizzard","Compile Driver"],"picked":"Hologram","floor":8},{"not_picked":["Turbo","BasicCrystalCard"],"picked":"Stack","floor":10},{"not_picked":["Beam Cell","Tempest"],"picked":"Reinforced Body","floor":11},{"not_picked":["Coolheaded","Hologram"],"picked":"Streamline","floor":14},{"not_picked":["Thunder Strike","Hyperbeam"],"picked":"Reboot","floor":16},{"not_picked":[],"picked":"Streamline","floor":18},{"not_picked":[],"picked":"ReplayGash","floor":19},{"not_picked":["Gash","Beam Cell"],"picked":"Melter","floor":22}],"player_experience":1228982,"relics_obtained":[{"floor":4,"key":"Durian"},{"floor":7,"key":"Art of War"},{"floor":11,"key":"Odd Mushroom"},{"floor":17,"key":"Replay:Rubber Ducky"},{"floor":17,"key":"Ornamental Fan"},{"floor":17,"key":"FossilizedHelix"}],"event_choices":[{"damage_healed":0,"gold_gain":0,"player_choice":"Fought Mushrooms","damage_taken":0,"max_hp_gain":0,"max_hp_loss":0,"event_name":"Mushrooms","floor":11,"gold_loss":0},{"damage_healed":0,"gold_gain":175,"player_choice":"AGREE","damage_taken":0,"max_hp_gain":0,"max_hp_loss":0,"event_name":"Liars Game","floor":12,"gold_loss":0,"cards_obtained":["Doubt"]},{"damage_healed":0,"gold_gain":0,"player_choice":"Obtained Relic","damage_taken":0,"relics_obtained":["Darkstone Periapt"],"max_hp_gain":0,"max_hp_loss":0,"event_name":"Addict","floor":21,"gold_loss":85},{"cards_removed":["ReplayTheSpireMod:Splinters"],"damage_healed":0,"gold_gain":0,"player_choice":"Upgrade and Remove","damage_taken":0,"max_hp_gain":0,"max_hp_loss":0,"event_name":"Designer","floor":24,"gold_loss":90,"cards_upgraded":["Reboot"]}],"is_beta":false,"boss_relics":[{"not_picked":["Coffee Dripper","Cursed Key"],"picked":"Replay:Grab Bag"},{"not_picked":["ReplayTheSpireMod:Onyx Gauntlets","ReplayTheSpireMod:DimensionalGlitch"],"picked":"Busted Crown"},{"not_picked":["ChewingGum","bronze:MakeshiftBattery"],"picked":"Replay:Wanted Poster"},{"not_picked":["SlaversCollar","Empty Cage"],"picked":"Calling Bell"}],"items_purged_floors":[20],"is_endless":false,"potions_floor_spawned":[2,5,7,14],"killed_by":"Gremlin Leader","ascension_level":5}}