{"host":"fkig9nrckec4xsh0","time":1613183886,"event":{"mods":["Act Like it!","BaseMod","Colored Map","Gensokyo","Hermit","Marisa????????","Minty Spire (QoL Compilation)","Quick Restart","Replay The Spire","StSLib"],"gold_per_floor":[112,112,112,126,140,166,166,196,196,196,196],"floor_reached":10,"language":"ENG","playtime":256,"items_purged":[],"score":137,"play_id":"4110ada2-8941-4c76-b52b-6496ed24fd56","local_time":"20210212213806","is_ascension_mode":true,"campfire_choices":[{"data":"Crippling Poison","floor":7,"key":"SMITH"}],"circlet_count":0,"master_deck":["AscendersBane","Strike_G","Strike_G","Strike_G","Strike_G","Strike_G","Defend_G","Defend_G","Defend_G","Defend_G","Defend_G","Survivor","Neutralize","Crippling Poison+1","Flying Knee","Deadly Poison","Riddle With Holes"],"relics":["Ring of the Snake","NeowsBlessing","ReplayTheSpireMod:Lightbulb","Shuriken","Toy Ornithopter","Replay:Rubber Ducky"],"acts_visited":["Exordium"],"potions_floor_usage":[6,10],"damage_taken":[{"damage":0,"enemies":"2 Louse","floor":1,"turns":1},{"damage":0,"enemies":"Jaw Worm","floor":4,"turns":1},{"damage":0,"enemies":"Cultist","floor":5,"turns":1},{"damage":24,"enemies":"3 Sentries","floor":6,"turns":10},{"damage":27,"enemies":"Lagavulin","floor":8,"turns":5},{"damage":13,"enemies":"Gremlin Nob","floor":10,"turns":2}],"seed_played":"7470507005514208450","potions_obtained":[{"floor":4,"key":"Fire Potion"},{"floor":5,"key":"Milkshake"},{"floor":8,"key":"Ancient Potion"}],"is_trial":false,"path_per_floor":["M","?","?","M","M","E","R","E","T","E"],"character_chosen":"THE_SILENT","items_purchased":[],"campfire_rested":0,"item_purchase_floors":[],"current_hp_per_floor":[59,59,59,59,59,35,35,8,8,0,0],"gold":196,"neow_bonus":"THREE_ENEMY_KILL","is_daily":false,"chose_seed":false,"campfire_upgraded":1,"win_rate":0.0,"timestamp":1613183886,"path_taken":["M","?","?","?","M","E","R","E","T","E"],"items_purchased_type":[],"build_version":"2020-12-22","purchased_purges":0,"victory":false,"max_hp_per_floor":[66,66,66,66,66,66,66,66,66,66,66],"card_choices":[{"not_picked":["Outmaneuver","Terror"],"picked":"Crippling Poison","floor":1},{"not_picked":["Caltrops","Masterful Stab"],"picked":"Flying Knee","floor":4},{"not_picked":["Tactician","Backflip"],"picked":"Deadly Poison","floor":5},{"not_picked":["ReplayTheSpireMod:The Works","Acrobatics"],"picked":"Riddle With Holes","floor":6},{"not_picked":["Escape Plan","Dagger Throw","Setup"],"picked":"SKIP","floor":8}],"player_experience":435472,"relics_obtained":[{"floor":6,"key":"Shuriken"},{"floor":8,"key":"Toy Ornithopter"},{"floor":9,"key":"Replay:Rubber Ducky"}],"event_choices":[{"damage_healed":0,"gold_gain":0,"player_choice":"Box","damage_taken":0,"relics_obtained":["ReplayTheSpireMod:Lightbulb"],"max_hp_gain":0,"max_hp_loss":0,"event_name":"Big Fish","floor":2,"gold_loss":0,"cards_obtained":["Regret"]},{"cards_removed":["Regret"],"damage_healed":0,"gold_gain":0,"player_choice":"Removed Curses","damage_taken":0,"max_hp_gain":0,"max_hp_loss":0,"event_name":"Fountain of Cleansing","floor":3,"gold_loss":0}],"is_beta":false,"boss_relics":[],"items_purged_floors":[],"is_endless":false,"potions_floor_spawned":[4,5,8],"killed_by":"Gremlin Nob","ascension_level":16}}