{"host":"m9osufisr3agwk96","time":1613191131,"event":{"mods":["AchievementEnabler","Aspiration","BaseMod","Colored Map","Colored Powertips","Downfall","Friendly Minions","Hermit","Highlight Path","Hubris","Minty Spire (QoL Compilation)","Rare Cards Sparkle","Reliquary","Replay The Spire","Shop Mod","StSLib"],"gold_per_floor":[118,131,131,131,141,173,173,183,183,200,234,334,334,350,350,455,455,474,56,56,56,0,0,12,12,12,44,44,44,44],"floor_reached":29,"language":"ENG","playtime":954,"items_purged":["hubris:Despair"],"score":293,"play_id":"9979b238-2eec-45d8-88b4-df63a78cbe69","local_time":"20210212203851","is_ascension_mode":false,"campfire_choices":[{"data":"Wish","floor":7,"key":"SMITH"},{"floor":15,"key":"REST"},{"floor":25,"key":"REST"},{"floor":28,"key":"REST"}],"circlet_count":0,"master_deck":["Strike_P","Strike_P+1","Strike_P","Strike_P","Defend_P","Defend_P","Defend_P","Eruption+1","Vigilance","hexamod:FlamesFromBeyond+1","FollowUp","ReachHeaven","Wish+1","Poisoned Stab","TalkToTheHand","Sanctity+1","downfall:Haunted","downfall:Haunted","hubris:Compulsion","ConjureBlade","hubris:Wrath","MentalFortress+1","Devotion+1","Replay:DivineShield","Sickly","Pray","Crescendo","FlurryOfBlows+1"],"relics":["PureWater","m_HexaRing","Bag of Preparation","Frozen Egg 2","Sozu","MerchantsRug","Replay:Kaleidoscope","aspiration:Lifesprig","hubris:Icosahedron","reliquary:QuartzCube","hubris:Reverence"],"acts_visited":["Exordium","TheCity"],"potions_floor_usage":[6,10,11,14],"damage_taken":[{"damage":0,"enemies":"Jaw Worm","floor":1,"turns":4},{"damage":0,"enemies":"2 Louse","floor":2,"turns":2},{"damage":0,"enemies":"Cultist","floor":5,"turns":2},{"damage":12,"enemies":"Lagavulin","floor":6,"turns":4},{"damage":15,"enemies":"Exordium Wildlife","floor":8,"turns":5},{"damage":0,"enemies":"3 Louse","floor":10,"turns":2},{"damage":0,"enemies":"2 Fungi Beasts","floor":11,"turns":1},{"damage":0,"enemies":"Exordium Wildlife","floor":14,"turns":3},{"damage":64,"enemies":"Hexaghost","floor":16,"turns":9},{"damage":28,"enemies":"3 Byrds","floor":18,"turns":6},{"damage":14,"enemies":"2 Thieves","floor":22,"turns":4},{"damage":44,"enemies":"Centurion and Healer","floor":24,"turns":7},{"damage":50,"enemies":"Book of Stabbing","floor":27,"turns":6},{"damage":36,"enemies":"Cultist and Chosen","floor":29,"turns":4}],"seed_played":"-3291549485625651687","potions_obtained":[{"floor":5,"key":"sneckomod:MuddlingPotion"},{"floor":8,"key":"Energy Potion"},{"floor":10,"key":"ColorlessPotion"},{"floor":11,"key":"Slimebound:ThreeZeroPotion"}],"is_trial":false,"path_per_floor":["M","M","?","?","M","E","R","M","T","M","M","?","?","M","R","B",null,"M","$","?","?","M","?","M","R","T","E","R","M"],"character_chosen":"WATCHER","items_purchased":["MerchantsRug","Replay:Kaleidoscope"],"campfire_rested":3,"item_purchase_floors":[19,19],"current_hp_per_floor":[72,72,72,72,72,60,60,45,45,45,45,80,59,59,91,27,107,79,79,79,79,65,65,21,53,53,3,35,0,0],"gold":44,"neow_bonus":"NOSTALGIA","is_daily":false,"chose_seed":false,"campfire_upgraded":1,"win_rate":0.0,"timestamp":1613191131,"path_taken":["M","M","?","?","?","E","R","M","T","M","M","?","?","M","R","BOSS","M","$","?","?","M","?","M","R","T","E","R","M"],"items_purchased_type":["Relic","Relic"],"build_version":"2020-12-22","purchased_purges":1,"victory":false,"max_hp_per_floor":[72,72,72,72,72,72,72,72,72,72,72,107,107,107,107,107,107,107,107,107,107,107,107,107,107,107,107,107,107,107],"card_choices":[{"not_picked":["Replay:Anticipation","Wireheading"],"picked":"hexamod:FlamesFromBeyond","floor":1},{"not_picked":["Consecrate","SashWhip"],"picked":"FollowUp","floor":2},{"not_picked":["Replay:AtTheReady","FlyingSleeves"],"picked":"ReachHeaven","floor":5},{"not_picked":["Replay:DivineShield","FlyingSleeves"],"picked":"Wish","floor":6},{"not_picked":["Adaptation","Replay:AtTheReady"],"picked":"Poisoned Stab","floor":8},{"not_picked":["WreathOfFlame","Consecrate"],"picked":"TalkToTheHand","floor":10},{"not_picked":["Consecrate","hexamod:FlamesFromBeyond"],"picked":"Sanctity","floor":11},{"not_picked":["ThirdEye","hexamod:FlamesFromBeyond"],"picked":"MentalFortress+1","floor":14},{"not_picked":["Blasphemy","Alpha"],"picked":"Devotion+1","floor":16},{"not_picked":["Consecrate","SashWhip"],"picked":"Replay:DivineShield","floor":18},{"not_picked":["JustLucky+1","CutThroughFate"],"picked":"Pray","floor":22},{"not_picked":["CrushJoints+1","Study+1"],"picked":"Crescendo","floor":24},{"not_picked":["Replay:Hum","Replay:AtTheReady"],"picked":"FlurryOfBlows+1","floor":27}],"player_experience":473382,"relics_obtained":[{"floor":6,"key":"Bag of Preparation"},{"floor":9,"key":"Frozen Egg 2"},{"floor":26,"key":"reliquary:QuartzCube"},{"floor":27,"key":"hubris:Reverence"}],"event_choices":[{"cards_removed":["Defend_P"],"damage_healed":0,"gold_gain":0,"player_choice":"Offered Basic","damage_taken":0,"max_hp_gain":0,"max_hp_loss":0,"event_name":"Bonfire Elementals","floor":4,"gold_loss":0},{"damage_healed":0,"gold_gain":0,"player_choice":"Entered Light","damage_taken":21,"max_hp_gain":0,"max_hp_loss":0,"event_name":"Shining Light","floor":13,"gold_loss":0,"cards_upgraded":["Sanctity","hexamod:FlamesFromBeyond"]}],"is_beta":false,"boss_relics":[{"not_picked":["Velvet Choker","reliquary:RedCape"],"picked":"Sozu"}],"items_purged_floors":[19],"is_endless":false,"potions_floor_spawned":[5,8,10,11,18,24],"killed_by":"Cultist and Chosen","ascension_level":0}}