{"host":"9kesdg97wkrx2bva","time":1613201980,"event":{"mods":["AchievementEnabler","BaseMod","Colored Map","GifTheSpireLib","Infinite Spire","Minty Spire (QoL Compilation)","Replay The Spire","StSLib"],"gold_per_floor":[118,6,21,21,21,108,127,127,152,164,164,164],"floor_reached":11,"language":"ENG","playtime":306,"items_purged":["Strike_G"],"score":131,"play_id":"9198f942-bafc-42df-b846-6919120fce31","local_time":"20210213013940","is_ascension_mode":true,"campfire_choices":[{"data":"Crippling Poison","floor":8,"key":"SMITH"}],"circlet_count":0,"master_deck":["AscendersBane","Strike_G","Strike_G","Strike_G","Strike_G","Defend_G","Defend_G","Defend_G","Defend_G","Defend_G","Survivor","Neutralize","Grand Finale","Quick Slash","Crippling Poison+1","Crippling Poison","Deadly Poison","Die Die Die"],"relics":["Ring of the Snake","Bronze Scales","Happy Flower"],"acts_visited":["Exordium"],"potions_floor_usage":[6,11],"damage_taken":[{"damage":1,"enemies":"Cultist","floor":1,"turns":5},{"damage":0,"enemies":"2 Louse","floor":3,"turns":2},{"damage":25,"enemies":"3 Sentries","floor":6,"turns":13},{"damage":5,"enemies":"Small Slimes","floor":7,"turns":4},{"damage":14,"enemies":"Exordium Thugs","floor":10,"turns":4},{"damage":17,"enemies":"Gremlin Nob","floor":11,"turns":3}],"seed_played":"5768612482731138038","potions_obtained":[{"floor":1,"key":"ColorlessPotion"},{"floor":7,"key":"Elixir"}],"is_trial":false,"path_per_floor":["M","$","M","$","$","E","M","R","T","M","E"],"character_chosen":"THE_SILENT","items_purchased":["Crippling Poison"],"campfire_rested":0,"item_purchase_floors":[2],"current_hp_per_floor":[58,58,58,58,58,33,28,28,28,14,0,0],"gold":164,"neow_bonus":"ONE_RANDOM_RARE_CARD","is_daily":false,"chose_seed":false,"campfire_upgraded":1,"win_rate":0.0,"timestamp":1613201980,"path_taken":["M","?","M","?","$","E","M","R","T","?","E"],"items_purchased_type":["Card"],"build_version":"2020-12-22","purchased_purges":1,"victory":false,"max_hp_per_floor":[66,66,66,66,66,66,66,66,66,66,66,66],"card_choices":[{"not_picked":["Heel Hook","Deflect"],"picked":"Quick Slash","floor":1},{"not_picked":["Leg Sweep","Backstab"],"picked":"Crippling Poison","floor":3},{"not_picked":["Cloak And Dagger","Endless Agony"],"picked":"Deadly Poison","floor":6},{"not_picked":["Flying Knee","Dagger Throw"],"picked":"Die Die Die","floor":7},{"not_picked":["Concentrate","Acrobatics","Hidden Blade"],"picked":"SKIP","floor":10}],"player_experience":1032896,"relics_obtained":[{"floor":6,"key":"Bronze Scales"},{"floor":9,"key":"Happy Flower"}],"event_choices":[],"is_beta":false,"boss_relics":[],"items_purged_floors":[2],"is_endless":false,"potions_floor_spawned":[1,7],"killed_by":"Gremlin Nob","ascension_level":16}}