{"host":"onfdonezo2qmaex3","time":1613216595,"event":{"mods":["2.2 Compatiblity","AchievementEnabler","Act Like it!","Aspiration","BaseMod","Colored Powertips","Downfall","Friendly Minions","Gensokyo","Hallownest","Hermit","Highlight Path","Jorbs\u0027s Wanderer Trilogy","Marisa????????","Marked Mod","Minty Spire (QoL Compilation)","Quick Restart","Reliquary","Shop Mod","StSLib","The Disciple","The Hayseed","The Marked","The Runesmith"],"gold_per_floor":[115,135,146,161,161,161,193,193,193,227,227,227,245,260,260,389,389,410,410,410,425,438,457,457,60,84,9,9,29,60,83,83,208,208,226,559,117,117,132,132,7,7,7,7,7,18,31,45,45,45,45,45,45,78,78,78],"floor_reached":55,"language":"ENG","playtime":3509,"items_purged":["stsjorbsmod:DemonicCoup","Slimebound:Tackle+1","Slimebound:Tackle+1"],"score":766,"play_id":"8b71d882-58bb-4089-b389-fd4cd5bb2ab4","local_time":"20210213124315","is_ascension_mode":true,"campfire_choices":[{"floor":6,"key":"RECALL"},{"data":"Cloak And Dagger","floor":8,"key":"SMITH"},{"floor":15,"key":"REST"},{"data":"Doppelganger","floor":24,"key":"SMITH"},{"data":"Accuracy","floor":28,"key":"SMITH"},{"data":"Blade Dance","floor":32,"key":"SMITH"},{"data":"Blade Dance","floor":40,"key":"SMITH"},{"data":"Thinking Ahead","floor":42,"key":"SMITH"},{"data":"Calculated Gamble","floor":44,"key":"SMITH"},{"floor":49,"key":"REST"},{"data":"stsjorbsmod:MirroredTechnique","floor":52,"key":"SMITH"}],"circlet_count":0,"master_deck":["Defend_G","Defend_G","Defend_G","Defend_G","Defend_G","Survivor","Neutralize+1","Dagger Spray+1","Dash+1","Cloak And Dagger+1","Doppelganger+1","stsjorbsmod:Sacrifice","Dagger Spray+1","Calculated Gamble+1","Blade Dance+1","Accuracy+1","After Image","stsjorbsmod:Assertion","stsjorbsmod:MirroredTechnique+1","Cloak And Dagger+1","Blade Dance+1","Thinking Ahead+1","Doppelganger+1","Blade Dance+1","Cloak And Dagger+1","stsjorbsmod:Frostbite","stsjorbsmod:Blasphemer","Setup+1"],"relics":["Ring of the Snake","aspiration:Nostalgia","stsjorbsmod:BookOfTrialsRelic","reliquary:IridiumChain","expansioncontent:StudyCardRelic","Dream Catcher","Oddly Smooth Stone","reliquary:BrokenClock","Omamori","MealTicket","aspiration:RitualDagger","Guardian:PocketSentry","Juzu Bracelet","Du-Vu Doll"],"acts_visited":["Exordium","TheCity","TheBeyond","TheEnding"],"potions_floor_usage":[7,16,33,33,33,50,50,50,55],"damage_taken":[{"damage":0.0,"enemies":"Cultist","floor":1.0,"turns":4.0},{"damage":8.0,"enemies":"Small Slimes","floor":2.0,"turns":4.0},{"damage":1.0,"enemies":"2 Louse","floor":3.0,"turns":2.0},{"damage":2.0,"enemies":"2 Fungi Beasts","floor":4.0,"turns":4.0},{"damage":24,"enemies":"Gremlin Nob","floor":7,"turns":5},{"damage":10,"enemies":"3 Sentries","floor":10,"turns":8},{"damage":0,"enemies":"Exordium Wildlife","floor":13,"turns":2},{"damage":0,"enemies":"3 Louse","floor":14,"turns":1},{"damage":7,"enemies":"Hexaghost","floor":16,"turns":8},{"damage":14,"enemies":"2 Thieves","floor":18,"turns":5},{"damage":7,"enemies":"Spheric Guardian","floor":21,"turns":3},{"damage":0,"enemies":"3 Cultists","floor":22,"turns":3},{"damage":11,"enemies":"Chosen and Byrds","floor":23,"turns":4},{"damage":0,"enemies":"Cultist and Chosen","floor":29,"turns":4},{"damage":0,"enemies":"Gremlin Leader","floor":30,"turns":3},{"damage":0,"enemies":"Snecko","floor":31,"turns":3},{"damage":25,"enemies":"Automaton","floor":33,"turns":7},{"damage":28,"enemies":"3 Shapes","floor":35,"turns":4},{"damage":14,"enemies":"Orb Walker","floor":39,"turns":3},{"damage":9,"enemies":"Sphere and 2 Shapes","floor":46,"turns":3},{"damage":9,"enemies":"Spire Growth","floor":47,"turns":3},{"damage":17,"enemies":"4 Shapes","floor":48,"turns":2},{"damage":86,"enemies":"Time Eater","floor":50,"turns":12},{"damage":59,"enemies":"Shield and Spear","floor":54,"turns":5},{"damage":52,"enemies":"The Heart","floor":55,"turns":2}],"seed_played":"1692490721363430475","potions_obtained":[{"floor":1.0,"key":"Explosive Potion"},{"floor":4.0,"key":"Regen Potion"},{"floor":13,"key":"PowerPotion"},{"floor":16,"key":"hexamod:SoulburnPotion"},{"floor":21,"key":"DistilledChaos"},{"floor":29,"key":"Energy Potion"},{"floor":30,"key":"ColorlessPotion"},{"floor":39,"key":"Fire Potion"},{"floor":46,"key":"LiquidBronze"},{"floor":47,"key":"Guardian:BlockOnCardUsePotion"},{"floor":48,"key":"ColorlessPotion"},{"floor":54,"key":"EssenceOfSteel"}],"is_trial":false,"path_per_floor":["M","M","M","M","?","R","E","R","T","E","?","?","M","M","R","B",null,"M","?","?","M","M","M","R","$","T","?","R","M","E","M","R","B",null,"M","?","$","?","M","R","$","R","T","R","?","M","M","M","R","B",null,"R","$","E","B"],"character_chosen":"THE_SILENT","items_purchased":["Accuracy","Oddly Smooth Stone","reliquary:BrokenClock","Guardian:PocketSentry","Blade Dance","Thinking Ahead"],"campfire_rested":2,"item_purchase_floors":[25,25,25,37,37,37],"current_hp_per_floor":[70,62,61,59,59,59,47,47,47,37,37,20,20,20,41,34,70,56,56,56,49,49,38,38,38,38,38,38,38,38,38,38,13,70,42,42,57,57,43,43,58,58,58,58,58,49,40,23,44,42,70,70,70,42,0,0],"gold":78,"neow_bonus":"NOSTALGIA","is_daily":false,"chose_seed":false,"campfire_upgraded":8,"win_rate":0.0,"timestamp":1613216595,"path_taken":["M","M","?","M","?","R","E","R","T","E","?","?","M","?","R","BOSS","M","?","?","M","M","M","R","$","T","?","R","M","E","M","R","BOSS","M","?","$","?","M","R","$","R","T","R","?","M","M","M","R","BOSS","R","$","E","BOSS"],"items_purchased_type":["Card","Relic","Relic","Relic","Card","Card"],"build_version":"2020-12-22","purchased_purges":3,"victory":false,"max_hp_per_floor":[70,70,70,70,70,70,70,70,70,70,70,70,70,70,70,70,70,70,70,70,70,70,70,70,70,70,70,70,70,70,70,70,70,70,70,70,70,70,70,70,70,70,70,70,70,70,70,70,70,70,70,70,70,70,70,70],"card_choices":[{"not_picked":["Concentrate","Dodge and Roll","Slice"],"picked":"SKIP","floor":1.0},{"not_picked":["Leg Sweep","Deadly Poison"],"picked":"Dagger Spray","floor":2.0},{"not_picked":["Predator","Masterful Stab"],"picked":"Dash","floor":3.0},{"not_picked":["Backflip","Bane","Skewer"],"picked":"SKIP","floor":4.0},{"not_picked":["Caltrops","Catalyst"],"picked":"Cloak And Dagger","floor":7},{"not_picked":["Dash","Deadly Poison","Riddle With Holes"],"picked":"SKIP","floor":10},{"not_picked":["Dodge and Roll","Backflip","Crippling Poison"],"picked":"SKIP","floor":13},{"not_picked":["Dodge and Roll","PiercingWail","Acrobatics"],"picked":"SKIP","floor":14},{"not_picked":["Bullet Time","Envenom"],"picked":"Doppelganger","floor":16},{"not_picked":["Dagger Throw","Dodge and Roll","Well Laid Plans+1"],"picked":"SKIP","floor":18},{"not_picked":["Deadly Poison","Sucker Punch"],"picked":"Dagger Spray+1","floor":21},{"not_picked":["Outmaneuver","Crippling Poison"],"picked":"Calculated Gamble","floor":22},{"not_picked":["Flying Knee+1","Dagger Throw"],"picked":"Blade Dance","floor":23},{"not_picked":["Finisher","Dagger Throw","Backflip"],"picked":"SKIP","floor":29},{"not_picked":["Night Terror","Tools of the Trade","Dagger Throw"],"picked":"SKIP","floor":30},{"not_picked":["Backflip","Concentrate","Outmaneuver"],"picked":"SKIP","floor":31},{"not_picked":["Die Die Die","Bullet Time"],"picked":"After Image","floor":33},{"not_picked":["Outmaneuver","Blade Dance+1"],"picked":"Cloak And Dagger+1","floor":35},{"not_picked":["Quick Slash","Sucker Punch+1"],"picked":"Blade Dance+1","floor":39},{"not_picked":["Caltrops","PiercingWail+1"],"picked":"Cloak And Dagger+1","floor":46},{"not_picked":["Bullet Time","Slice+1","PiercingWail+1"],"picked":"SKIP","floor":47},{"not_picked":["PiercingWail+1","Dodge and Roll+1","Acrobatics+1"],"picked":"SKIP","floor":48},{"not_picked":["Poisoned Stab+1","Die Die Die"],"picked":"Setup+1","floor":54}],"player_experience":167743,"relics_obtained":[{"floor":7,"key":"reliquary:IridiumChain"},{"floor":10,"key":"Ancient Tea Set"},{"floor":26,"key":"Omamori"},{"floor":30,"key":"MealTicket"},{"floor":43,"key":"Juzu Bracelet"},{"floor":54,"key":"Du-Vu Doll"}],"event_choices":[{"damage_healed":0,"gold_gain":0,"player_choice":"Ignored","damage_taken":0,"max_hp_gain":0,"max_hp_loss":0,"event_name":"Liars Game","floor":5,"gold_loss":0},{"damage_healed":0,"gold_gain":0,"player_choice":"Take Damage","damage_taken":17,"relics_obtained":["Golden Idol"],"max_hp_gain":0,"max_hp_loss":0,"event_name":"Golden Idol","floor":12,"gold_loss":0},{"damage_healed":0,"gold_gain":0,"player_choice":"Opened","damage_taken":0,"relics_obtained":["Dream Catcher"],"max_hp_gain":0,"max_hp_loss":0,"event_name":"The Mausoleum","floor":20,"gold_loss":0},{"cards_removed":["Slimebound:Tackle"],"damage_healed":0,"gold_gain":0,"player_choice":"Gave Gold","damage_taken":0,"max_hp_gain":0,"max_hp_loss":0,"event_name":"Beggar","floor":27,"gold_loss":75},{"damage_healed":0,"gold_gain":333,"player_choice":"Gave Idol","damage_taken":0,"max_hp_gain":0,"max_hp_loss":0,"event_name":"The Moai Head","floor":36,"relics_lost":["Golden Idol"],"gold_loss":0},{"damage_healed":0,"gold_gain":0,"player_choice":"Copied","damage_taken":0,"max_hp_gain":0,"max_hp_loss":0,"event_name":"Duplicator","floor":38,"gold_loss":0,"cards_obtained":["Doppelganger"]},{"damage_healed":0,"gold_gain":0,"player_choice":"0 cards matched","damage_taken":0,"max_hp_gain":0,"max_hp_loss":0,"event_name":"Match and Keep!","floor":45,"gold_loss":0,"cards_obtained":[]}],"is_beta":false,"boss_relics":[{"not_picked":["Philosopher\u0027s Stone","Ectoplasm"],"picked":"expansioncontent:StudyCardRelic"},{"not_picked":["Snecko Eye","Tiny House"],"picked":"aspiration:RitualDagger"}],"items_purged_floors":[25,37,41],"is_endless":false,"potions_floor_spawned":[1,4,13,16,21,29,30,39,46,47,48,54],"killed_by":"The Heart","ascension_level":2}}