{"host":"xp5rvh2jwe2ejyfm","time":1613248128,"event":{"mods":["2.2 Compatiblity","Aspiration","BaseMod","Better Altar","Better Match","Better Note","Better Sensory Stone","Better Skull","BetterRewards","Colored Powertips","Conspire","Downfall","GifTheSpireLib","Gremlin Mod","GungeonMod","Hermit","Hubris","Jorbs\u0027s Wanderer Trilogy","Minty Spire (QoL Compilation)","Potionbrewer","Quick Restart","Replay The Spire","Robot Space Explorer","Shade Mod","Somnambulant","StSLib","The Bug Knight","The Clintock","The Construct","The Cursed","The Disciple","The Forsaken","The Hierophant","The Necromancer","The Runesmith","The Servant 0.9.4","The Valiant","The Witch","TheFirefly","thorton"],"gold_per_floor":[111,111,127,127,127,28,28,62,107,126,36,50,76,93,93,194,194,211,229,74,94,19,19,52,71,71,71,71],"floor_reached":27,"language":"ENG","playtime":1390,"items_purged":["RobotSpaceExplorer:SurgingShield"],"score":258,"play_id":"6689a0f7-3bd6-4799-8231-d355ee93937d","local_time":"20210213152848","is_ascension_mode":false,"campfire_choices":[{"floor":7,"key":"RECALL"},{"floor":15,"key":"REST"},{"floor":23,"key":"REST"}],"circlet_count":0,"master_deck":["RobotSpaceExplorer:Strike","RobotSpaceExplorer:Strike","RobotSpaceExplorer:Strike","RobotSpaceExplorer:Strike","RobotSpaceExplorer:Defend","RobotSpaceExplorer:Defend","RobotSpaceExplorer:Defend","RobotSpaceExplorer:Defend","RobotSpaceExplorer:Scan","RobotSpaceExplorer:MiniLasers+1","RobotSpaceExplorer:MetalStrike","RobotSpaceExplorer:StunGrenade","Regret","RobotSpaceExplorer:MiniBoosters","RobotSpaceExplorer:Pulsar","RobotSpaceExplorer:Comet","RobotSpaceExplorer:SlimeMissile","RobotSpaceExplorer:StunGrenade","RobotSpaceExplorer:Counterblock","RobotSpaceExplorer:Reload","RobotSpaceExplorer:TurboDodge","RobotSpaceExplorer:TrailblazerForm","RobotSpaceExplorer:GlueShot","RobotSpaceExplorer:Counterblock","RobotSpaceExplorer:Calculate","RobotSpaceExplorer:ShovelStrike"],"relics":["RobotSpaceExplorer:RoboCore","NeowsBlessing","conspire:GlowingRock","aspiration:HiddenCompartment","Replay:Wax Seal","thethorton:CrushedCigarette","Vajra","Orichalcum","conspire:InfiniteJournal"],"acts_visited":["Exordium","TheCity"],"potions_floor_usage":[8,16,21,24],"damage_taken":[{"damage":0,"enemies":"2 Louse","floor":1,"turns":1},{"damage":0,"enemies":"Cultist","floor":3,"turns":1},{"damage":0,"enemies":"3 Sentries","floor":8,"turns":1},{"damage":0,"enemies":"Jaw Worm","floor":10,"turns":4},{"damage":10,"enemies":"Lots of Slimes","floor":12,"turns":3},{"damage":10,"enemies":"Exordium Wildlife","floor":14,"turns":7},{"damage":40,"enemies":"Fading Forest","floor":16,"turns":11},{"damage":31,"enemies":"conspire:FuzzyDice","floor":18,"turns":7},{"damage":3,"enemies":"Shell Parasite","floor":19,"turns":10},{"damage":14,"enemies":"Centurion and Healer","floor":21,"turns":11},{"damage":37,"enemies":"Gremlin Leader","floor":24,"turns":11},{"damage":0,"enemies":"conspire:HollyBat","floor":25,"turns":9},{"damage":13,"enemies":"Snake Plant","floor":27,"turns":3}],"seed_played":"5063172361134068854","potions_obtained":[{"floor":1,"key":"potionbrewer:DiscountPotion"},{"floor":8,"key":"Venom Potion"},{"floor":12,"key":"potionbrewer:FreezingPotion"},{"floor":19,"key":"potionbrewer:InfectionPotion"}],"is_trial":false,"path_per_floor":["M","?","M","?","?","$","R","E","T","M","$","M","T","M","R","B",null,"M","M","$","M","$","R","E","M","T","M"],"character_chosen":"RobotSpaceExplorer","items_purchased":["RobotSpaceExplorer:MiniBoosters","RobotSpaceExplorer:Pulsar","RobotSpaceExplorer:StunGrenade","RobotSpaceExplorer:Counterblock","Vajra"],"campfire_rested":2,"item_purchase_floors":[6,6,11,11,20],"current_hp_per_floor":[75,75,75,75,75,75,75,75,75,75,75,65,65,55,75,35,75,44,41,41,27,27,49,12,12,12,0,0],"gold":71,"neow_bonus":"THREE_ENEMY_KILL","is_daily":false,"chose_seed":false,"campfire_upgraded":0,"win_rate":0.0,"timestamp":1613248128,"path_taken":["M","?","?","?","?","$","R","E","T","M","$","M","?","M","R","BOSS","M","M","$","M","$","R","E","M","T","M"],"items_purchased_type":["Card","Card","Card","Card","Relic"],"build_version":"2020-12-22","purchased_purges":1,"victory":false,"max_hp_per_floor":[75,75,75,75,75,75,75,75,75,75,75,75,75,75,75,75,75,75,75,75,75,75,75,75,75,75,75,75],"card_choices":[{"not_picked":["RobotSpaceExplorer:Ammunition","RobotSpaceExplorer:Calculate"],"picked":"RobotSpaceExplorer:MetalStrike","floor":1},{"not_picked":["RobotSpaceExplorer:Pulsar","RobotSpaceExplorer:ToxicBomb"],"picked":"RobotSpaceExplorer:StunGrenade","floor":3},{"not_picked":["RobotSpaceExplorer:Fix","RobotSpaceExplorer:Arsenal"],"picked":"RobotSpaceExplorer:Comet","floor":8},{"not_picked":["RobotSpaceExplorer:Electroshield","RobotSpaceExplorer:SelfCleaning"],"picked":"RobotSpaceExplorer:SlimeMissile","floor":10},{"not_picked":["RobotSpaceExplorer:TurboDodge","RobotSpaceExplorer:ScrapToss"],"picked":"RobotSpaceExplorer:Reload","floor":12},{"not_picked":["RobotSpaceExplorer:Ammunition","RobotSpaceExplorer:SwiftStep"],"picked":"RobotSpaceExplorer:TurboDodge","floor":14},{"not_picked":["RobotSpaceExplorer:Comet","RobotSpaceExplorer:Explosion"],"picked":"RobotSpaceExplorer:TrailblazerForm","floor":16},{"not_picked":["RobotSpaceExplorer:Discharger","RobotSpaceExplorer:ShockKick"],"picked":"RobotSpaceExplorer:GlueShot","floor":18},{"not_picked":["RobotSpaceExplorer:Ammunition","RobotSpaceExplorer:Electroshield+1"],"picked":"RobotSpaceExplorer:SurgingShield","floor":19},{"not_picked":["RobotSpaceExplorer:SlimeMissile","RobotSpaceExplorer:IronShell"],"picked":"RobotSpaceExplorer:Counterblock","floor":21},{"not_picked":["RobotSpaceExplorer:FrostMissile","RobotSpaceExplorer:Jetpack"],"picked":"RobotSpaceExplorer:Calculate","floor":24},{"not_picked":["RobotSpaceExplorer:FranticSearch","RobotSpaceExplorer:ScrapMissile"],"picked":"RobotSpaceExplorer:ShovelStrike","floor":25}],"player_experience":497314,"relics_obtained":[{"floor":8,"key":"aspiration:HiddenCompartment"},{"floor":13,"key":"Replay:Wax Seal"},{"floor":24,"key":"Orichalcum"},{"floor":26,"key":"conspire:InfiniteJournal"}],"event_choices":[{"damage_healed":0,"gold_gain":0,"player_choice":"Forge","damage_taken":0,"max_hp_gain":0,"max_hp_loss":0,"event_name":"Accursed Blacksmith","floor":2,"gold_loss":0,"cards_upgraded":["RobotSpaceExplorer:MiniLasers"]},{"damage_healed":0,"gold_gain":0,"player_choice":"Box","damage_taken":0,"relics_obtained":["conspire:GlowingRock"],"max_hp_gain":0,"max_hp_loss":0,"event_name":"Big Fish","floor":4,"gold_loss":0,"cards_obtained":["Regret"]},{"damage_healed":0,"gold_gain":0,"player_choice":"Ignored","damage_taken":0,"max_hp_gain":0,"max_hp_loss":0,"event_name":"Golden Wing","floor":5,"gold_loss":0}],"is_beta":false,"boss_relics":[{"not_picked":["Philosopher\u0027s Stone","ChewingGum"],"picked":"thethorton:CrushedCigarette"}],"items_purged_floors":[22],"is_endless":false,"potions_floor_spawned":[1,8,12,19],"killed_by":"Snake Plant","ascension_level":0}}