{"host":"b1k9tvirjqaexfiq","time":1613184840,"event":{"mods":["AchievementEnabler","BaseMod","Bestiary","Better Third Choice","Colored Powertips","Conspire","Curses Come First","Energized Spire","Filter the Spire","Hubris","Infinite Spire","Marisa????????","Minty Spire (QoL Compilation)","Permanent Neow","Quick Restart","Rare Cards Sparkle","Reliquary","Replay The Spire","Shop Mod","StSLib","The Animator","The Bug Knight","The Marked","The Servant 0.9.4","The Wild Card","Waifu the Spire","??????REMEMod"],"gold_per_floor":[116,130,143,23,23,58,73,73,97,97,112,140,152,2,2,100,100,110,122,122,29,44,44,44,44],"floor_reached":24,"language":"ENG","playtime":1360,"items_purged":[],"score":233,"play_id":"88312c3f-16e7-4378-8f72-eb0f0d7c5092","local_time":"20210212205400","is_ascension_mode":false,"campfire_choices":[{"floor":8.0,"key":"REST"},{"floor":15.0,"key":"REST"},{"floor":23.0,"key":"REST"}],"circlet_count":0,"master_deck":["theMarked:Strike","theMarked:Strike","theMarked:Strike","theMarked:Strike","theMarked:Strike","theMarked:Defend","theMarked:Defend","theMarked:Defend","theMarked:Defend","theMarked:SoldierOfQuellstein","animator:Shizu","theMarked:WardOff","theMarked:WardOff","theMarked:ElectricStrings","theMarked:ComboAttacks","theMarked:WastefulAttack+1","theMarked:Friction","theMarked:WardOff","infinitespire:Fortify","theMarked:Opportunist","theMarked:BanishingWave","theMarked:WardOff","theMarked:UnarmedFury","theMarked:UnarmedFury","theMarked:PowerFlow","theMarked:ChainLightning","Enlightenment","theMarked:LightningStrikesTwice"],"relics":["theMarked:ArtifactOfAir","REME_ComplimentaryCards","Bag of Marbles","reliquary:BoilingFlask","Runic Pyramid"],"acts_visited":["Exordium","TheCity"],"potions_floor_usage":[],"damage_taken":[{"damage":0.0,"enemies":"Jaw Worm","floor":1.0,"turns":3.0},{"damage":0.0,"enemies":"Small Slimes","floor":2.0,"turns":4.0},{"damage":0.0,"enemies":"2 Louse","floor":3.0,"turns":4.0},{"damage":24.0,"enemies":"3 Sentries","floor":6.0,"turns":7.0},{"damage":3.0,"enemies":"Red Slaver","floor":7.0,"turns":5.0},{"damage":1.0,"enemies":"3 Louse","floor":11.0,"turns":4.0},{"damage":3.0,"enemies":"Lagavulin","floor":12.0,"turns":7.0},{"damage":0.0,"enemies":"2 Fungi Beasts","floor":13.0,"turns":3.0},{"damage":43.0,"enemies":"Fading Forest","floor":16.0,"turns":11.0},{"damage":4.0,"enemies":"2 Thieves","floor":18.0,"turns":4.0},{"damage":12.0,"enemies":"Shell Parasite","floor":19.0,"turns":6.0},{"damage":17.0,"enemies":"Snake Plant","floor":22.0,"turns":6.0},{"damage":0,"enemies":"Gremlin Leader","floor":24,"turns":1}],"seed_played":"-6016239844808091429","potions_obtained":[{"floor":0.0,"key":"SpeedPotion"},{"floor":0.0,"key":"Block Potion"},{"floor":0.0,"key":"FearPotion"},{"floor":3.0,"key":"SkillPotion"},{"floor":13.0,"key":"Adrenaline Potion"},{"floor":16.0,"key":"Elixir"},{"floor":22.0,"key":"theMarked:ChargePotion"}],"is_trial":false,"path_per_floor":["M","M","M","$","?","E","M","R","T","?","M","E","M","$","R","B",null,"M","M","?","$","M","R","E"],"character_chosen":"THE_DEFAULT","items_purchased":["theMarked:ComboAttacks","theMarked:WastefulAttack+1","theMarked:UnarmedFury","Enlightenment"],"campfire_rested":3,"item_purchase_floors":[4,4,14,21],"current_hp_per_floor":[70,70,70,70,70,46,43,64,64,47,46,43,43,43,64,43,70,66,54,41,41,24,46,46,46],"gold":44,"neow_bonus":"THREE_SMALL_POTIONS","is_daily":false,"chose_seed":false,"campfire_upgraded":0,"win_rate":0.0,"timestamp":1613184840,"path_taken":["M","M","M","$","?","E","M","R","T","?","M","E","M","$","R","BOSS","M","M","?","$","M","R","E"],"items_purchased_type":["Card","Card","Card","Card"],"build_version":"2020-12-22","purchased_purges":0,"victory":false,"max_hp_per_floor":[70,70,70,70,70,70,70,70,70,70,70,70,70,70,70,70,70,70,70,75,75,75,75,75,75],"card_choices":[{"not_picked":["theMarked:TakeCover","theMarked:Memento"],"picked":"theMarked:WardOff","floor":1.0},{"not_picked":["theMarked:ElectricStrings","theMarked:Pokerface"],"picked":"theMarked:WardOff","floor":2.0},{"not_picked":["theMarked:Overthink","theMarked:EternalStudent"],"picked":"theMarked:ElectricStrings","floor":3.0},{"not_picked":["theMarked:ThrowWeapon","theMarked:PowerFlow"],"picked":"theMarked:Friction","floor":6.0},{"not_picked":["theMarked:OneWithTheBlade","theMarked:ResourceFulStrike"],"picked":"theMarked:WardOff","floor":7.0},{"not_picked":["infinitespire:SealOfDarkness+","infinitespire:FinalStrike"],"picked":"infinitespire:Fortify","floor":10.0},{"not_picked":["theMarked:Frustration","theMarked:RepellingDischarge"],"picked":"theMarked:Opportunist","floor":11.0},{"not_picked":["theMarked:Reabsorb","theMarked:TwofoldDefense"],"picked":"theMarked:BanishingWave","floor":12.0},{"not_picked":["theMarked:AttractMetal","theMarked:ParalyzingBlade"],"picked":"theMarked:WardOff","floor":13.0},{"not_picked":["theMarked:Challenge","theMarked:Snap"],"picked":"theMarked:UnarmedFury","floor":16.0},{"not_picked":["theMarked:Parkour","theMarked:Pokerface"],"picked":"theMarked:PowerFlow","floor":18.0},{"not_picked":["theMarked:HeightenedSenses","theMarked:Convert+1"],"picked":"theMarked:ChainLightning","floor":19.0},{"not_picked":["theMarked:Frustration","theMarked:ChainLightning"],"picked":"theMarked:LightningStrikesTwice","floor":22.0}],"player_experience":63059,"relics_obtained":[{"floor":9.0,"key":"Bag of Marbles"},{"floor":12.0,"key":"reliquary:BoilingFlask"}],"event_choices":[{"damage_healed":0.0,"max_hp_gain":0.0,"max_hp_loss":0.0,"gold_gain":0.0,"event_name":"conspire:LoneGhost","player_choice":"Disagree","floor":5.0,"gold_loss":0.0,"damage_taken":0.0},{"damage_healed":0.0,"max_hp_gain":5.0,"max_hp_loss":0.0,"gold_gain":0.0,"event_name":"Forgotten Altar","player_choice":"Shed Blood","floor":20.0,"gold_loss":0.0,"damage_taken":18.0}],"is_beta":false,"boss_relics":[{"not_picked":["theMarked:SpiritSword","energizedSpire:MagnifyingGlass"],"picked":"Runic Pyramid"}],"items_purged_floors":[],"is_endless":false,"potions_floor_spawned":[3,11,13,16,19,22],"killed_by":"Gremlin Leader","ascension_level":0}}