{"host":"u0qetpmu4y58k1tf","time":1613251892,"event":{"mods":["100% Spire Juice","AchievementEnabler","Act Like it!","BaseMod","CapriCore","Colored Map","Colored Powertips","Hermit","Koishi","Marisa£¨Ùöéë¡¡Øª×âÞÞ£©","Minty Spire (QoL Compilation)","Quick Restart","Reliquary","Replay The Spire","StSLib","Td1madao Mod","The Bug Knight","The Cursed","The Gatherer","The Hierophant","The Immortal","The Jungle","The Runesmith","WarShipGirlsR/??á´Ò³R mod"],"gold_per_floor":[114,126,126,126,126,126,160,160,184,184,197,222,237,38,38,138,138,107,107,120,133,133,133,166,166,192,206,206,206,206],"floor_reached":29,"language":"KOR","playtime":1038,"items_purged":[],"score":266,"play_id":"bc6013d0-e3a3-46de-89c7-59c7a0d1ca57","local_time":"20210214063132","is_ascension_mode":false,"campfire_choices":[{"data":"rmod:mineteam","floor":6,"key":"SMITH"},{"data":"rmod:mineteam","floor":8,"key":"SMITH"},{"data":"rmod:fletcherpendant","floor":10,"key":"SMITH"},{"data":"ReplayTheSpireMod:Uncanny Aura","floor":15,"key":"SMITH"},{"data":"rmod:saltedfish","floor":23,"key":"SMITH"},{"floor":28,"key":"REST"}],"circlet_count":0,"master_deck":["rmod:strick","rmod:strick","rmod:defend","rmod:defend","rmod:defend","rmod:basicallowance","rmod:maingunfire","rmod:mineteam+1","rmod:fletcherpendant+1","rmod:mineteam+1","rmod:heivgo","rmod:overbreakdown","rmod:aggressivemary","rmod:saltedfish","rmod:saltedfish","ReplayTheSpireMod:Uncanny Aura+1","rmod:saltedfish+1","rmod:fletcherpendant","rmod:fletcherpendant+1"],"relics":["rmod:firstchargereward","NeowsBlessing","reliquary:HotPoker","Odd Mushroom","ReplayTheSpireMod:DimensionalGlitch","HollowMod:LifeEnderRelic","Boot","HollowMod:PaleOreRelic","MealTicket"],"acts_visited":["Exordium","TheCity"],"potions_floor_usage":[16,18],"damage_taken":[{"damage":0,"enemies":"Small Slimes","floor":1,"turns":1},{"damage":0,"enemies":"Jaw Worm","floor":2,"turns":1},{"damage":0,"enemies":"Gremlin Nob","floor":7,"turns":1},{"damage":0,"enemies":"2 Louse","floor":11,"turns":2},{"damage":27,"enemies":"The Mushroom Lair","floor":12,"turns":5},{"damage":1,"enemies":"Red Slaver","floor":13,"turns":2},{"damage":19,"enemies":"Fading Forest","floor":16,"turns":12},{"damage":27,"enemies":"2 Thieves","floor":18,"turns":5},{"damage":5,"enemies":"Chosen","floor":20,"turns":3},{"damage":10,"enemies":"3 Cultists","floor":21,"turns":7},{"damage":10,"enemies":"Slavers","floor":24,"turns":7},{"damage":16,"enemies":"Cultist and Chosen","floor":27,"turns":7},{"damage":33,"enemies":"Gremlin Leader","floor":29,"turns":3}],"seed_played":"1720373350269768442","potions_obtained":[{"floor":7,"key":"ColorlessPotion"},{"floor":12,"key":"Energy Potion"},{"floor":13,"key":"Toxic Potion"},{"floor":18,"key":"Elixir"},{"floor":24,"key":"Strength Potion"}],"is_trial":false,"path_per_floor":["M","M","?","?","?","R","E","R","T","R","M","?","M","$","R","B",null,"M","?","M","M","T","R","E","?","T","M","R","E"],"character_chosen":"PRAEFECT","items_purchased":["rmod:saltedfish","ReplayTheSpireMod:Uncanny Aura"],"campfire_rested":1,"item_purchase_floors":[14,14],"current_hp_per_floor":[75,75,75,75,75,75,75,75,75,75,75,48,47,47,47,28,75,48,48,43,33,33,33,23,23,23,7,29,0,0],"gold":206,"neow_bonus":"THREE_ENEMY_KILL","is_daily":false,"chose_seed":false,"campfire_upgraded":5,"win_rate":0.0,"timestamp":1613251892,"path_taken":["M","M","?","?","?","R","E","R","T","R","?","?","M","$","R","BOSS","M","?","M","M","?","R","E","?","T","?","R","E"],"items_purchased_type":["Card","Card"],"build_version":"2020-12-22","purchased_purges":0,"victory":false,"max_hp_per_floor":[75,75,75,75,75,75,75,75,75,75,75,75,75,75,75,75,75,75,75,75,75,75,75,75,75,75,75,75,75,75],"card_choices":[{"not_picked":["rmod:luckystar","rmod:firesupport"],"picked":"rmod:mineteam","floor":1},{"not_picked":["rmod:advancebysurprise","rmod:steelsupply"],"picked":"rmod:fletcherpendant","floor":2},{"not_picked":["rmod:unsinkable","rmod:aviationdawn"],"picked":"rmod:mineteam","floor":7},{"not_picked":["rmod:ammunitionsupply","rmod:auspiciousomen"],"picked":"rmod:heivgo","floor":11},{"not_picked":["rmod:goodfighter","rmod:circuitoustactics"],"picked":"rmod:overbreakdown","floor":12},{"not_picked":["rmod:aviationdawn","rmod:intelligenceanalysis"],"picked":"rmod:aggressivemary","floor":13},{"not_picked":["rmod:windflower","rmod:abidefaith"],"picked":"rmod:saltedfish","floor":16},{"not_picked":["rmod:highspeedshooting+1","rmod:maintain"],"picked":"rmod:fletcherpendant","floor":18},{"not_picked":["rmod:tearstotiara","rmod:capitalist+1","rmod:intelligenceanalysis"],"picked":"SKIP","floor":20},{"not_picked":["rmod:garrisonisland+1","rmod:wolves","rmod:unsinkable"],"picked":"SKIP","floor":21},{"not_picked":["rmod:maintain","rmod:generalist","rmod:diamondstrike"],"picked":"SKIP","floor":24},{"not_picked":["rmod:victimresponsibility","rmod:slowdown"],"picked":"rmod:fletcherpendant+1","floor":27}],"player_experience":132817,"relics_obtained":[{"floor":7,"key":"reliquary:HotPoker"},{"floor":12,"key":"Odd Mushroom"},{"floor":22,"key":"HollowMod:LifeEnderRelic"},{"floor":24,"key":"Boot"},{"floor":26,"key":"MealTicket"}],"event_choices":[{"cards_removed":["rmod:defend"],"damage_healed":0,"gold_gain":0,"player_choice":"Forget","damage_taken":0,"max_hp_gain":0,"max_hp_loss":0,"event_name":"Living Wall","floor":4,"gold_loss":0},{"cards_removed":["rmod:strick"],"damage_healed":0,"gold_gain":0,"player_choice":"Offered Basic","damage_taken":0,"max_hp_gain":0,"max_hp_loss":0,"event_name":"Bonfire Elementals","floor":5,"gold_loss":0},{"damage_healed":0,"gold_gain":0,"player_choice":"Fought Mushrooms","damage_taken":0,"max_hp_gain":0,"max_hp_loss":0,"event_name":"Mushrooms","floor":12,"gold_loss":0},{"damage_healed":0,"gold_gain":0,"player_choice":"Gave Potion","damage_taken":0,"relics_obtained":["HollowMod:PaleOreRelic"],"max_hp_gain":0,"max_hp_loss":0,"event_name":"WeMeetAgain","floor":25,"gold_loss":0}],"is_beta":false,"boss_relics":[{"not_picked":["reliquary:Ember","Replay:Fungal Core"],"picked":"ReplayTheSpireMod:DimensionalGlitch"}],"items_purged_floors":[],"is_endless":false,"potions_floor_spawned":[7,12,13,18,24],"killed_by":"Gremlin Leader","ascension_level":0}}