{"host":"s0ikvqhe10eopvjn","time":1613244644,"event":{"mods":["Act Like it!","Bard","BaseMod","Better Third Choice","Block Reminder","Colored Map","Colored Powertips","Dark Map","DeckTracker","Downfall","GifTheSpireLib","Halation","Hallownest","Hermit","Highlight Path","Hubris","Infinite Spire","Mad Scientist","Minty Spire (QoL Compilation)","Permanent Neow","Random Character Button","Relic Stats","Reliquary","StSLib","The Blue Laboratory","The Bug Knight","The Construct","The Cursed","The Disciple","The Marked","The Necromancer","The Poker Player","The Runesmith","The Servant 0.9.4"],"gold_per_floor":[99,115,115,129,129,129,155,175,74,100,0,32,43,76,88,184,184,84,100,100,110,210,223,223,223,223,123,139,139,88,101,121,226,226,226,246,246,258,24,24,24,24],"floor_reached":40,"language":"ENG","playtime":2446,"items_purged":["Slimebound:Defend_Slimebound"],"score":451,"play_id":"d713f878-55a0-4180-b900-1f996f61690f","local_time":"20210213193044","is_ascension_mode":true,"campfire_choices":[{"floor":1,"key":"RECALL"},{"floor":11,"key":"REST"},{"data":"Slimebound:Darklings","floor":18,"key":"SMITH"},{"data":"Slimebound:OneTwoCombo","floor":27,"key":"SMITH"},{"floor":29,"key":"REST"},{"data":"Slimebound:LevelUp","floor":35,"key":"SMITH"}],"circlet_count":0,"master_deck":["Slimebound:Strike_Slimebound","Slimebound:Strike_Slimebound","Slimebound:Strike_Slimebound","Slimebound:Tackle","Slimebound:Defend_Slimebound","Slimebound:Defend_Slimebound","Slimebound:Defend_Slimebound","Slimebound:Split","Slimebound:CorrosiveSpit","Slimebound:LeechEnergy","Slimebound:SplitLeeching","Slimebound:HauntingLick","Slimebound:RollThrough","Slimebound:LevelUp+1","Slimebound:SamplingLick","Slimebound:OneTwoCombo+1","Slimebound:GoopTackle","Slimebound:SplitMire","Slimebound:SlimeBarrage","Slimebound:Darklings+1","Slimebound:Equalize+1","Slimebound:Overexert","Slimebound:Grow+1","Slimebound:SlimeSpikes","Writhe","Slimebound:BestDefense+1","Slimebound:LeechLife","Slimebound:ForwardTackle","Slimebound:GoopSpray","Slimebound:DouseInSlime","Slimebound:RejuvenatingLick+1","Slimebound:FlameTackle+1","Slimebound:FinishingTackle+1","Slimebound:LevelUp+1"],"relics":["Slimebound:AbsorbEndCombat","hubris:BundleOfHerbs","hubris:Icosahedron","halation:PinkSoulGem","Smiling Mask","Mummified Hand","downfall:HeartBlessingRed","Runesmith:AutoHammer","HollowMod:StagPassRelic","halation:Yufonium","downfall:HeartBlessingBlue","hubris:Towel","infinitespire:Golems Mask","Mummified Hand","halation:BottledLove","Strawberry","downfall:HeartBlessingGreen","reliquary:Craggleroot","halation:Komachan"],"acts_visited":["Exordium","TheCity","TheBeyond"],"potions_floor_usage":[10,14,15,22,31,33,39,40],"damage_taken":[{"damage":6,"enemies":"Jaw Worm","floor":2,"turns":3},{"damage":0,"enemies":"2 Louse","floor":4,"turns":2},{"damage":7,"enemies":"Small Slimes","floor":8,"turns":3},{"damage":7,"enemies":"downfall:FleeingMerchant","floor":9,"turns":4},{"damage":39,"enemies":"Gremlin Nob","floor":10,"turns":5},{"damage":12,"enemies":"3 Sentries","floor":12,"turns":6},{"damage":4,"enemies":"3 Louse","floor":13,"turns":3},{"damage":18,"enemies":"Lagavulin","floor":14,"turns":4},{"damage":0,"enemies":"Large Slime","floor":15,"turns":3},{"damage":10,"enemies":"SI_SHIV_ARCHETYPE","floor":16,"turns":8},{"damage":15,"enemies":"Chosen","floor":19,"turns":5},{"damage":47,"enemies":"downfall:LooterAlt2","floor":21,"turns":4},{"damage":33,"enemies":"IC_STATUS_ARCHETYPE","floor":22,"turns":5},{"damage":3,"enemies":"Cultist and Chosen","floor":23,"turns":4},{"damage":23,"enemies":"Centurion and Healer","floor":28,"turns":8},{"damage":12,"enemies":"downfall:FleeingMerchant","floor":30,"turns":4},{"damage":34,"enemies":"Snake Plant","floor":31,"turns":3},{"damage":20,"enemies":"Chosen and Byrds","floor":32,"turns":5},{"damage":68,"enemies":"WA_ARCHETYPE_CALM","floor":33,"turns":9},{"damage":24,"enemies":"3 Shapes","floor":36,"turns":5},{"damage":53,"enemies":"3 Darklings","floor":38,"turns":6},{"damage":3,"enemies":"downfall:FleeingMerchant","floor":39,"turns":4},{"damage":111,"enemies":"Giant Head","floor":40,"turns":7}],"seed_played":"-5315070802090061781","potions_obtained":[{"floor":8,"key":"FearPotion"},{"floor":13,"key":"Explosive Potion"},{"floor":14,"key":"Swift Potion"},{"floor":16,"key":"PowerPotion"},{"floor":21,"key":"blueLaboratory:LouseDecoction"},{"floor":22,"key":"Fire Potion"},{"floor":31,"key":"Swift Potion"},{"floor":36,"key":"BlessingOfTheForge"},{"floor":37,"key":"blueLaboratory:EmptyBottle"}],"is_trial":false,"path_per_floor":["R","M","?","M","?","?","T","M","$","E","R","E","M","E","M","B",null,"R","M","?","M","?","M","T","?","?","R","M","R","$","M","M","B",null,"R","M","?","M","$","E"],"character_chosen":"SLIMEBOUND","items_purchased":["Slimebound:LevelUp","Slimebound:ForwardTackle","Slimebound:LevelUp","halation:Komachan"],"campfire_rested":2,"item_purchase_floors":[9,30,39,39],"current_hp_per_floor":[47,50,50,52,52,45,45,44,45,12,31,27,27,17,25,23,65,75,68,68,41,28,36,36,43,43,43,40,64,70,54,48,10,82,82,60,60,42,82,0,0,0],"gold":24,"neow_bonus":"ONE_RARE_RELIC","is_daily":false,"chose_seed":false,"campfire_upgraded":3,"win_rate":0.0,"timestamp":1613244644,"path_taken":["R","M","?","M","?","?","T","M","$","E","R","E","M","E","M","BOSS","R","M","?","M","?","M","T","?","?","R","M","R","?","M","M","BOSS","R","M","?","M","$","E"],"items_purchased_type":["Card","Card","Card","Relic"],"build_version":"2020-12-22","purchased_purges":1,"victory":false,"max_hp_per_floor":[65,65,65,65,65,65,65,65,65,65,65,65,65,65,65,65,65,75,75,75,75,75,75,75,82,82,82,82,82,82,82,82,82,82,82,82,82,82,82,82,82,82],"relic_stats":{"counters":[23,107],"Mummified Hand":[58],"Smiling Mask":25,"obtain_stats":[{"downfall:HeartBlessingRed":11,"halation:BottledLove":24,"halation:Yufonium":17,"downfall:HeartBlessingGreen":27,"halation:Komachan":39,"hubris:Towel":20,"Smiling Mask":6,"HollowMod:StagPassRelic":14,"hubris:Icosahedron":3,"Mummified Hand":10,"downfall:HeartBlessingBlue":18,"Strawberry":25,"reliquary:Craggleroot":34,"infinitespire:Golems Mask":22,"hubris:BundleOfHerbs":0,"reliquary:SculptingSteel":22,"Slimebound:AbsorbEndCombat":0,"Runesmith:AutoHammer":12,"halation:PinkSoulGem":5},{"downfall:HeartBlessingRed":5,"halation:BottledLove":14,"halation:Yufonium":10,"downfall:HeartBlessingGreen":14,"halation:Komachan":22,"hubris:Towel":11,"Smiling Mask":2,"HollowMod:StagPassRelic":8,"hubris:Icosahedron":1,"Mummified Hand":5,"downfall:HeartBlessingBlue":10,"Strawberry":14,"reliquary:Craggleroot":19,"infinitespire:Golems Mask":13,"hubris:BundleOfHerbs":0,"reliquary:SculptingSteel":13,"Slimebound:AbsorbEndCombat":0,"Runesmith:AutoHammer":6,"halation:PinkSoulGem":2},{"downfall:HeartBlessingRed":17,"halation:BottledLove":57,"halation:Yufonium":41,"downfall:HeartBlessingGreen":57,"halation:Komachan":100,"hubris:Towel":46,"Smiling Mask":5,"HollowMod:StagPassRelic":30,"hubris:Icosahedron":3,"Mummified Hand":17,"downfall:HeartBlessingBlue":41,"Strawberry":57,"reliquary:Craggleroot":86,"infinitespire:Golems Mask":53,"hubris:BundleOfHerbs":0,"reliquary:SculptingSteel":53,"Slimebound:AbsorbEndCombat":0,"Runesmith:AutoHammer":23,"halation:PinkSoulGem":5}]},"card_choices":[{"not_picked":["Slimebound:SplitAcid","Slimebound:LeechingTouch"],"picked":"Slimebound:LeechEnergy","floor":2},{"not_picked":["Slimebound:SplitBruiser","Slimebound:PrepareCrush"],"picked":"Slimebound:SplitLeeching","floor":4},{"not_picked":["Slimebound:SplitAcid","Slimebound:GoopTackle"],"picked":"Slimebound:HauntingLick","floor":8},{"not_picked":["Slimebound:GoopTackle","Slimebound:SplitLeeching"],"picked":"Slimebound:RollThrough","floor":9},{"not_picked":["Slimebound:GoopSpray","Slimebound:FinishingTackle"],"picked":"Slimebound:SamplingLick","floor":10},{"not_picked":["Slimebound:AcidTongue","Slimebound:FlameTackle"],"picked":"Slimebound:OneTwoCombo","floor":12},{"not_picked":["Slimebound:FinishingTackle","Slimebound:LeechEnergy"],"picked":"Slimebound:GoopTackle","floor":13},{"not_picked":["Slimebound:Schlurp","Slimebound:HauntingLick"],"picked":"Slimebound:SplitMire","floor":14},{"not_picked":["Slimebound:BestDefense","Slimebound:SplitAcid"],"picked":"Slimebound:SlimeBarrage","floor":15},{"not_picked":["Slimebound:SelfFormingGoo","Slimebound:RallyTheTroops"],"picked":"Slimebound:Darklings","floor":16},{"not_picked":["Slimebound:TongueLash","Slimebound:ItLooksTasty"],"picked":"Slimebound:Equalize+1","floor":19},{"not_picked":["Slimebound:DisruptingSlam","Slimebound:SplitMire+1"],"picked":"Slimebound:Overexert","floor":21},{"not_picked":["Slimebound:SamplingLick","Slimebound:SplitMire"],"picked":"Slimebound:Grow+1","floor":22},{"not_picked":["Slimebound:SplitAcid","Slimebound:SplitLeeching"],"picked":"Slimebound:SlimeSpikes","floor":23},{"not_picked":["Slimebound:AcidTongue","Slimebound:LeadByExample"],"picked":"Slimebound:BestDefense+1","floor":28},{"not_picked":["Slimebound:FinishingTackle+1","Slimebound:SplitAcid"],"picked":"Slimebound:LeechLife","floor":30},{"not_picked":["Slimebound:Dissolve+1","Slimebound:FinishingTackle","Slimebound:LeechingTouch"],"picked":"SKIP","floor":31},{"not_picked":["Slimebound:Schlurp+1","Slimebound:Repurpose"],"picked":"Slimebound:GoopSpray","floor":32},{"not_picked":["Slimebound:WasteNot","Slimebound:FirmFortitude"],"picked":"Slimebound:DouseInSlime","floor":33},{"not_picked":["Slimebound:SplitBruiser","Slimebound:LivingWall+1"],"picked":"Slimebound:RejuvenatingLick+1","floor":36},{"not_picked":["Slimebound:SpikyOuterGoop+1","Slimebound:BestDefense+1"],"picked":"Slimebound:FlameTackle+1","floor":38},{"not_picked":["Slimebound:SplitAcid","Slimebound:Chomp+1"],"picked":"Slimebound:FinishingTackle+1","floor":39}],"player_experience":338199,"relics_obtained":[{"floor":10,"key":"Mummified Hand"},{"floor":12,"key":"Runesmith:AutoHammer"},{"floor":14,"key":"HollowMod:StagPassRelic"},{"floor":22,"key":"infinitespire:Golems Mask"},{"floor":22,"key":"reliquary:SculptingSteel"},{"floor":24,"key":"halation:BottledLove"}],"event_choices":[{"damage_healed":0,"gold_gain":0,"player_choice":"Success","damage_taken":7,"relics_obtained":["Smiling Mask"],"max_hp_gain":0,"max_hp_loss":0,"event_name":"Scrap Ooze","floor":6,"gold_loss":0},{"damage_healed":0,"gold_gain":0,"player_choice":"Ignored","damage_taken":0,"max_hp_gain":0,"max_hp_loss":0,"event_name":"Vampires","floor":26,"gold_loss":0},{"damage_healed":0,"gold_gain":0,"player_choice":"Got Potions","damage_taken":0,"max_hp_gain":0,"max_hp_loss":0,"event_name":"Lab","floor":37,"gold_loss":0}],"is_beta":false,"boss_relics":[{"not_picked":["hubris:CrackedHourglass","hubris:TerracottaHorce"],"picked":"halation:Yufonium"},{"not_picked":["hubris:HollowSoul","Empty Cage"],"picked":"reliquary:Craggleroot"}],"items_purged_floors":[9],"is_endless":false,"potions_floor_spawned":[8,13,14,16,21,22,31,36],"killed_by":"Giant Head","ascension_level":1}}