{"host":"ELF","time":1613174943,"event":{"mods":["BaseMod","Bestiary","Minty Spire (QoL Compilation)","Relic Stats","Slay the Relics Exporter"],"gold_per_floor":[112,112,124,124,124,124,144,144,144,144,169,188,188,209,209,308,308,292,310,225,275,290,290,309,309,359,359,359,374,374,399,399,498,498,523,523,523,541,562,562,606,629,629,629,648,648,648],"floor_reached":46,"language":"ENG","playtime":2197,"items_purged":[],"score":938,"play_id":"4ba483ec-b225-445c-9a1e-cc982ea1570f","local_time":"20210212180903","is_ascension_mode":true,"campfire_choices":[{"data":"After Image","floor":6.0,"key":"SMITH"},{"data":"Noxious Fumes","floor":8.0,"key":"SMITH"},{"data":"Bouncing Flask","floor":10.0,"key":"SMITH"},{"floor":13.0,"key":"REST"},{"floor":15.0,"key":"REST"},{"floor":23.0,"key":"REST"},{"floor":25.0,"key":"REST"},{"data":"After Image","floor":28.0,"key":"SMITH"},{"data":"Blade Dance","floor":30.0,"key":"SMITH"},{"floor":32.0,"key":"REST"},{"data":"Wraith Form v2","floor":40.0,"key":"SMITH"},{"floor":44,"key":"REST"}],"circlet_count":0,"master_deck":["AscendersBane","Strike_G","Strike_G","Strike_G","Defend_G","Defend_G","Defend_G","Survivor","Neutralize","Poisoned Stab","After Image+1","Bouncing Flask+1","Noxious Fumes+1","Blade Dance","Infinite Blades","Blade Dance+1","After Image+1","Slice","Catalyst+1","Caltrops","Blur","Leg Sweep","Slice","Wraith Form v2+1","Footwork","Good Instincts","Panache","Panache","Slice","Calculated Gamble+1","Setup+1","Outmaneuver+1","PiercingWail"],"relics":["Empty Cage","Golden Idol","Matryoshka","WristBlade","Mummified Hand","MealTicket","Orichalcum","Runic Pyramid","Art of War","Paper Crane"],"acts_visited":["Exordium","TheCity","TheBeyond"],"potions_floor_usage":[45],"damage_taken":[{"damage":0.0,"enemies":"2 Louse","floor":1.0,"turns":3.0},{"damage":0.0,"enemies":"Jaw Worm","floor":3.0,"turns":5.0},{"damage":0.0,"enemies":"Small Slimes","floor":7.0,"turns":4.0},{"damage":0.0,"enemies":"Blue Slaver","floor":11.0,"turns":6.0},{"damage":14.0,"enemies":"Exordium Thugs","floor":12.0,"turns":6.0},{"damage":10.0,"enemies":"Exordium Wildlife","floor":14.0,"turns":4.0},{"damage":29.0,"enemies":"The Guardian","floor":16.0,"turns":8.0},{"damage":16.0,"enemies":"2 Thieves","floor":18.0,"turns":4.0},{"damage":17.0,"enemies":"Shell Parasite","floor":19.0,"turns":4.0},{"damage":12.0,"enemies":"Snake Plant","floor":22.0,"turns":4.0},{"damage":20.0,"enemies":"Sentry and Sphere","floor":24.0,"turns":6.0},{"damage":6.0,"enemies":"3 Cultists","floor":29.0,"turns":4.0},{"damage":28.0,"enemies":"Shelled Parasite and Fungi","floor":31.0,"turns":5.0},{"damage":11.0,"enemies":"Automaton","floor":33.0,"turns":10.0},{"damage":0.0,"enemies":"3 Shapes","floor":35.0,"turns":6.0},{"damage":5.0,"enemies":"3 Darklings","floor":38.0,"turns":4.0},{"damage":11.0,"enemies":"Transient","floor":39.0,"turns":6.0},{"damage":22.0,"enemies":"Nemesis","floor":41.0,"turns":7.0},{"damage":0,"enemies":"Maw","floor":42,"turns":7},{"damage":18,"enemies":"3 Darklings","floor":45,"turns":5},{"damage":29,"enemies":"Giant Head","floor":46,"turns":8}],"seed_played":"-6774557874103716551","potions_obtained":[{"floor":3.0,"key":"LiquidBronze"},{"floor":11.0,"key":"ColorlessPotion"},{"floor":16.0,"key":"LiquidBronze"},{"floor":24.0,"key":"Energy Potion"},{"floor":31.0,"key":"LiquidMemories"},{"floor":39.0,"key":"Energy Potion"},{"floor":41,"key":"SkillPotion"},{"floor":45,"key":"Energy Potion"}],"is_trial":false,"path_per_floor":["M","?","M","?","?","R","M","R","T","R","M","M","R","M","R","B",null,"M","M","?","?","M","R","M","R","T","$","R","M","R","M","R","B",null,"M","?","?","M","M","R","E","M","T","R","M","E"],"character_chosen":"THE_SILENT","items_purchased":[],"campfire_rested":6,"item_purchase_floors":[],"current_hp_per_floor":[59,59,59,64,40,40,40,40,40,40,40,26,47,37,58,29,61,45,28,28,28,16,37,17,38,38,53,53,47,47,19,40,29,61,61,61,51,46,35,35,13,13,13,34,16,0,0],"gold":648,"neow_bonus":"BOSS_RELIC","is_daily":false,"chose_seed":false,"campfire_upgraded":6,"win_rate":0.0,"timestamp":1613174943,"path_taken":["M","?","M","?","?","R","M","R","T","R","M","M","R","M","R","BOSS","M","M","?","?","?","R","M","R","T","$","R","M","R","M","R","BOSS","M","?","?","M","M","R","E","M","T","R","M","E"],"items_purchased_type":[],"build_version":"2020-12-18","purchased_purges":0,"victory":false,"max_hp_per_floor":[66,66,66,71,71,71,71,71,71,71,71,71,71,71,71,71,71,71,71,71,71,71,71,71,71,71,71,71,71,71,71,71,71,71,71,71,71,71,71,71,71,71,71,71,71,71,71],"relic_stats":{"counters":[21,116],"Golden Idol":121,"Mummified Hand":[86],"MealTicket":15,"Art of War":[1],"Orichalcum":[6],"obtain_stats":[{"Matryoshka":9,"WristBlade":17,"Golden Idol":5,"Mummified Hand":20,"MealTicket":26,"Art of War":41,"Orichalcum":26,"Paper Crane":43,"Empty Cage":0,"Ring of the Snake":0,"Runic Pyramid":34},{"Matryoshka":3,"WristBlade":7,"Golden Idol":2,"Mummified Hand":9,"MealTicket":11,"Art of War":18,"Orichalcum":11,"Paper Crane":19,"Empty Cage":0,"Ring of the Snake":0,"Runic Pyramid":14},{"Matryoshka":12,"WristBlade":36,"Golden Idol":8,"Mummified Hand":44,"MealTicket":54,"Art of War":96,"Orichalcum":54,"Paper Crane":103,"Empty Cage":0,"Ring of the Snake":0,"Runic Pyramid":73}]},"card_choices":[{"not_picked":["Backflip","Quick Slash"],"picked":"Poisoned Stab","floor":1.0},{"not_picked":["Catalyst","Choke"],"picked":"Bouncing Flask","floor":3.0},{"not_picked":["Dodge and Roll","Deflect"],"picked":"Noxious Fumes","floor":7.0},{"not_picked":["Quick Slash","Backflip"],"picked":"Blade Dance","floor":11.0},{"not_picked":["Prepared","Escape Plan"],"picked":"Infinite Blades","floor":12.0},{"not_picked":["Sucker Punch","Slice"],"picked":"Blade Dance","floor":14.0},{"not_picked":["Unload","Envenom"],"picked":"After Image","floor":16.0},{"not_picked":["Tactician","Dodge and Roll+1"],"picked":"Slice","floor":18.0},{"not_picked":["Tactician","Sucker Punch+1"],"picked":"Catalyst+1","floor":19.0},{"not_picked":["Dash","Choke"],"picked":"Caltrops","floor":22.0},{"not_picked":["Poisoned Stab","Flying Knee"],"picked":"Blur","floor":24.0},{"not_picked":["Dagger Throw","Bouncing Flask"],"picked":"Leg Sweep","floor":29.0},{"not_picked":["Flying Knee","Well Laid Plans+1"],"picked":"Slice","floor":31.0},{"not_picked":["Glass Knife","Venomology"],"picked":"Wraith Form v2","floor":33.0},{"not_picked":["Caltrops+1","Leg Sweep"],"picked":"Footwork","floor":35.0},{"not_picked":["PanicButton","Transmutation"],"picked":"Good Instincts","floor":37.0},{"not_picked":["Swift Strike","Flash of Steel"],"picked":"Panache","floor":37.0},{"not_picked":["Forethought","PanicButton"],"picked":"Panache","floor":37.0},{"not_picked":["Sucker Punch","Riddle With Holes+1"],"picked":"Slice","floor":38.0},{"not_picked":["Expertise","Backflip"],"picked":"Calculated Gamble+1","floor":39.0},{"not_picked":["Dodge and Roll","Riddle With Holes+1"],"picked":"Setup+1","floor":41},{"not_picked":["Flying Knee","Backflip"],"picked":"Outmaneuver+1","floor":42},{"not_picked":["Catalyst","Leg Sweep"],"picked":"PiercingWail","floor":45}],"player_experience":3410057,"relics_obtained":[{"floor":9.0,"key":"Matryoshka"},{"floor":26.0,"key":"MealTicket"},{"floor":26.0,"key":"Orichalcum"},{"floor":41,"key":"Art of War"},{"floor":43,"key":"Paper Crane"}],"event_choices":[{"damage_healed":0.0,"max_hp_gain":0.0,"max_hp_loss":0.0,"gold_gain":0.0,"cards_transformed":["Strike_G"],"event_name":"Living Wall","player_choice":"Change","floor":2.0,"gold_loss":0.0,"damage_taken":0.0,"cards_obtained":["After Image"]},{"damage_healed":0.0,"max_hp_gain":5.0,"max_hp_loss":0.0,"gold_gain":0.0,"event_name":"Big Fish","player_choice":"Donut","floor":4.0,"gold_loss":0.0,"damage_taken":0.0},{"damage_healed":0.0,"max_hp_gain":0.0,"max_hp_loss":0.0,"gold_gain":0.0,"event_name":"Golden Idol","player_choice":"Take Damage","floor":5.0,"gold_loss":0.0,"damage_taken":24.0,"relics_obtained":["Golden Idol"]},{"damage_healed":0.0,"max_hp_gain":0.0,"max_hp_loss":0.0,"gold_gain":0.0,"event_name":"Addict","player_choice":"Obtained Relic","floor":20.0,"gold_loss":85.0,"damage_taken":0.0,"relics_obtained":["Mummified Hand"]},{"damage_healed":0.0,"max_hp_gain":0.0,"max_hp_loss":0.0,"gold_gain":50.0,"event_name":"Golden Shrine","player_choice":"Pray","floor":21.0,"gold_loss":0.0,"damage_taken":0.0},{"cards_removed":["Defend_G"],"damage_healed":0.0,"max_hp_gain":0.0,"max_hp_loss":0.0,"gold_gain":0.0,"event_name":"Falling","player_choice":"Removed Skill","floor":36.0,"gold_loss":0.0,"damage_taken":0.0},{"damage_healed":0.0,"max_hp_gain":0.0,"max_hp_loss":0.0,"gold_gain":0.0,"event_name":"SensoryStone","player_choice":"Memory 3","floor":37.0,"gold_loss":0.0,"damage_taken":10.0}],"is_beta":true,"boss_relics":[{"not_picked":["SlaversCollar","Coffee Dripper"],"picked":"WristBlade"},{"not_picked":["Velvet Choker","Tiny House"],"picked":"Runic Pyramid"}],"items_purged_floors":[],"is_endless":false,"potions_floor_spawned":[3,11,14,16,24,31,39,41,45],"killed_by":"Giant Head","ascension_level":20}}