{"host":"bf5upntvbdompq33","time":1613180394,"event":{"mods":["BaseMod","Bestiary","Colored Map","Colored Powertips","Curses Come First","Minty Spire (QoL Compilation)","StSLib","ojb\u0027s Info Mod"],"gold_per_floor":[113,113,127,302,252,279,279,24,72,84,117,130,141,155,155,232,232,245,263,280,293,307,307,307],"floor_reached":23,"language":"ENG","playtime":1410,"items_purged":["Doubt"],"score":394,"play_id":"c7346c14-e071-4d60-a4e0-fe9291be9d58","local_time":"20210212183954","is_ascension_mode":true,"campfire_choices":[{"data":"Carnage","floor":7,"key":"SMITH"},{"data":"Body Slam","floor":15,"key":"SMITH"}],"circlet_count":0,"master_deck":["AscendersBane","Strike_R","Strike_R","Strike_R","Strike_R","Strike_R","Defend_R","Defend_R","Defend_R","Defend_R","Bash","Iron Wave","Carnage+1","Battle Trance","Ghostly Armor","Cleave","Shrug It Off","Pommel Strike","Body Slam+1","Shrug It Off","Impervious","Body Slam","Power Through","Metallicize"],"relics":["Burning Blood","NeowsBlessing","White Beast Statue","Nunchaku","Blood Vial","Anchor","Bottled Lightning","Mark of Pain"],"acts_visited":["Exordium","TheCity"],"potions_floor_usage":[16,16,19,20,21,23,23],"damage_taken":[{"damage":0,"enemies":"Small Slimes","floor":1,"turns":1},{"damage":0,"enemies":"2 Louse","floor":3,"turns":1},{"damage":0,"enemies":"3 Sentries","floor":6,"turns":2},{"damage":2,"enemies":"Jaw Worm","floor":10,"turns":4},{"damage":30,"enemies":"Lagavulin","floor":11,"turns":5},{"damage":4,"enemies":"2 Fungi Beasts","floor":12,"turns":3},{"damage":0,"enemies":"Exordium Wildlife","floor":13,"turns":4},{"damage":4,"enemies":"Exordium Thugs","floor":14,"turns":4},{"damage":38,"enemies":"Slime Boss","floor":16,"turns":12},{"damage":0,"enemies":"Chosen","floor":18,"turns":4},{"damage":3,"enemies":"Shell Parasite","floor":19,"turns":5},{"damage":5,"enemies":"Snecko","floor":20,"turns":4},{"damage":47,"enemies":"Chosen and Byrds","floor":21,"turns":9},{"damage":9,"enemies":"Centurion and Healer","floor":22,"turns":9},{"damage":65,"enemies":"Gremlin Leader","floor":23,"turns":5}],"seed_played":"-62837607641255242","potions_obtained":[{"floor":3,"key":"Swift Potion"},{"floor":6,"key":"DistilledChaos"},{"floor":11,"key":"Explosive Potion"},{"floor":16,"key":"SteroidPotion"},{"floor":18,"key":"Swift Potion"},{"floor":19,"key":"Fruit Juice"},{"floor":20,"key":"SkillPotion"},{"floor":21,"key":"Energy Potion"},{"floor":22,"key":"Regen Potion"}],"is_trial":false,"path_per_floor":["M","?","M","?","?","E","R","$","T","M","E","M","M","M","R","B",null,"M","M","M","M","M","E"],"character_chosen":"IRONCLAD","items_purchased":["Blood Vial","Ghostly Armor"],"campfire_rested":0,"item_purchase_floors":[8,8],"current_hp_per_floor":[74,74,75,75,75,75,75,75,75,75,51,55,63,67,67,37,66,74,80,80,39,38,0,0],"gold":307,"neow_bonus":"THREE_ENEMY_KILL","is_daily":false,"chose_seed":false,"campfire_upgraded":2,"win_rate":0.0,"timestamp":1613180394,"path_taken":["M","?","M","?","?","E","R","$","T","M","E","?","M","M","R","BOSS","M","M","M","M","M","E"],"items_purchased_type":["Relic","Card"],"build_version":"2020-12-22","purchased_purges":1,"victory":false,"max_hp_per_floor":[75,75,75,75,75,75,75,75,75,75,75,75,75,75,75,75,75,75,80,80,80,80,80,80],"card_choices":[{"not_picked":["Perfected Strike","Sever Soul"],"picked":"Iron Wave","floor":1},{"not_picked":["Shrug It Off","Evolve"],"picked":"Carnage","floor":3},{"not_picked":["Exhume","True Grit"],"picked":"Battle Trance","floor":6},{"not_picked":["Seeing Red","Thunderclap"],"picked":"Cleave","floor":10},{"not_picked":["Pommel Strike","Intimidate"],"picked":"Shrug It Off","floor":11},{"not_picked":["Dual Wield","Sword Boomerang"],"picked":"Pommel Strike","floor":12},{"not_picked":["Intimidate","Whirlwind"],"picked":"Body Slam","floor":13},{"not_picked":["Bloodletting","Ghostly Armor"],"picked":"Shrug It Off","floor":14},{"not_picked":["Corruption","Fiend Fire"],"picked":"Impervious","floor":16},{"not_picked":["Sentinel+1","Spot Weakness","Clash"],"picked":"SKIP","floor":18},{"not_picked":["Thunderclap","Sever Soul"],"picked":"Body Slam","floor":19},{"not_picked":["Warcry","Heavy Blade"],"picked":"Power Through","floor":20},{"not_picked":["Clash","Fiend Fire","Thunderclap"],"picked":"SKIP","floor":21},{"not_picked":["Iron Wave","Havoc"],"picked":"Metallicize","floor":22}],"player_experience":1558597,"relics_obtained":[{"floor":6,"key":"Nunchaku"},{"floor":9,"key":"Anchor"},{"floor":11,"key":"Bottled Lightning"}],"event_choices":[{"damage_healed":0,"gold_gain":0,"player_choice":"Box","damage_taken":0,"relics_obtained":["White Beast Statue"],"max_hp_gain":0,"max_hp_loss":0,"event_name":"Big Fish","floor":2,"gold_loss":0,"cards_obtained":["Regret"]},{"damage_healed":0,"gold_gain":175,"player_choice":"AGREE","damage_taken":0,"max_hp_gain":0,"max_hp_loss":0,"event_name":"Liars Game","floor":4,"gold_loss":0,"cards_obtained":["Doubt"]},{"cards_removed":["Regret"],"damage_healed":0,"gold_gain":0,"player_choice":"Card Removal","damage_taken":0,"max_hp_gain":0,"max_hp_loss":0,"event_name":"The Cleric","floor":5,"gold_loss":50}],"is_beta":false,"boss_relics":[{"not_picked":["Coffee Dripper","Black Star"],"picked":"Mark of Pain"}],"items_purged_floors":[8],"is_endless":false,"potions_floor_spawned":[3,6,10,11,12,13,14,16,18,19,20,21,22],"killed_by":"Gremlin Leader","ascension_level":14}}