{"host":"qrt7o4dq2qslzw13","time":1613250390,"event":{"mods":["AchievementEnabler","BaseMod","Colored Map","Colored Powertips","Minty Spire (QoL Compilation)","Quick Restart","StSLib","SuperFastMode"],"gold_per_floor":[110,30,30,30,49,78,88,121,121,133,143,143,154,429,429,429,429],"floor_reached":16,"language":"ENG","playtime":203,"items_purged":[],"score":274,"play_id":"ecacd1ea-f2dc-463c-8c59-f6211a657d48","local_time":"20210213160630","is_ascension_mode":true,"campfire_choices":[{"data":"Pummel","floor":15,"key":"SMITH"}],"circlet_count":0,"master_deck":["AscendersBane","Strike_R","Strike_R","Strike_R","Strike_R","Strike_R","Defend_R","Defend_R","Defend_R","Defend_R","Bash","Burning Pact","Pummel+1","Regret","Bash","Spot Weakness","Flex","Infernal Blade","Power Through","Reckless Charge","Pummel","Regret"],"relics":["Burning Blood","NeowsBlessing","Letter Opener","Lantern","Smiling Mask","Gremlin Horn","Shuriken"],"acts_visited":["Exordium"],"potions_floor_usage":[8],"damage_taken":[{"damage":0,"enemies":"Jaw Worm","floor":1,"turns":1},{"damage":0,"enemies":"Cultist","floor":5,"turns":1},{"damage":0,"enemies":"Lagavulin","floor":6,"turns":1},{"damage":2,"enemies":"2 Louse","floor":7,"turns":2},{"damage":25,"enemies":"3 Sentries","floor":8,"turns":6},{"damage":0,"enemies":"Red Slaver","floor":10,"turns":2},{"damage":9,"enemies":"2 Fungi Beasts","floor":11,"turns":3},{"damage":25,"enemies":"Exordium Wildlife","floor":13,"turns":6},{"damage":48,"enemies":"The Guardian","floor":16,"turns":5}],"seed_played":"-8537973326902241001","potions_obtained":[{"floor":1,"key":"Ancient Potion"},{"floor":7,"key":"DuplicationPotion"},{"floor":8,"key":"Fruit Juice"},{"floor":10,"key":"SpeedPotion"}],"is_trial":false,"path_per_floor":["M","$","?","?","M","E","M","E","T","M","M","T","M","?","R","B"],"character_chosen":"IRONCLAD","items_purchased":["Pummel"],"campfire_rested":0,"item_purchase_floors":[2],"current_hp_per_floor":[74,74,74,74,75,75,75,61,61,67,64,64,45,45,45,0,0],"gold":429,"neow_bonus":"THREE_ENEMY_KILL","is_daily":false,"chose_seed":false,"campfire_upgraded":1,"win_rate":0.0,"timestamp":1613250390,"path_taken":["M","$","?","?","?","E","M","E","T","M","M","?","M","?","R","BOSS"],"items_purchased_type":["Card"],"build_version":"2020-12-22","purchased_purges":0,"victory":false,"max_hp_per_floor":[75,75,75,75,75,75,75,80,80,80,80,80,80,80,80,80,80],"card_choices":[{"not_picked":["Clothesline","Dropkick"],"picked":"Burning Pact","floor":1},{"not_picked":["Thunderclap","Metallicize"],"picked":"Spot Weakness","floor":5},{"not_picked":["Clothesline","Dropkick"],"picked":"Flex","floor":6},{"not_picked":["Havoc","Wild Strike"],"picked":"Infernal Blade","floor":7},{"not_picked":["Battle Trance","Body Slam"],"picked":"Power Through","floor":8},{"not_picked":["Intimidate","Headbutt","True Grit"],"picked":"SKIP","floor":10},{"not_picked":["Body Slam","Dual Wield"],"picked":"Reckless Charge","floor":11},{"not_picked":["Dropkick","True Grit"],"picked":"Pummel","floor":13}],"player_experience":636419,"relics_obtained":[{"floor":6,"key":"Lantern"},{"floor":8,"key":"Smiling Mask"},{"floor":9,"key":"Gremlin Horn"},{"floor":12,"key":"Shuriken"}],"event_choices":[{"damage_healed":0,"gold_gain":0,"player_choice":"Box","damage_taken":0,"relics_obtained":["Letter Opener"],"max_hp_gain":0,"max_hp_loss":0,"event_name":"Big Fish","floor":3,"gold_loss":0,"cards_obtained":["Regret"]},{"damage_healed":0,"gold_gain":0,"player_choice":"1 cards matched","damage_taken":0,"max_hp_gain":0,"max_hp_loss":0,"event_name":"Match and Keep!","floor":4,"gold_loss":0,"cards_obtained":["Bash"]},{"damage_healed":0,"gold_gain":275,"player_choice":"Desecrate","damage_taken":0,"max_hp_gain":0,"max_hp_loss":0,"event_name":"Golden Shrine","floor":14,"gold_loss":0,"cards_obtained":["Regret"]}],"is_beta":false,"boss_relics":[],"items_purged_floors":[],"is_endless":false,"potions_floor_spawned":[1,7,8,10,11],"killed_by":"The Guardian","ascension_level":20}}