{"host":"4epvxsx6d4oxmc67","time":1613209293,"event":{"mods":["AchievementEnabler","BaseMod","Colored Map","Highlight Path","Minty Spire (QoL Compilation)"],"gold_per_floor":[119,137,137,148,98,98,111,145,169,196,196,271,299,315,315,414,414,431,411,428,446,147,147,179,197,197,197,210,210,210,226,226,226,226],"floor_reached":33,"language":"ENG","playtime":1617,"items_purged":["Strike_R"],"score":359,"play_id":"096b9d79-c84e-4bc9-b420-23deab2f8526","local_time":"20210213094133","is_ascension_mode":true,"campfire_choices":[{"data":"Armaments","floor":6.0,"key":"SMITH"},{"data":"Seeing Red","floor":11.0,"key":"SMITH"},{"data":"Iron Wave","floor":15.0,"key":"SMITH"},{"data":"Double Tap","floor":23.0,"key":"SMITH"},{"floor":27.0,"key":"REST"},{"floor":29.0,"key":"REST"},{"data":"Double Tap","floor":32,"key":"SMITH"}],"circlet_count":0,"master_deck":["Strike_R","Strike_R","Strike_R+1","Defend_R","Defend_R","Defend_R","Defend_R","Bash","Heavy Blade","Pommel Strike+1","Armaments+1","Seeing Red+1","Clothesline","Iron Wave+1","Double Tap+1","Pommel Strike+1","Thunderclap","Rampage","Iron Wave+1","Power Through","Inflame","Shrug It Off","Infernal Blade","Double Tap+1"],"relics":["Burning Blood","Lantern","Pen Nib","Tiny Chest","Boot","Omamori","Cursed Key","MealTicket","Dream Catcher"],"acts_visited":["Exordium","TheCity"],"potions_floor_usage":[31],"damage_taken":[{"damage":9.0,"enemies":"2 Louse","floor":1.0,"turns":3.0},{"damage":1.0,"enemies":"Cultist","floor":2.0,"turns":3.0},{"damage":4.0,"enemies":"Jaw Worm","floor":4.0,"turns":3.0},{"damage":8.0,"enemies":"Exordium Thugs","floor":7.0,"turns":4.0},{"damage":35.0,"enemies":"3 Sentries","floor":8.0,"turns":11.0},{"damage":3.0,"enemies":"Lagavulin","floor":10.0,"turns":8.0},{"damage":13.0,"enemies":"Gremlin Nob","floor":13.0,"turns":3.0},{"damage":2.0,"enemies":"Gremlin Gang","floor":14.0,"turns":5.0},{"damage":26.0,"enemies":"The Guardian","floor":16.0,"turns":15.0},{"damage":18.0,"enemies":"Spheric Guardian","floor":18.0,"turns":4.0},{"damage":7.0,"enemies":"3 Byrds","floor":20.0,"turns":4.0},{"damage":22.0,"enemies":"Shelled Parasite and Fungi","floor":21.0,"turns":4.0},{"damage":28.0,"enemies":"Slavers","floor":24.0,"turns":6.0},{"damage":0.0,"enemies":"Cultist and Chosen","floor":25.0,"turns":5.0},{"damage":11.0,"enemies":"Snecko","floor":28.0,"turns":4.0},{"damage":7,"enemies":"Centurion and Healer","floor":31,"turns":4},{"damage":62,"enemies":"Automaton","floor":33,"turns":6}],"seed_played":"-3568281189175038457","potions_obtained":[{"floor":1.0,"key":"PowerPotion"},{"floor":4.0,"key":"PowerPotion"},{"floor":7.0,"key":"Regen Potion"},{"floor":13.0,"key":"Block Potion"},{"floor":14.0,"key":"SpeedPotion"},{"floor":16.0,"key":"Explosive Potion"},{"floor":18.0,"key":"EntropicBrew"},{"floor":19.0,"key":"FearPotion"},{"floor":21.0,"key":"Ancient Potion"},{"floor":25.0,"key":"Swift Potion"}],"is_trial":false,"path_per_floor":["M","M","?","M","?","R","M","E","T","E","R","?","E","M","R","B",null,"M","?","M","M","$","R","E","M","T","R","M","R","T","M","R","B"],"character_chosen":"IRONCLAD","items_purchased":["Rampage","MealTicket"],"campfire_rested":2,"item_purchase_floors":[22,22],"current_hp_per_floor":[77,80,64,66,66,66,64,35,35,53,53,42,35,39,39,19,65,53,53,52,36,36,36,14,20,20,44,39,63,63,62,62,0,0],"gold":226,"neow_bonus":"RANDOM_COMMON_RELIC","is_daily":false,"chose_seed":false,"campfire_upgraded":5,"win_rate":0.0,"timestamp":1613209293,"path_taken":["M","M","?","M","?","R","M","E","T","E","R","?","E","M","R","BOSS","M","?","M","M","$","R","E","M","T","R","?","R","?","M","R","BOSS"],"items_purchased_type":["Card","Relic"],"build_version":"2020-12-22","purchased_purges":1,"victory":false,"max_hp_per_floor":[80,80,80,80,80,80,80,80,80,80,80,80,80,80,80,80,80,80,80,80,80,80,80,80,80,80,80,80,80,80,80,80,80,80],"card_choices":[{"not_picked":["Combust","Clash"],"picked":"Heavy Blade","floor":1.0},{"not_picked":["Clash","Heavy Blade"],"picked":"Pommel Strike","floor":2.0},{"not_picked":["Perfected Strike","Bloodletting"],"picked":"Armaments","floor":4.0},{"not_picked":["Carnage","True Grit"],"picked":"Seeing Red","floor":7.0},{"not_picked":["Armaments","Dropkick"],"picked":"Clothesline","floor":8.0},{"not_picked":["Warcry","Burning Pact","Wild Strike"],"picked":"SKIP","floor":10.0},{"not_picked":["Hemokinesis","Heavy Blade","Armaments"],"picked":"SKIP","floor":13.0},{"not_picked":["Warcry","Reckless Charge"],"picked":"Iron Wave","floor":14.0},{"not_picked":["Reaper","Corruption"],"picked":"Double Tap","floor":16.0},{"not_picked":["Intimidate","Iron Wave"],"picked":"Pommel Strike+1","floor":18.0},{"not_picked":["Dropkick","Armaments+1","Heavy Blade"],"picked":"SKIP","floor":20.0},{"not_picked":["Combust+1","Iron Wave"],"picked":"Thunderclap","floor":21.0},{"not_picked":["Sever Soul","Searing Blow"],"picked":"Iron Wave+1","floor":24.0},{"not_picked":["Warcry","Feel No Pain"],"picked":"Power Through","floor":25.0},{"not_picked":["Warcry+1","True Grit"],"picked":"Inflame","floor":27.0},{"not_picked":["Corruption","Rage"],"picked":"Shrug It Off","floor":28.0},{"not_picked":["Havoc","Perfected Strike+1"],"picked":"Infernal Blade","floor":29.0},{"not_picked":["Anger","Sword Boomerang"],"picked":"Double Tap","floor":31}],"player_experience":105652,"relics_obtained":[{"floor":8.0,"key":"Pen Nib"},{"floor":9.0,"key":"Tiny Chest"},{"floor":10.0,"key":"Boot"},{"floor":13.0,"key":"Omamori"},{"floor":24.0,"key":"Dream Catcher"}],"event_choices":[{"damage_healed":0.0,"max_hp_gain":0.0,"max_hp_loss":0.0,"gold_gain":0.0,"event_name":"Shining Light","player_choice":"Entered Light","floor":3.0,"gold_loss":0.0,"damage_taken":16.0,"cards_upgraded":["Strike_R","Pommel Strike"]},{"cards_removed":["Strike_R"],"damage_healed":0.0,"max_hp_gain":0.0,"max_hp_loss":0.0,"gold_gain":0.0,"event_name":"The Cleric","player_choice":"Card Removal","floor":5.0,"gold_loss":50.0,"damage_taken":0.0},{"damage_healed":0.0,"max_hp_gain":0.0,"max_hp_loss":0.0,"gold_gain":75.0,"event_name":"World of Goop","player_choice":"Gather Gold","floor":12.0,"gold_loss":0.0,"damage_taken":11.0},{"damage_healed":0.0,"max_hp_gain":0.0,"max_hp_loss":0.0,"gold_gain":0.0,"event_name":"The Woman in Blue","player_choice":"Bought 1 Potion","floor":19.0,"gold_loss":0.0,"damage_taken":0.0}],"is_beta":false,"boss_relics":[{"not_picked":["Calling Bell","Ectoplasm"],"picked":"Cursed Key"}],"items_purged_floors":[22],"is_endless":false,"potions_floor_spawned":[1,4,7,13,14,16,18,21,25],"killed_by":"Automaton","ascension_level":5}}