{"host":"prxrhpgaxnj4om9r","time":1613219321,"event":{"mods":["AchievementEnabler","BaseMod","DeckTracker","Minty Spire (QoL Compilation)"],"gold_per_floor":[118,128,138,213,229,261,261,273,273,273,299,318,318,331,331,429,429,445,370,62,62,72,72,72],"floor_reached":23,"language":"KOR","playtime":1484,"items_purged":[],"score":203,"play_id":"3be286d2-65d2-4229-8740-a91db1eb5369","local_time":"20210213212841","is_ascension_mode":false,"campfire_choices":[{"data":"Zap","floor":7,"key":"SMITH"},{"floor":10,"key":"REST"},{"floor":13,"key":"REST"},{"data":"Hologram","floor":15,"key":"SMITH"}],"circlet_count":0,"master_deck":["Strike_B","Strike_B","Defend_B","Zap+1","Dualcast","Conserve Battery","All For One","Auto Shields","Streamline","Beam Cell","Gash","Defragment","Hologram+1","Defragment","Buffer","Sunder+1","Melter+1","Recycle+1","Sweeping Beam+1","Scrape","Genetic Algorithm+1"],"relics":["Cracked Core","NeowsBlessing","Toy Ornithopter","Centennial Puzzle","Astrolabe","InkBottle"],"acts_visited":["Exordium","TheCity"],"potions_floor_usage":[5,5,14,16],"damage_taken":[{"damage":0.0,"enemies":"Small Slimes","floor":1.0,"turns":1.0},{"damage":0.0,"enemies":"Cultist","floor":2.0,"turns":1.0},{"damage":0.0,"enemies":"Jaw Worm","floor":3.0,"turns":1.0},{"damage":3,"enemies":"3 Louse","floor":5,"turns":3},{"damage":28,"enemies":"Gremlin Nob","floor":6,"turns":5},{"damage":2,"enemies":"Red Slaver","floor":8,"turns":3},{"damage":39,"enemies":"3 Sentries","floor":11,"turns":11},{"damage":2,"enemies":"Blue Slaver","floor":12,"turns":3},{"damage":2,"enemies":"Looter","floor":14,"turns":3},{"damage":30,"enemies":"Hexaghost","floor":16,"turns":10},{"damage":17,"enemies":"Shell Parasite","floor":18,"turns":5},{"damage":15,"enemies":"2 Thieves","floor":22,"turns":2},{"damage":45,"enemies":"Book of Stabbing","floor":23,"turns":4}],"seed_played":"-3078876371344999729","potions_obtained":[{"floor":2.0,"key":"DuplicationPotion"},{"floor":3.0,"key":"PowerPotion"},{"floor":8,"key":"LiquidMemories"},{"floor":11,"key":"FearPotion"}],"is_trial":false,"path_per_floor":["M","M","M","?","M","E","R","M","T","R","E","M","R","M","R","B",null,"M","?","$","?","M","E"],"character_chosen":"DEFECT","items_purchased":["InkBottle","Scrape"],"campfire_rested":2,"item_purchase_floors":[20,20],"current_hp_per_floor":[75,75,75,68,65,37,37,35,35,57,18,16,38,41,41,16,75,58,58,58,58,43,0,0],"gold":72,"neow_bonus":"THREE_ENEMY_KILL","is_daily":false,"chose_seed":false,"campfire_upgraded":2,"win_rate":0.0,"timestamp":1613219321,"path_taken":["M","M","M","?","M","E","R","M","T","R","E","?","R","M","R","BOSS","M","?","$","?","?","E"],"items_purchased_type":["Relic","Card"],"build_version":"2020-12-22","purchased_purges":0,"victory":false,"max_hp_per_floor":[75,75,75,75,75,75,75,75,75,75,75,75,75,75,75,75,75,75,75,75,75,75,75,75],"card_choices":[{"not_picked":["Redo","Leap"],"picked":"Conserve Battery","floor":1.0},{"not_picked":["Streamline","Heatsinks"],"picked":"All For One","floor":2.0},{"not_picked":["Barrage","Compile Driver"],"picked":"Auto Shields","floor":3.0},{"not_picked":["Reinforced Body","Compile Driver"],"picked":"Streamline","floor":5},{"not_picked":["Turbo","Tempest"],"picked":"Beam Cell","floor":6},{"not_picked":["Turbo","Leap"],"picked":"Gash","floor":8},{"not_picked":["FTL","Go for the Eyes"],"picked":"Defragment","floor":11},{"not_picked":["FTL","Hello World"],"picked":"Hologram","floor":12},{"not_picked":["Barrage","Recycle"],"picked":"Defragment","floor":14},{"not_picked":["Fission","Thunder Strike"],"picked":"Buffer","floor":16},{"not_picked":["Gash","Glacier"],"picked":"Sweeping Beam+1","floor":18},{"not_picked":["Compile Driver","Leap"],"picked":"Genetic Algorithm+1","floor":22}],"player_experience":428940,"relics_obtained":[{"floor":6,"key":"Toy Ornithopter"},{"floor":11,"key":"Centennial Puzzle"}],"event_choices":[{"damage_healed":0,"gold_gain":75,"player_choice":"Touch","damage_taken":7,"max_hp_gain":0,"max_hp_loss":0,"event_name":"FaceTrader","floor":4,"gold_loss":0},{"cards_removed":["Strike_B"],"damage_healed":0,"gold_gain":0,"player_choice":"Gave Gold","damage_taken":0,"max_hp_gain":0,"max_hp_loss":0,"event_name":"Beggar","floor":19,"gold_loss":75},{"cards_removed":["Defend_B"],"damage_healed":0,"gold_gain":0,"player_choice":"Offered Basic","damage_taken":0,"max_hp_gain":0,"max_hp_loss":0,"event_name":"Bonfire Elementals","floor":21,"gold_loss":0}],"is_beta":false,"boss_relics":[{"not_picked":["Ectoplasm","Tiny House"],"picked":"Astrolabe"}],"items_purged_floors":[],"is_endless":false,"potions_floor_spawned":[2,3,8,11],"killed_by":"Book of Stabbing","ascension_level":0}}