{"host":"r2b8ojg4o4pyvjvq","time":1613241138,"event":{"mods":["BaseMod","Colored Map","Downfall","Highlight Path","Hubris","Minty Spire (QoL Compilation)","Quick Restart","Replay The Spire","StSLib","SuperFastMode"],"gold_per_floor":[99,99,129,129,279,279,279,313,500,500,500,500,500,500,500,500,500,400,411,424,424,164,183,261,288,288,288,322,337,347,347,360,360,360,360],"floor_reached":33,"language":"ENG","playtime":2024,"items_purged":["downfall:Icky","champ:Defend"],"score":378,"play_id":"b0030562-6f50-4f0a-a7fc-1465c6449c88","local_time":"20210213193218","is_ascension_mode":false,"campfire_choices":[{"data":"champ:Execute","floor":1.0,"key":"SMITH"},{"data":"champ:Taunt","floor":18,"key":"SMITH"}],"circlet_count":0,"master_deck":["champ:Strike","champ:Strike","champ:Strike","champ:Strike","champ:Defend","champ:Defend","champ:Defend","champ:Execute+1","champ:Taunt+1","champ:TornadoPunch","champ:Circumvent","champ:Shatter","champ:EndlessRage","champ:StrikeOfGenius+1","champ:GutPunch","champ:IgnorePain","champ:BringItOn+1","champ:ShieldWall+1","champ:CalledShot+1","champ:BerserkersShout","champ:GladiatorStyle","champ:GutPunch+1","champ:Devastate","champ:IgnorePain","champ:StanceDance","champ:BringItOn","champ:Backstep"],"relics":["champ:ChampionCrownUpgraded","downfall:HeartsMalice","Replay:Bottled Flurry","Replay:Wax Seal","Medical Kit","Bottled Flame","Replay:Bottled Snecko","Mango","Replay:Grab Bag","Replay:Bronze Core","Sozu","downfall:HeartBlessingBlue","Membership Card","Ornamental Fan","Tiny Chest","Nloth\u0027s Gift","hubris:MysteriousPyramids","hubris:Teleporter"],"acts_visited":["Exordium","TheCity"],"potions_floor_usage":[],"damage_taken":[{"damage":0.0,"enemies":"Jaw Worm","floor":2.0,"turns":1.0},{"damage":0.0,"enemies":"2 Louse","floor":6.0,"turns":1.0},{"damage":0.0,"enemies":"Gremlin Nob","floor":8.0,"turns":1.0},{"damage":15.0,"enemies":"downfall:FleeingMerchant","floor":9.0,"turns":4.0},{"damage":17.0,"enemies":"Cultist","floor":10.0,"turns":3.0},{"damage":10.0,"enemies":"Lots of Slimes","floor":11.0,"turns":2.0},{"damage":28.0,"enemies":"Lagavulin","floor":12.0,"turns":4.0},{"damage":23.0,"enemies":"3 Sentries","floor":14.0,"turns":8.0},{"damage":10.0,"enemies":"Exordium Wildlife","floor":15.0,"turns":2.0},{"damage":60.0,"enemies":"DF_ARCHETYPE_STREAMLINE","floor":16.0,"turns":10.0},{"damage":0,"enemies":"Spheric Guardian","floor":19,"turns":1},{"damage":20,"enemies":"downfall:LooterAlt2","floor":20,"turns":2},{"damage":10,"enemies":"downfall:FleeingMerchant","floor":22,"turns":5},{"damage":32,"enemies":"Centurion and Healer","floor":23,"turns":7},{"damage":10,"enemies":"Replay:Snechameleon","floor":25,"turns":5},{"damage":8,"enemies":"Book of Stabbing","floor":28,"turns":5},{"damage":26,"enemies":"Cultist and Chosen","floor":29,"turns":5},{"damage":21,"enemies":"Snake Plant","floor":30,"turns":5},{"damage":27,"enemies":"Shelled Parasite and Fungi","floor":32,"turns":6},{"damage":106,"enemies":"WA_ARCHETYPE_CALM","floor":33,"turns":14}],"seed_played":"-1701562722584791964","potions_obtained":[{"floor":8.0,"key":"champ:CounterPotion"},{"floor":10.0,"key":"AttackPotion"},{"floor":12.0,"key":"DistilledChaos"}],"is_trial":false,"path_per_floor":["R","M","?","?","?","M","T","E","$","M","M","E","?","E","M","B",null,"R","M","M","?","$","M","T","E","?","?","E","M","M","T","M","B"],"character_chosen":"THE_CHAMP","items_purchased":["Replay:Wax Seal","champ:EndlessRage","Medical Kit","Bottled Flame","Cursed Concoction","DuplicationPotion","Membership Card","champ:BerserkersShout","champ:GladiatorStyle"],"campfire_rested":0,"item_purchase_floors":[9,9,9,9,9,9,22,22,22],"current_hp_per_floor":[90,90,90,90,90,90,90,90,85,78,78,60,60,56,56,4,104,114,114,109,109,109,102,102,102,102,102,99,98,87,87,65,0,0,0],"gold":360,"neow_bonus":"THREE_ENEMY_KILL","is_daily":false,"chose_seed":false,"campfire_upgraded":2,"win_rate":0.0,"timestamp":1613241138,"path_taken":["R","M","?","?","?","M","T","E","$","M","M","E","?","E","M","BOSS","R","M","M","?","$","?","T","E","?","?","E","?","M","?","M","BOSS"],"items_purchased_type":["Relic","Card","Relic","Relic","Potion","Potion","Relic","Card","Card"],"build_version":"2020-12-22","purchased_purges":2,"victory":false,"max_hp_per_floor":[90,90,90,90,90,90,90,90,90,90,90,90,90,104,104,104,104,114,114,114,114,114,114,114,114,114,114,114,114,114,114,114,114,114,114],"card_choices":[{"not_picked":["champ:RageSigil","champ:FlashCut"],"picked":"champ:TornadoPunch","floor":2.0},{"not_picked":["champ:FlashCut","champ:DefensiveShout"],"picked":"champ:Circumvent","floor":6.0},{"not_picked":["champ:Shatter","champ:Duel","champ:FanOfKnives"],"picked":"SKIP","floor":8.0},{"not_picked":["champ:Duel","champ:FanOfKnives"],"picked":"champ:Shatter","floor":8.0},{"not_picked":["champ:PerfectedStrike","champ:CalledShot","champ:IronFortress"],"picked":"SKIP","floor":9.0},{"not_picked":["champ:Endure","champ:Shatter"],"picked":"champ:StrikeOfGenius","floor":10.0},{"not_picked":["champ:Backstep","champ:IronFortress","champ:CalledShot"],"picked":"SKIP","floor":11.0},{"not_picked":["champ:PreciseThrust","champ:BringItOn"],"picked":"champ:GutPunch","floor":12.0},{"not_picked":["champ:RapidStrikes","champ:RageSigil","champ:Lariat"],"picked":"SKIP","floor":14.0},{"not_picked":["champ:Lariat","champ:FanOfKnives","champ:Backstep"],"picked":"SKIP","floor":15.0},{"not_picked":["champ:DancingMaster","champ:MurderStrike"],"picked":"champ:IgnorePain","floor":16.0},{"not_picked":["champ:PreemptiveStrike","champ:PreciseThrust"],"picked":"champ:BringItOn+1","floor":19},{"not_picked":["champ:ShieldSigil","champ:DefensiveShout"],"picked":"champ:ShieldWall+1","floor":20},{"not_picked":["champ:DefensiveShout","champ:ShieldSlam"],"picked":"champ:CalledShot+1","floor":22},{"not_picked":["champ:AdrenalArmor+1","champ:BerserkersShout+1"],"picked":"champ:GutPunch+1","floor":23},{"not_picked":["champ:FocusedDefense","champ:DefensiveShout+1"],"picked":"champ:Devastate","floor":25},{"not_picked":["champ:ViciousMockery","champ:ShieldSlam"],"picked":"champ:IgnorePain","floor":28},{"not_picked":["champ:CalledShot+1","champ:RageSigil"],"picked":"champ:StanceDance","floor":29},{"not_picked":["champ:Shatter","champ:ShieldSigil+1"],"picked":"champ:BringItOn","floor":30},{"not_picked":["champ:EnGarde","champ:UltimateStance"],"picked":"champ:Backstep","floor":32}],"player_experience":439162,"relics_obtained":[{"floor":8.0,"key":"Replay:Bottled Flurry"},{"floor":12.0,"key":"Replay:Bottled Snecko"},{"floor":14.0,"key":"Mango"},{"floor":24,"key":"Ornamental Fan"},{"floor":25,"key":"Tiny Chest"},{"floor":28,"key":"hubris:MysteriousPyramids"},{"floor":31,"key":"hubris:Teleporter"}],"event_choices":[{"damage_healed":0.0,"max_hp_gain":0.0,"max_hp_loss":0.0,"gold_gain":0.0,"event_name":"Accursed Blacksmith","player_choice":"Forge","floor":13.0,"gold_loss":0.0,"damage_taken":0.0,"cards_upgraded":["champ:StrikeOfGenius"]}],"is_beta":false,"boss_relics":[{"not_picked":["ReplayTheSpireMod:DimensionalGlitch","ChewingGum"],"picked":"Replay:Grab Bag"},{"not_picked":["hubris:TerracottaHorce","hubris:GrandSneckoEye"],"picked":"Replay:Bronze Core"},{"not_picked":["Runic Dome","ReplayTheSpireMod:Onyx Gauntlets"],"picked":"Sozu"},{"not_picked":["Snecko Heart","hubris:Stopwatch"],"picked":"champ:ChampionCrownUpgraded"}],"items_purged_floors":[9,22],"is_endless":false,"potions_floor_spawned":[8,10,11,12,19,23,25,28],"killed_by":"WA_ARCHETYPE_CALM","ascension_level":0}}