{"host":"x730sfaw5rd1mxd8","time":1613189534,"event":{"mods":["BaseMod","BetterRewards","Colored Powertips","Highlight Path","Minty Spire (QoL Compilation)","Relic Sorter","Relic Stats","Replay The Spire","StSLib"],"gold_per_floor":[118,136,153,153,165,200,200,234,234,234,261,278,293,321,321,402,461,488,469,497,48,318,347,347,384,384,384,421,450,490,506,506,594,594,614,634,634,663,692,732,732,772,772,772,822,860,580,609,609,609,609,609,609,165,205,205],"floor_reached":57,"language":"ENG","playtime":3772,"items_purged":["Strike_R","Strike_R","Strike_R","Strike_R","Strike_R","Pommel Strike"],"score":3659,"play_id":"3f3bc402-b404-4b85-9581-c8bc3c1ea20d","local_time":"20210212231214","is_ascension_mode":true,"campfire_choices":[{"data":"Combust","floor":7,"key":"SMITH"},{"data":"Bash","floor":10,"key":"SMITH"},{"data":"Disarm","floor":15,"key":"SMITH"},{"floor":24,"key":"REST"},{"data":"Feel No Pain","floor":27,"key":"SMITH"},{"data":"Juggernaut","floor":32,"key":"SMITH"},{"floor":44,"key":"RECALL"},{"floor":49,"key":"DIG"},{"data":"Evolve","floor":53,"key":"SMITH"}],"circlet_count":0,"master_deck":["AscendersBane","Defend_R+1","Defend_R+1","Defend_R+1","Iron Wave+1","Combust+1","Shrug It Off+1","Rupture+1","Shrug It Off+1","Twin Strike","Disarm+1","Disarm+1","Anger","Shrug It Off+1","ReplayReversal+1","True Grit+1","Inflame+1","Corruption+1","Heavy Blade","Sword Boomerang+1","Spot Weakness+1","Evolve+1","Feel No Pain+1","True Grit+1","Flame Barrier+1","Feel No Pain","Sword Boomerang+1","Juggernaut+1","Immolate","Dark Embrace","True Grit+1","ReplayTheSpireMod:Muscle Training+1","Spot Weakness+1","Reaper","Sentinel+1","True Grit+1","Eclipse+1","Sentinel+1","Flame Barrier+1","Good Instincts+1","Feel No Pain+1"],"relics":["Burning Blood","Ring of Greed","Medical Kit","Mercury Hourglass","Regal Pillow","Membership Card","Incense Burner","Pet Ghost","Sling","Toxic Egg 2","Gremlin Horn","ReplayTheSpireMod:Shallot","Question Card","Replay:Ringing Soul","CeramicFish","Tiny House","TungstenRod","Divine Protection","Guide Book","Ancient Tea Set","Self Forming Clay","Replay:Bottled Steam","HornCleat","Iron Hammer","ChewingGum","Replay:Bottled Eggs","Paper Frog","Omamori","Replay:Wax Seal","Smiling Mask","Ring of Panic","War Paint","Potion Belt","Strange Spoon","Replay:Kaleidoscope","Oddly Smooth Stone","DollysMirror","Snack Pack","StoneCalendar"],"acts_visited":["Exordium","TheCity","TheBeyond","TheEnding"],"potions_floor_usage":[20,31,50,56,56,56],"damage_taken":[{"damage":1,"enemies":"Small Slimes","floor":1,"turns":2},{"damage":0,"enemies":"Jaw Worm","floor":2,"turns":4},{"damage":0,"enemies":"Cultist","floor":3,"turns":4},{"damage":11,"enemies":"Looter","floor":5,"turns":2},{"damage":4,"enemies":"3 Sentries","floor":6,"turns":4},{"damage":21,"enemies":"Gremlin Nob","floor":8,"turns":4},{"damage":1,"enemies":"Large Slime","floor":12,"turns":4},{"damage":1,"enemies":"3 Louse","floor":13,"turns":2},{"damage":5,"enemies":"Lagavulin","floor":14,"turns":5},{"damage":6,"enemies":"Hexaghost","floor":16,"turns":8},{"damage":25,"enemies":"3 Byrds","floor":18,"turns":5},{"damage":25,"enemies":"2 Thieves","floor":19,"turns":4},{"damage":0,"enemies":"Centurion and Healer","floor":20,"turns":6},{"damage":0,"enemies":"Replay:Snechameleon","floor":23,"turns":5},{"damage":0,"enemies":"Gremlin Leader","floor":25,"turns":6},{"damage":0,"enemies":"Slavers","floor":28,"turns":5},{"damage":0,"enemies":"Snake Plant","floor":29,"turns":5},{"damage":0,"enemies":"Replay:Snechameleon","floor":30,"turns":4},{"damage":3,"enemies":"3 Cultists","floor":31,"turns":3},{"damage":0,"enemies":"Collector","floor":33,"turns":9},{"damage":0,"enemies":"3 Shapes","floor":35,"turns":4},{"damage":0,"enemies":"Orb Walker","floor":36,"turns":3},{"damage":3,"enemies":"Jaw Worm Horde","floor":38,"turns":4},{"damage":0,"enemies":"Maw","floor":39,"turns":8},{"damage":0,"enemies":"Nemesis","floor":40,"turns":7},{"damage":46,"enemies":"Giant Head","floor":42,"turns":7},{"damage":0,"enemies":"Reptomancer","floor":46,"turns":4},{"damage":0,"enemies":"Sphere and 2 Shapes","floor":48,"turns":4},{"damage":5,"enemies":"Replay:Hell Engine","floor":50,"turns":6},{"damage":0,"enemies":"Donu and Deca","floor":51,"turns":6},{"damage":51,"enemies":"Shield and Spear","floor":55,"turns":8},{"damage":43,"enemies":"The Heart","floor":56,"turns":10}],"seed_played":"3634754662294338301","potions_obtained":[{"floor":1,"key":"FairyPotion"},{"floor":5,"key":"Milkshake"},{"floor":17,"key":"GamblersBrew"},{"floor":18,"key":"Fruit Juice"},{"floor":20,"key":"Milkshake"},{"floor":28,"key":"Death Potion"},{"floor":31,"key":"FearPotion"}],"is_trial":false,"path_per_floor":["M","M","M","?","M","E","R","E","T","R","T","M","M","E","R","B",null,"M","M","M","$","?","E","R","E","T","R","E","M","E","M","R","B",null,"M","M","$","M","M","E","?","E","T","R","?","E","$","M","R","B","B",null,"R","$","E","B",null],"character_chosen":"IRONCLAD","items_purchased":["Medical Kit","Iron Wave+1","Mercury Hourglass","Combust","Regal Pillow","Pommel Strike","Shrug It Off","Membership Card","Rupture+1","Incense Burner","Shrug It Off","Pet Ghost","Twin Strike","Disarm","Sling","Toxic Egg 2","Gremlin Horn","Feel No Pain","TungstenRod","Divine Protection","True Grit+1","Guide Book","Potion Belt","Strange Spoon","Eclipse+1","Adrenaline Potion","Oddly Smooth Stone","DollysMirror","Snack Pack","LifebloodPotion","Elixir","Good Instincts+1"],"campfire_rested":1,"item_purchase_floors":[0,0,0,0,0,0,0,0,0,0,0,0,0,0,0,0,0,21,21,21,21,21,47,47,47,47,54,54,54,54,54,54],"current_hp_per_floor":[73,75,75,68,63,65,65,50,50,50,50,58,66,67,67,70,89,73,57,71,74,51,57,104,112,112,112,115,118,121,121,121,124,124,127,130,130,133,136,139,139,134,134,134,134,143,146,151,151,151,151,151,151,154,148,131],"gold":205,"neow_bonus":"","is_daily":false,"chose_seed":false,"campfire_upgraded":6,"win_rate":0.0,"timestamp":1613189534,"path_taken":["M","M","M","?","M","E","R","E","T","R","?","M","M","E","R","BOSS","M","M","M","$","?","E","R","E","T","R","E","M","E","?","R","BOSS","M","M","$","M","M","E","?","E","T","R","?","E","$","M","R","BOSS","BOSS","R","$","E","BOSS"],"items_purchased_type":["Relic","Card","Relic","Card","Relic","Card","Card","Relic","Card","Relic","Card","Relic","Card","Card","Relic","Relic","Relic","Card","Relic","Relic","Card","Relic","Relic","Relic","Card","Potion","Relic","Relic","Relic","Potion","Potion","Card"],"build_version":"2020-12-22","purchased_purges":6,"victory":true,"max_hp_per_floor":[75,75,75,75,75,75,75,75,75,75,75,78,81,81,81,84,92,95,98,106,109,109,109,109,112,112,112,115,118,121,121,121,124,124,127,130,130,133,136,139,139,142,142,142,142,145,148,151,151,151,151,151,151,154,157,157],"relic_stats":{"Regal Pillow":15,"Gremlin Horn":[34,34],"counters":[641,2999],"Self Forming Clay":[48],"CeramicFish":216,"StoneCalendar":[104],"War Paint":["Shrug It Off"],"Medical Kit":[21],"Question Card":25,"Smiling Mask":689,"Burning Blood":2271,"Mercury Hourglass":[621],"Strange Spoon":[53],"obtain_stats":[{"Golden Egg":8,"Replay:Accelerometer":52,"Whetstone":14,"Ginger":6,"Bottled Tornado":44,"Boot":53,"Sling":0,"Old Coin":47,"Ring of Searing":4,"Blood Vial":20,"Replay:Wanted Poster":34,"Replay:Ringing Soul":54,"Sundial":28,"Replay:Bronze Core":34,"MealTicket":27,"Fusion Hammer":19,"Replay:Bottled Flurry":0,"Necronomicon":21,"Kunai":53,"Replay:Wax Seal":43,"Electric Blood":17,"Replay:Bottled Steam":6,"Pear":9,"Blue Candle":30,"Counterbalance":11,"Velvet Choker":19,"Eternal Feather":9,"Akabeko":27,"SlaversCollar":17,"Bird Faced Urn":12,"Snecko Eye":17,"Pandora\u0027s Box":34,"Mark of Pain":0,"Kintsugi":17,"StrikeDummy":0,"Abe\u0027s Treasure":17,"Unceasing Top":49,"Regal Pillow":9,"Lantern":14,"Singing Bowl":10,"Torii":0,"Magic Flower":11,"StoneCalendar":14,"Painkiller Herb":17,"Blue Doll":27,"King of Hearts":12,"Bag of Preparation":9,"Cursed Key":34,"Smiling Mask":24,"Ancient Tea Set":40,"Burning Blood":0,"Pet Ghost":23,"Replay:Rubber Ducky":0,"Matryoshka":0,"Shovel":46,"WingedGreaves":8,"Chemical X":41,"Replay:Bottled Eggs":27,"Ring of Panic":45,"InkBottle":26,"Paper Frog":9,"Potion Belt":48,"Lee\u0027s Waffle":20,"Golden Idol":11,"Self Forming Clay":7,"Thread and Needle":50,"The Courier":14,"PreservedInsect":22,"Omamori":40,"Ring of Greed":45,"Frozen Egg 2":0,"MawBank":26,"Busted Crown":17,"Ornamental Fan":50,"Ring of Misfortune":20,"Orrery":0,"Turnip":46,"Art of War":40,"Garlic":32,"Champion Belt":56,"Bottled Lightning":9,"ReplayTheSpireMod:Lightbulb":0,"Toy Ornithopter":25,"Ice Cream":14,"Divine Protection":42,"Calipers":6,"Tiny House":17,"Gremlin Horn":9,"CeramicFish":43,"Vajra":0,"Sozu":17,"Centennial Puzzle":9,"Lizard Tail":38,"HornCleat":28,"DollysMirror":43,"Strawberry":28,"Honey Jar":17,"Philosopher\u0027s Stone":17,"Iron Hammer":0,"Toxic Egg 2":9,"Girya":19,"Happy Flower":27,"Ring of Hypnosis":4,"ReplayTheSpireMod:CursedCoin":0,"Dead Branch":13,"Replay:Grab Bag":17,"Oddly Smooth Stone":26,"Charon\u0027s Ashes":39,"Letter Opener":25,"Replay:Kaleidoscope":50,"War Paint":8,"Question Card":0,"OrangePellets":53,"Replay:Baseball":38,"ReplayTheSpireMod:Spearhead":24,"ReplayTheSpireMod:Shallot":30,"Shuriken":55,"Bronze Scales":12,"Simple Rune":28,"Onion Ring":45,"Molten Egg 2":7,"ReplayTheSpireMod:TigerMarble":13,"Black Star":17,"Grinning Jar":25,"Pocketwatch":0,"Meat on the Bone":43,"Darkstone Periapt":5,"ReplayFunnel":19,"Iron Core":3,"Replay:PocketPolymizer":34,"Black Blood":17,"Mango":6,"Juzu Bracelet":42,"Incense Burner":12,"Replay:Mystery Machine":0,"ClockworkSouvenir":0,"Dream Catcher":43,"Nunchaku":38,"Replay:Bandana":0,"TheAbacus":0,"Chameleon Ring":24,"Mummified Hand":0,"Pantograph":23,"Gambling Chip":24,"Replay:Bottled Snecko":6,"Red Skull":6,"Runic Pyramid":34,"Gremlin Food":0,"BargainBundle":0,"ReplayTheSpireMod:Ninjato":0,"Replay:Towering Pillar of Hats":0,"Quantum Egg":32,"Guide Book":53,"Replay:WaspNest":0,"Orichalcum":48,"Odd Mushroom":10,"Medical Kit":53,"White Beast Statue":0,"Mercury Hourglass":43,"Calling Bell":34,"Cauldron":54,"Strange Spoon":47,"Anchor":10,"CaptainsWheel":49,"ChewingGum":17,"Another Sword":42,"Snack Pack":8,"Bag of Marbles":12,"Membership Card":0,"TungstenRod":40,"FossilizedHelix":28},{"Golden Egg":68,"Replay:Accelerometer":153,"Whetstone":70,"Ginger":401,"Bottled Tornado":247,"Boot":153,"Sling":360,"Old Coin":88,"Ring of Searing":546,"Blood Vial":26,"Replay:Wanted Poster":241,"Replay:Ringing Soul":220,"Sundial":108,"Replay:Bronze Core":311,"MealTicket":58,"Fusion Hammer":456,"Replay:Bottled Flurry":251,"Necronomicon":590,"Kunai":153,"Replay:Wax Seal":438,"Electric Blood":51,"Replay:Bottled Steam":364,"Pear":347,"Blue Candle":30,"Counterbalance":349,"Velvet Choker":72,"Eternal Feather":255,"Akabeko":138,"SlaversCollar":24,"Bird Faced Urn":22,"Snecko Eye":520,"Pandora\u0027s Box":208,"Mark of Pain":0,"Kintsugi":352,"StrikeDummy":543,"Abe\u0027s Treasure":102,"Unceasing Top":120,"Regal Pillow":275,"Lantern":324,"Singing Bowl":21,"Torii":186,"Magic Flower":49,"StoneCalendar":166,"Painkiller Herb":259,"Blue Doll":358,"King of Hearts":277,"Bag of Preparation":68,"Cursed Key":31,"Smiling Mask":106,"Ancient Tea Set":437,"Burning Blood":0,"Pet Ghost":56,"Replay:Rubber Ducky":93,"Matryoshka":93,"Shovel":151,"WingedGreaves":255,"Chemical X":114,"Replay:Bottled Eggs":78,"Ring of Panic":635,"InkBottle":377,"Paper Frog":226,"Potion Belt":119,"Lee\u0027s Waffle":340,"Golden Idol":5,"Self Forming Clay":97,"Thread and Needle":90,"The Courier":7,"PreservedInsect":11,"Omamori":245,"Ring of Greed":635,"Frozen Egg 2":14,"MawBank":106,"Busted Crown":8,"Ornamental Fan":120,"Ring of Misfortune":590,"Orrery":330,"Turnip":38,"Art of War":36,"Garlic":109,"Champion Belt":92,"Bottled Lightning":129,"ReplayTheSpireMod:Lightbulb":93,"Toy Ornithopter":306,"Ice Cream":23,"Divine Protection":148,"Calipers":294,"Tiny House":619,"Gremlin Horn":20,"CeramicFish":115,"Vajra":221,"Sozu":338,"Centennial Puzzle":5,"Lizard Tail":567,"HornCleat":625,"DollysMirror":469,"Strawberry":13,"Honey Jar":231,"Philosopher\u0027s Stone":167,"Iron Hammer":155,"Toxic Egg 2":192,"Girya":134,"Happy Flower":203,"Ring of Hypnosis":546,"ReplayTheSpireMod:CursedCoin":155,"Dead Branch":165,"Replay:Grab Bag":279,"Oddly Smooth Stone":57,"Charon\u0027s Ashes":213,"Letter Opener":266,"Replay:Kaleidoscope":474,"War Paint":163,"Question Card":221,"OrangePellets":219,"Replay:Baseball":83,"ReplayTheSpireMod:Spearhead":202,"ReplayTheSpireMod:Shallot":206,"Shuriken":91,"Bronze Scales":6,"Simple Rune":78,"Onion Ring":116,"Molten Egg 2":226,"ReplayTheSpireMod:TigerMarble":132,"Black Star":407,"Grinning Jar":137,"Pocketwatch":41,"Meat on the Bone":601,"Darkstone Periapt":18,"ReplayFunnel":103,"Iron Core":188,"Replay:PocketPolymizer":433,"Black Blood":279,"Mango":19,"Juzu Bracelet":87,"Incense Burner":131,"Replay:Mystery Machine":93,"ClockworkSouvenir":123,"Dream Catcher":37,"Nunchaku":83,"Replay:Bandana":123,"TheAbacus":61,"Chameleon Ring":170,"Mummified Hand":155,"Pantograph":12,"Gambling Chip":27,"Replay:Bottled Snecko":161,"Red Skull":47,"Runic Pyramid":142,"Gremlin Food":155,"BargainBundle":251,"ReplayTheSpireMod:Ninjato":477,"Replay:Towering Pillar of Hats":444,"Quantum Egg":80,"Guide Book":249,"Replay:WaspNest":93,"Orichalcum":218,"Odd Mushroom":422,"Medical Kit":394,"White Beast Statue":155,"Mercury Hourglass":181,"Calling Bell":433,"Cauldron":574,"Strange Spoon":636,"Anchor":69,"CaptainsWheel":152,"ChewingGum":279,"Another Sword":181,"Snack Pack":48,"Bag of Marbles":257,"Membership Card":93,"TungstenRod":214,"FossilizedHelix":239},{"Golden Egg":270,"Replay:Accelerometer":693,"Whetstone":276,"Ginger":1860,"Bottled Tornado":1111,"Boot":693,"Sling":1690,"Old Coin":374,"Ring of Searing":2535,"Blood Vial":107,"Replay:Wanted Poster":1084,"Replay:Ringing Soul":1002,"Sundial":475,"Replay:Bronze Core":1396,"MealTicket":230,"Fusion Hammer":2097,"Replay:Bottled Flurry":1133,"Necronomicon":2746,"Kunai":693,"Replay:Wax Seal":2016,"Electric Blood":208,"Replay:Bottled Steam":1707,"Pear":1608,"Blue Candle":123,"Counterbalance":1619,"Velvet Choker":287,"Eternal Feather":1149,"Akabeko":613,"SlaversCollar":100,"Bird Faced Urn":86,"Snecko Eye":2418,"Pandora\u0027s Box":935,"Mark of Pain":0,"Kintsugi":1635,"StrikeDummy":2528,"Abe\u0027s Treasure":449,"Unceasing Top":539,"Regal Pillow":1226,"Lantern":1469,"Singing Bowl":82,"Torii":830,"Magic Flower":200,"StoneCalendar":746,"Painkiller Herb":1169,"Blue Doll":1675,"King of Hearts":1234,"Bag of Preparation":270,"Cursed Key":130,"Smiling Mask":466,"Ancient Tea Set":2011,"Burning Blood":0,"Pet Ghost":224,"Replay:Rubber Ducky":411,"Matryoshka":411,"Shovel":679,"WingedGreaves":1149,"Chemical X":510,"Replay:Bottled Eggs":311,"Ring of Panic":2961,"InkBottle":1760,"Paper Frog":1023,"Potion Belt":538,"Lee\u0027s Waffle":1566,"Golden Idol":17,"Self Forming Clay":425,"Thread and Needle":385,"The Courier":25,"PreservedInsect":40,"Omamori":1101,"Ring of Greed":2961,"Frozen Egg 2":51,"MawBank":466,"Busted Crown":30,"Ornamental Fan":539,"Ring of Misfortune":2746,"Orrery":1509,"Turnip":156,"Art of War":146,"Garlic":481,"Champion Belt":400,"Bottled Lightning":578,"ReplayTheSpireMod:Lightbulb":411,"Toy Ornithopter":1366,"Ice Cream":93,"Divine Protection":660,"Calipers":1310,"Tiny House":2877,"Gremlin Horn":78,"CeramicFish":521,"Vajra":1010,"Sozu":1554,"Centennial Puzzle":17,"Lizard Tail":2618,"HornCleat":2908,"DollysMirror":2147,"Strawberry":48,"Honey Jar":1045,"Philosopher\u0027s Stone":751,"Iron Hammer":713,"Toxic Egg 2":857,"Girya":598,"Happy Flower":908,"Ring of Hypnosis":2535,"ReplayTheSpireMod:CursedCoin":713,"Dead Branch":743,"Replay:Grab Bag":1251,"Oddly Smooth Stone":226,"Charon\u0027s Ashes":957,"Letter Opener":1198,"Replay:Kaleidoscope":2176,"War Paint":736,"Question Card":1010,"OrangePellets":999,"Replay:Baseball":343,"ReplayTheSpireMod:Spearhead":903,"ReplayTheSpireMod:Shallot":922,"Shuriken":395,"Bronze Scales":20,"Simple Rune":311,"Onion Ring":524,"Molten Egg 2":1023,"ReplayTheSpireMod:TigerMarble":589,"Black Star":1894,"Grinning Jar":609,"Pocketwatch":170,"Meat on the Bone":2794,"Darkstone Periapt":65,"ReplayFunnel":454,"Iron Core":838,"Replay:PocketPolymizer":1997,"Black Blood":1251,"Mango":73,"Juzu Bracelet":367,"Incense Burner":585,"Replay:Mystery Machine":411,"ClockworkSouvenir":554,"Dream Catcher":151,"Nunchaku":343,"Replay:Bandana":554,"TheAbacus":244,"Chameleon Ring":764,"Mummified Hand":713,"Pantograph":44,"Gambling Chip":111,"Replay:Bottled Snecko":730,"Red Skull":189,"Runic Pyramid":629,"Gremlin Food":713,"BargainBundle":1133,"ReplayTheSpireMod:Ninjato":2194,"Replay:Towering Pillar of Hats":2046,"Quantum Egg":320,"Guide Book":1122,"Replay:WaspNest":411,"Orichalcum":988,"Odd Mushroom":1954,"Medical Kit":1829,"White Beast Statue":713,"Mercury Hourglass":808,"Calling Bell":1997,"Cauldron":2662,"Strange Spoon":2965,"Anchor":273,"CaptainsWheel":682,"ChewingGum":1251,"Another Sword":808,"Snack Pack":196,"Bag of Marbles":1159,"Membership Card":411,"TungstenRod":963,"FossilizedHelix":1074}],"TungstenRod":274},"card_choices":[{"not_picked":["Warcry+1","Anger"],"picked":"Disarm+1","floor":1},{"not_picked":["Replay:Undeath\u0027s Touch","Combust","Anger"],"picked":"SKIP","floor":2},{"not_picked":["Reckless Charge","ReplayTheSpireMod:Limb From Limb"],"picked":"Anger","floor":3},{"not_picked":["Heavy Blade","Replay:Undeath\u0027s Touch"],"picked":"Shrug It Off+1","floor":5},{"not_picked":["Armaments+1","Abandon+1"],"picked":"ReplayReversal+1","floor":6},{"not_picked":["Anger","Bludgeon","Iron Wave"],"picked":"SKIP","floor":8},{"not_picked":["Perfected Strike","Sword Boomerang","ReplayTheSpireMod:Limb From Limb"],"picked":"True Grit+1","floor":12},{"not_picked":["Hemokinesis","Reckless Charge","Fire Breathing"],"picked":"Inflame","floor":13},{"not_picked":["Seeing Red+1","Body Slam","Armaments+1","Iron Wave"],"picked":"SKIP","floor":14},{"not_picked":["Hemogenesis","Fiend Fire","Demonic Infusion+1"],"picked":"Corruption","floor":16},{"not_picked":["Entrench+1","Anger","Pommel Strike"],"picked":"Heavy Blade","floor":17},{"not_picked":["Flex+1","Iron Wave","Headbutt"],"picked":"Sword Boomerang+1","floor":18},{"not_picked":["Battle Trance+1","Body Slam","ReplayTheSpireMod:Corrosion Curse+1"],"picked":"Spot Weakness+1","floor":19},{"not_picked":["Anger+1","Warcry+1","Body Slam+1"],"picked":"Evolve","floor":20},{"not_picked":["Life Link","Warcry+1","Heavy Blade","Pommel Strike"],"picked":"SKIP","floor":23},{"not_picked":["Perfected Strike+1","Demonic Infusion+1","Intimidate+1"],"picked":"Flame Barrier+1","floor":25},{"not_picked":["Uppercut","Clothesline","ReplayTheSpireMod:Stacked+1"],"picked":"Feel No Pain","floor":28},{"not_picked":["Cleave","Run Through","ReplayTheSpireMod:Strike From Hell"],"picked":"Sword Boomerang+1","floor":29},{"not_picked":["Dropkick","Rupture","True Grit+1"],"picked":"Juggernaut","floor":30},{"not_picked":["Run Through","Thunderclap","Body Slam","Warcry+1"],"picked":"SKIP","floor":31},{"not_picked":["Brutality","Double Tap+1","Berserk"],"picked":"Immolate","floor":33},{"not_picked":["Flex+1","Disarm+1","Clothesline"],"picked":"Dark Embrace","floor":35},{"not_picked":["Life Link","Cleave","Twin Strike"],"picked":"True Grit+1","floor":36},{"not_picked":["Sword Boomerang","Evolve","Replay:Undeath\u0027s Touch+1"],"picked":"ReplayTheSpireMod:Muscle Training+1","floor":38},{"not_picked":["Wild Strike+1","Pommel Strike","Massacre"],"picked":"Spot Weakness+1","floor":39},{"not_picked":["Sever Soul","Flex+1","Pummel"],"picked":"Reaper","floor":40},{"not_picked":["Armaments+1","ReplayTheSpireMod:Strike From Hell","Iron Wave"],"picked":"Sentinel+1","floor":42},{"not_picked":["Clothesline","Dropkick","Wild Strike"],"picked":"True Grit+1","floor":46},{"not_picked":["Replay:Undeath\u0027s Touch","True Grit+1","Perfected Strike"],"picked":"Sentinel+1","floor":48},{"not_picked":["Hemokinesis","Reckless Charge","Thunderclap+1"],"picked":"Feel No Pain+1","floor":55}],"player_experience":4146386,"relics_obtained":[{"floor":6,"key":"ReplayTheSpireMod:Shallot"},{"floor":8,"key":"Question Card"},{"floor":9,"key":"Replay:Ringing Soul"},{"floor":14,"key":"CeramicFish"},{"floor":23,"key":"Ancient Tea Set"},{"floor":25,"key":"Self Forming Clay"},{"floor":26,"key":"Replay:Bottled Steam"},{"floor":28,"key":"HornCleat"},{"floor":30,"key":"Iron Hammer"},{"floor":40,"key":"Replay:Bottled Eggs"},{"floor":42,"key":"Paper Frog"},{"floor":43,"key":"Omamori"},{"floor":45,"key":"Ring of Greed"},{"floor":45,"key":"Replay:Wax Seal"},{"floor":45,"key":"Smiling Mask"},{"floor":45,"key":"Ring of Panic"},{"floor":46,"key":"War Paint"},{"floor":49,"key":"Replay:Kaleidoscope"},{"floor":55,"key":"StoneCalendar"}],"event_choices":[{"cards_removed":["Defend_R"],"damage_healed":0,"gold_gain":0,"player_choice":"Card Removal","damage_taken":7,"max_hp_gain":0,"max_hp_loss":0,"event_name":"Golden Wing","floor":4,"gold_loss":0},{"damage_healed":0,"gold_gain":270,"player_choice":"GOLD GOLD GOLD ","damage_taken":27,"max_hp_gain":0,"max_hp_loss":0,"event_name":"Knowing Skull","floor":22,"potions_obtained":[],"gold_loss":0,"cards_obtained":[]},{"cards_removed":["Bash"],"damage_healed":0,"gold_gain":0,"player_choice":"Removed Attack","damage_taken":0,"max_hp_gain":0,"max_hp_loss":0,"event_name":"Falling","floor":41,"gold_loss":0}],"is_beta":false,"boss_relics":[{"not_picked":["Velvet Choker","Pandora\u0027s Box"],"picked":"Tiny House"},{"not_picked":["Fusion Hammer","Runic Cube"],"picked":"ChewingGum"}],"items_purged_floors":[0,0,0,0,47,54],"is_endless":false,"potions_floor_spawned":[1,5,8,12,16,18,20,28,31,38,40,46],"ascension_level":20}}