{"host":"soyfmymeou4emntr","time":1613237507,"event":{"mods":["BaseMod","Minty Spire (QoL Compilation)","Permanent Neow","Relic Sorter","Relic Stats","StSLib"],"gold_per_floor":[116,116,266,16,16,16,16,16,16,16,16,57,76,47,47,47,47],"floor_reached":16,"language":"ENG","playtime":616,"items_purged":["Doubt"],"score":188,"play_id":"6d38e504-1d1b-483c-a1fe-a42bf569c088","local_time":"20210213103147","is_ascension_mode":true,"campfire_choices":[{"floor":6.0,"key":"REST"},{"floor":8.0,"key":"REST"},{"data":"Wraith Form v2","floor":10.0,"key":"SMITH"},{"data":"Deadly Poison","floor":15.0,"key":"SMITH"}],"circlet_count":0,"master_deck":["AscendersBane","Strike_G","Strike_G","Strike_G","Strike_G","Strike_G","Defend_G","Defend_G","Defend_G","Defend_G","Defend_G","Survivor","Neutralize","Deadly Poison+1","Wraith Form v2+1","Calculated Gamble","Catalyst","Underhanded Strike","Flying Knee"],"relics":["Ring of the Snake","Boot","Meat on the Bone","Smiling Mask","Golden Idol","Mango"],"acts_visited":["Exordium"],"potions_floor_usage":[16],"damage_taken":[{"damage":13.0,"enemies":"Jaw Worm","floor":1.0,"turns":9.0},{"damage":6.0,"enemies":"Lagavulin","floor":12.0,"turns":12.0},{"damage":0.0,"enemies":"2 Louse","floor":13.0,"turns":4.0},{"damage":73,"enemies":"Slime Boss","floor":16,"turns":10}],"seed_played":"-3730517387953039340","potions_obtained":[{"floor":1.0,"key":"SkillPotion"},{"floor":12.0,"key":"FearPotion"}],"is_trial":false,"path_per_floor":["M","?","?","$","?","R","T","R","T","R","?","E","M","$","R","B"],"character_chosen":"THE_SILENT","items_purchased":["Wraith Form v2","Calculated Gamble","Flying Knee"],"campfire_rested":2,"item_purchase_floors":[4,4,14],"current_hp_per_floor":[52,17,17,17,17,38,38,59,59,59,59,67,67,67,67,0,0],"gold":47,"neow_bonus":"TEN_PERCENT_HP_BONUS","is_daily":false,"chose_seed":false,"campfire_upgraded":2,"win_rate":0.0,"timestamp":1613237507,"path_taken":["M","?","?","$","?","R","?","R","T","R","?","E","M","$","R","BOSS"],"items_purchased_type":["Card","Card","Card"],"build_version":"2020-12-22","purchased_purges":1,"victory":false,"max_hp_per_floor":[72,72,72,72,72,72,72,72,72,72,65,79,79,79,79,79,79],"relic_stats":{"counters":[4,35],"Golden Idol":12,"Boot":[43],"Smiling Mask":0,"obtain_stats":[{"Golden Idol":11,"Mango":12,"Boot":2,"Smiling Mask":9,"Ring of the Snake":0,"Meat on the Bone":7},{"Golden Idol":1,"Mango":2,"Boot":1,"Smiling Mask":1,"Ring of the Snake":0,"Meat on the Bone":1},{"Golden Idol":9,"Mango":21,"Boot":9,"Smiling Mask":9,"Ring of the Snake":0,"Meat on the Bone":9}],"Ring of the Snake":[8],"Meat on the Bone":0},"card_choices":[{"not_picked":["Catalyst","Flying Knee"],"picked":"Deadly Poison","floor":1.0},{"not_picked":["Calculated Gamble","Deadly Poison"],"picked":"Catalyst","floor":12.0},{"not_picked":["PiercingWail","Well Laid Plans"],"picked":"Underhanded Strike","floor":13.0}],"player_experience":3280786,"relics_obtained":[{"floor":7.0,"key":"Meat on the Bone"},{"floor":9.0,"key":"Smiling Mask"},{"floor":12.0,"key":"Mango"}],"event_choices":[{"damage_healed":0.0,"max_hp_gain":0.0,"max_hp_loss":0.0,"gold_gain":0.0,"event_name":"Scrap Ooze","player_choice":"Success","floor":2.0,"gold_loss":0.0,"damage_taken":35.0,"relics_obtained":["Boot"]},{"damage_healed":0.0,"max_hp_gain":0.0,"max_hp_loss":0.0,"gold_gain":150.0,"event_name":"Liars Game","player_choice":"AGREE","floor":3.0,"gold_loss":0.0,"damage_taken":0.0,"cards_obtained":["Doubt"]},{"damage_healed":0.0,"max_hp_gain":0.0,"max_hp_loss":0.0,"gold_gain":0.0,"event_name":"Golden Wing","player_choice":"Ignored","floor":5.0,"gold_loss":0.0,"damage_taken":0.0},{"damage_healed":0.0,"max_hp_gain":0.0,"max_hp_loss":7.0,"gold_gain":0.0,"event_name":"Golden Idol","player_choice":"Lose Max HP","floor":11.0,"gold_loss":0.0,"damage_taken":0.0,"relics_obtained":["Golden Idol"]}],"is_beta":false,"boss_relics":[],"items_purged_floors":[4],"is_endless":false,"potions_floor_spawned":[1,12],"killed_by":"Slime Boss","ascension_level":20}}