{"host":"w8xisjf5mgmfjvmt","time":1613218710,"event":{"mods":["ATMod(°¢èªMod)","BaseMod","BetterRewards","Challenge The Spire","Conspire","Energized Spire","Filter the Spire","Minty Spire (QoL Compilation)","Quarter Circle Forward PUNCH!","Quick Restart","Relic Filter Mod","Relic Stats","Reliquary","Replay The Spire","Say the Spire","Shop Mod","Spicy Shops","StSLib","Thieving Mod","¡¾ÒÅÎï¿¨ÅÆ¡¿REMEMod","óô»ðÖ¸ÄÏ"],"gold_per_floor":[117,131,61,61,11,11,44,55,82,110,125,142,142,142,142,245,245,263,263,279,296,296,296],"floor_reached":22,"language":"ZHS","playtime":877,"items_purged":["Strike_P","Defend_P"],"score":366,"play_id":"498a256b-db9e-4dc0-ac20-214a8cf27ad4","local_time":"20210213201830","is_ascension_mode":true,"campfire_choices":[{"data":"Eruption","floor":6,"key":"SMITH"},{"data":"Adaptation","floor":13,"key":"SMITH"},{"data":"Terror","floor":15,"key":"SMITH"}],"circlet_count":0,"master_deck":["Strike_P","Defend_P","Defend_P","Eruption+1","Vigilance","Terror+1","AT_IrregularMenstruation","Adaptation+1","AT_ChampionStep","Crescendo+1","TalkToTheHand","MentalFortress","WheelKick"],"relics":["PureWater","REME_ComplimentaryCards","AT_ATBox","Blood Vial","Omamori","Yang","Empty Cage"],"acts_visited":["Exordium","TheCity"],"potions_floor_usage":[10],"damage_taken":[{"damage":0.0,"enemies":"Small Slimes","floor":1.0,"turns":3.0},{"damage":0.0,"enemies":"Cultist","floor":2.0,"turns":3.0},{"damage":0,"enemies":"Lagavulin","floor":7,"turns":3},{"damage":1,"enemies":"2 Louse","floor":8,"turns":4},{"damage":6,"enemies":"Gremlin Nob","floor":10,"turns":3},{"damage":0,"enemies":"2 Fungi Beasts","floor":11,"turns":2},{"damage":0,"enemies":"Blue Slaver","floor":12,"turns":2},{"damage":0,"enemies":"Fading Forest","floor":16,"turns":11},{"damage":21,"enemies":"Shell Parasite","floor":18,"turns":3},{"damage":6,"enemies":"3 Byrds","floor":20,"turns":2},{"damage":4,"enemies":"Centurion and Healer","floor":21,"turns":3},{"damage":0,"enemies":"Snake Plant","floor":22,"turns":1}],"seed_played":"-9030433834337341953","potions_obtained":[{"floor":1.0,"key":"BottledMiracle"},{"floor":2.0,"key":"GamblersBrew"},{"floor":7,"key":"Strength Potion"},{"floor":10,"key":"Fire Potion"}],"is_trial":false,"path_per_floor":["M","M","$","?","?","R","E","M","T","E","M","M","R","?","R","B",null,"M","$","M","M","M"],"character_chosen":"WATCHER","items_purchased":["Adaptation","AT_ChampionStep","Crescendo+1","TalkToTheHand"],"campfire_rested":0,"item_purchase_floors":[0,0,0,3],"current_hp_per_floor":[33,33,33,33,33,33,33,34,34,30,32,34,34,72,72,72,72,51,51,47,45,47,47],"gold":296,"neow_bonus":"","is_daily":false,"chose_seed":false,"campfire_upgraded":3,"win_rate":0.0,"timestamp":1613218710,"path_taken":["M","M","$","?","?","R","E","M","T","E","M","M","R","?","R","BOSS","M","$","M","M","?"],"items_purchased_type":["Card","Card","Card","Card"],"build_version":"2020-12-22","purchased_purges":2,"victory":false,"max_hp_per_floor":[72,72,72,72,72,72,72,72,72,72,72,72,72,72,72,72,72,72,72,72,72,72,72],"relic_stats":{"Blood Vial":14,"counters":[12,40],"Yang":[48],"obtain_stats":[{"Blood Vial":7,"AT_ATBox":0,"Yang":10,"VioletLotus":0,"Omamori":9,"PureWater":0,"Empty Cage":17,"REME_ComplimentaryCards":0},{"Blood Vial":3,"AT_ATBox":0,"Yang":5,"VioletLotus":0,"Omamori":4,"PureWater":0,"Empty Cage":8,"REME_ComplimentaryCards":0},{"Blood Vial":9,"AT_ATBox":0,"Yang":16,"VioletLotus":0,"Omamori":13,"PureWater":0,"Empty Cage":31,"REME_ComplimentaryCards":0}]},"card_choices":[{"not_picked":["Replay:BluntJabs","AT_DivineConfetti","Study"],"picked":"SKIP","floor":1.0},{"not_picked":["Conclude","WindmillStrike","Replay:Anticipation"],"picked":"SKIP","floor":2.0},{"not_picked":["CrushJoints","Replay:Vibes"],"picked":"MentalFortress","floor":7},{"not_picked":["Replay:Anticipation","SashWhip","Wireheading"],"picked":"SKIP","floor":8},{"not_picked":["ClearTheMind","Consecrate"],"picked":"WheelKick","floor":10},{"not_picked":["SashWhip","CrushJoints","Replay:Anticipation"],"picked":"SKIP","floor":11},{"not_picked":["CrushJoints","FollowUp","Conclude"],"picked":"SKIP","floor":12},{"not_picked":["CrushJoints","FollowUp","Conclude"],"picked":"SKIP","floor":12},{"not_picked":["Collect","Conclude+1","SignatureMove"],"picked":"SKIP","floor":18},{"not_picked":["Replay:AtTheReady","Crescendo","Vengeance"],"picked":"SKIP","floor":20},{"not_picked":["Evaluate","ThirdEye+1","Wireheading"],"picked":"SKIP","floor":21}],"player_experience":1364124,"relics_obtained":[{"floor":7,"key":"Blood Vial"},{"floor":9,"key":"Omamori"},{"floor":10,"key":"Yang"}],"event_choices":[{"cards_removed":["Strike_P"],"damage_healed":0,"gold_gain":0,"player_choice":"Card Removal","damage_taken":0,"max_hp_gain":0,"max_hp_loss":0,"event_name":"The Cleric","floor":5,"gold_loss":50},{"damage_healed":38,"gold_gain":0,"player_choice":"Full Heal","damage_taken":0,"max_hp_gain":0,"max_hp_loss":0,"event_name":"Wheel of Change","floor":14,"gold_loss":0}],"is_beta":false,"boss_relics":[{"not_picked":["Calling Bell","Kintsugi"],"picked":"Empty Cage"}],"items_purged_floors":[0,0],"is_endless":false,"potions_floor_spawned":[1,2,7,10,18,20,21],"killed_by":"Snake Plant","ascension_level":7}}