{"host":"28bpuzdckreop5i0","time":1613259357,"event":{"mods":["BaseMod","Downfall","Minty Spire (QoL Compilation)","Relic Stats","Shop Mod","StSLib"],"gold_per_floor":[17,17,36,51,71,96,96,130,156,182,182,193,193,37,37,136,136,148,163,177,194,194,194,219,237,237,237,34,34,34,34],"floor_reached":30,"language":"ENG","playtime":1111,"items_purged":["Strike_R"],"score":405,"play_id":"845cb49e-f80b-4ec3-95ad-fbc0e60b71da","local_time":"20210213173557","is_ascension_mode":true,"campfire_choices":[{"floor":7,"key":"REST"},{"floor":11,"key":"REST"},{"data":"Demon Form","floor":13,"key":"SMITH"},{"floor":15,"key":"REST"},{"floor":23,"key":"REST"}],"circlet_count":0,"master_deck":["AscendersBane","Strike_R","Strike_R","Strike_R","Strike_R","Defend_R","Defend_R","Defend_R","Sword Boomerang","Spot Weakness","Twin Strike","Clothesline","Demon Form+1","Ghostly Armor","Iron Wave","Flex","Demon Form","Iron Wave","Twin Strike","Limit Break","Uppercut+1","Sword Boomerang","Twin Strike","Rage","Iron Wave","Spot Weakness","Armaments","Shrug It Off","Shrug It Off","Clothesline"],"relics":["Burning Blood","Prayer Wheel","Ancient Tea Set","Omamori","Akabeko","Orrery","Snecko Eye","The Courier","Matryoshka","PreservedInsect"],"acts_visited":["Exordium","TheCity"],"potions_floor_usage":[10,16,25],"damage_taken":[{"damage":5,"enemies":"Small Slimes","floor":1,"turns":4},{"damage":11,"enemies":"Jaw Worm","floor":3,"turns":4},{"damage":11,"enemies":"2 Louse","floor":4,"turns":2},{"damage":4,"enemies":"Large Slime","floor":5,"turns":7},{"damage":30,"enemies":"Gremlin Nob","floor":6,"turns":5},{"damage":25,"enemies":"Lagavulin","floor":8,"turns":6},{"damage":22,"enemies":"Gremlin Nob","floor":10,"turns":4},{"damage":15,"enemies":"Gremlin Gang","floor":12,"turns":4},{"damage":28,"enemies":"Slime Boss","floor":16,"turns":6},{"damage":9,"enemies":"Shell Parasite","floor":18,"turns":3},{"damage":6,"enemies":"3 Byrds","floor":19,"turns":4},{"damage":26,"enemies":"3 Cultists","floor":20,"turns":5},{"damage":26,"enemies":"Centurion and Healer","floor":21,"turns":4},{"damage":31,"enemies":"Slavers","floor":24,"turns":4},{"damage":27,"enemies":"Sentry and Sphere","floor":25,"turns":4},{"damage":34,"enemies":"Book of Stabbing","floor":30,"turns":4}],"seed_played":"-3776355760933941413","potions_obtained":[{"floor":5,"key":"SkillPotion"},{"floor":10,"key":"BlessingOfTheForge"},{"floor":20,"key":"LiquidMemories"},{"floor":25,"key":"CultistPotion"}],"is_trial":false,"path_per_floor":["M","$","M","M","M","E","R","E","T","E","R","M","R","$","R","B",null,"M","M","M","M","?","R","E","M","T","T","$","?","E"],"character_chosen":"IRONCLAD","items_purchased":["Orrery","Armaments","Shrug It Off","Shrug It Off","Clothesline"],"campfire_rested":4,"item_purchase_floors":[14,28,28,28,28],"current_hp_per_floor":[73,73,68,63,65,41,65,46,46,30,54,45,45,45,69,47,72,69,69,49,29,29,53,28,7,7,7,7,33,0,0],"gold":34,"neow_bonus":"REMOVE_TWO","is_daily":false,"chose_seed":false,"campfire_upgraded":1,"win_rate":0.0,"timestamp":1613259357,"path_taken":["M","$","M","M","M","E","R","E","T","E","R","M","R","$","R","BOSS","M","M","M","M","?","R","E","M","T","?","$","?","E"],"items_purchased_type":["Relic","Card","Card","Card","Card"],"build_version":"2020-12-22","purchased_purges":1,"victory":false,"max_hp_per_floor":[80,80,80,80,80,80,80,80,80,80,80,80,80,80,80,80,80,80,80,80,80,80,80,80,80,80,80,80,80,80,80],"relic_stats":{"counters":[16,70],"Snecko Eye":[56,51,40,42],"Prayer Wheel":6,"PreservedInsect":43,"obtain_stats":[{"Matryoshka":26,"Orrery":14,"Snecko Eye":17,"Prayer Wheel":6,"The Courier":24,"PreservedInsect":27,"Omamori":9,"Ancient Tea Set":8,"Burning Blood":0,"Akabeko":10},{"Matryoshka":15,"Orrery":8,"Snecko Eye":9,"Prayer Wheel":5,"The Courier":14,"PreservedInsect":15,"Omamori":6,"Ancient Tea Set":6,"Burning Blood":0,"Akabeko":7},{"Matryoshka":66,"Orrery":36,"Snecko Eye":42,"Prayer Wheel":22,"The Courier":62,"PreservedInsect":66,"Omamori":28,"Ancient Tea Set":28,"Burning Blood":0,"Akabeko":32}],"Burning Blood":90},"card_choices":[{"not_picked":["True Grit","Sentinel"],"picked":"Sword Boomerang","floor":1},{"not_picked":["Perfected Strike","Havoc"],"picked":"Spot Weakness","floor":3},{"not_picked":["True Grit","Havoc"],"picked":"Twin Strike","floor":4},{"not_picked":["Burning Pact","Pommel Strike"],"picked":"Clothesline","floor":5},{"not_picked":["Havoc","Warcry"],"picked":"Demon Form","floor":6},{"not_picked":["Havoc","Juggernaut"],"picked":"Ghostly Armor","floor":8},{"not_picked":["Warcry","Shrug It Off"],"picked":"Iron Wave","floor":10},{"not_picked":["Clash","Sentinel"],"picked":"Flex","floor":12},{"not_picked":["Thunderclap","Armaments","Dual Wield"],"picked":"SKIP","floor":12},{"not_picked":["Heavy Blade","Searing Blow"],"picked":"Demon Form","floor":14},{"not_picked":["Havoc","Metallicize"],"picked":"Iron Wave","floor":14},{"not_picked":["Headbutt","Cleave"],"picked":"Twin Strike","floor":14},{"not_picked":["Corruption","Bludgeon"],"picked":"Limit Break","floor":16},{"not_picked":["Havoc","Metallicize"],"picked":"Uppercut+1","floor":18},{"not_picked":["Headbutt","Combust","Flame Barrier"],"picked":"SKIP","floor":18},{"not_picked":["Iron Wave+1","Evolve"],"picked":"Sword Boomerang","floor":19},{"not_picked":["Bloodletting+1","Dropkick"],"picked":"Twin Strike","floor":19},{"not_picked":["Entrench","Iron Wave+1","Body Slam+1"],"picked":"SKIP","floor":20},{"not_picked":["Burning Pact","Entrench","Whirlwind"],"picked":"SKIP","floor":20},{"not_picked":["Clothesline","Heavy Blade"],"picked":"Rage","floor":21},{"not_picked":["Corruption","Hemokinesis+1"],"picked":"Iron Wave","floor":21},{"not_picked":["Shockwave+1","Dark Embrace+1"],"picked":"Spot Weakness","floor":24},{"not_picked":["Fire Breathing","Pummel","Twin Strike+1"],"picked":"SKIP","floor":25},{"not_picked":["Hemokinesis","Dropkick","Thunderclap+1"],"picked":"SKIP","floor":25}],"player_experience":980723,"relics_obtained":[{"floor":6,"key":"Prayer Wheel"},{"floor":8,"key":"Ancient Tea Set"},{"floor":9,"key":"Omamori"},{"floor":10,"key":"Akabeko"},{"floor":24,"key":"The Courier"},{"floor":26,"key":"Matryoshka"},{"floor":27,"key":"PreservedInsect"}],"event_choices":[{"damage_healed":0,"gold_gain":0,"player_choice":"Ignored","damage_taken":0,"max_hp_gain":0,"max_hp_loss":0,"event_name":"Cursed Tome","floor":22,"gold_loss":0},{"damage_healed":26,"gold_gain":0,"player_choice":"Heal","damage_taken":0,"max_hp_gain":0,"max_hp_loss":0,"event_name":"The Library","floor":29,"gold_loss":0}],"is_beta":false,"boss_relics":[{"not_picked":["SacredBark","bronze:MakeshiftBattery"],"picked":"Snecko Eye"}],"items_purged_floors":[28],"is_endless":false,"potions_floor_spawned":[5,10,20,25],"killed_by":"Book of Stabbing","ascension_level":10}}