{"host":"pt1z5qzak3tiw32n","time":1613255415,"event":{"mods":["BaseMod","Block Reminder","Minty Spire (QoL Compilation)","StSLib","everything is the same but u backflip on backflip"],"gold_per_floor":[112,112,124,71,85,85,114,114,114,129,129,129,129,145,145,221,221,235,285,285,21,40,40,71,71,71],"floor_reached":25,"language":"ENG","playtime":1580,"items_purged":[],"score":464,"play_id":"168bf182-8d90-4b6e-acea-5a239fa1eae6","local_time":"20210213173015","is_ascension_mode":true,"campfire_choices":[{"data":"Redo","floor":6.0,"key":"SMITH"},{"data":"Buffer","floor":11.0,"key":"SMITH"},{"floor":13.0,"key":"REST"},{"data":"Lockon","floor":15.0,"key":"SMITH"},{"data":"Ghostly","floor":23,"key":"SMITH"}],"circlet_count":0,"master_deck":["AscendersBane","Strike_B","Strike_B","Defend_B","Defend_B","Zap","Dualcast","Cold Snap","Redo+1","Leap","Conserve Battery","Buffer+1","Auto Shields","Lockon+1","Echo Form","Echo Form+1","Self Repair+1","Steam Power+1","Ghostly","Ghostly","Ghostly+1","Capacitor","Turbo","Undo","Barrage+1"],"relics":["Cracked Core","NeowsBlessing","Symbiotic Virus","Bag of Marbles","Darkstone Periapt","PreservedInsect","Astrolabe","Runic Capacitor","Smiling Mask"],"acts_visited":["Exordium","TheCity"],"potions_floor_usage":[18,24,24],"damage_taken":[{"damage":0.0,"enemies":"Cultist","floor":1.0,"turns":1.0},{"damage":0.0,"enemies":"Jaw Worm","floor":3.0,"turns":1.0},{"damage":0.0,"enemies":"2 Louse","floor":5.0,"turns":1.0},{"damage":30.0,"enemies":"3 Sentries","floor":7.0,"turns":9.0},{"damage":7.0,"enemies":"Exordium Wildlife","floor":10.0,"turns":3.0},{"damage":5.0,"enemies":"Exordium Thugs","floor":14.0,"turns":4.0},{"damage":2.0,"enemies":"Hexaghost","floor":16.0,"turns":9.0},{"damage":0,"enemies":"Chosen","floor":18,"turns":3},{"damage":12,"enemies":"Shell Parasite","floor":22,"turns":7},{"damage":2,"enemies":"Gremlin Leader","floor":24,"turns":11},{"damage":1,"enemies":"Masked Bandits","floor":25,"turns":2}],"seed_played":"-6136582709694710821","potions_obtained":[{"floor":3.0,"key":"Dexterity Potion"},{"floor":7.0,"key":"EssenceOfDarkness"},{"floor":14.0,"key":"Dexterity Potion"},{"floor":16.0,"key":"BlessingOfTheForge"},{"floor":18,"key":"DuplicationPotion"}],"is_trial":false,"path_per_floor":["M","?","M","$","M","R","E","?","T","M","R","T","R","M","R","B",null,"M","?","?","$","M","R","E","?"],"character_chosen":"DEFECT","items_purchased":["Redo","Runic Capacitor","Capacitor","Turbo"],"campfire_rested":1,"item_purchase_floors":[4,21,21,21],"current_hp_per_floor":[64,64,64,64,64,64,34,34,34,27,27,27,48,43,43,41,64,64,64,35,35,33,33,35,34,34],"gold":71,"neow_bonus":"THREE_ENEMY_KILL","is_daily":false,"chose_seed":false,"campfire_upgraded":4,"win_rate":0.0,"timestamp":1613255415,"path_taken":["M","?","M","$","?","R","E","?","T","?","R","?","R","M","R","BOSS","M","?","?","?","?","R","E","?"],"items_purchased_type":["Card","Relic","Card","Card"],"build_version":"2020-12-22","purchased_purges":0,"victory":false,"max_hp_per_floor":[71,71,71,71,71,71,71,71,71,71,71,71,71,71,71,71,71,71,71,35,35,35,35,35,35,35],"card_choices":[{"not_picked":["Sweeping Beam","Chaos"],"picked":"Ball Lightning","floor":1.0},{"not_picked":["Beam Cell","Coolheaded"],"picked":"Cold Snap","floor":3.0},{"not_picked":["Turbo","Scrape"],"picked":"Leap","floor":5.0},{"not_picked":["Double Energy","Scrape"],"picked":"Conserve Battery","floor":7.0},{"not_picked":["Beam Cell","Ball Lightning"],"picked":"Auto Shields","floor":10.0},{"not_picked":["Chill","Steam"],"picked":"Lockon","floor":14.0},{"not_picked":["Core Surge","Rainbow"],"picked":"Echo Form","floor":16.0},{"not_picked":["Sweeping Beam","Leap","Go for the Eyes"],"picked":"SKIP","floor":18},{"not_picked":["Barrage","Reprogram"],"picked":"Undo","floor":22},{"not_picked":["Skim","Compile Driver"],"picked":"Barrage+1","floor":24}],"player_experience":621035,"relics_obtained":[{"floor":7.0,"key":"Bag of Marbles"},{"floor":9.0,"key":"Darkstone Periapt"},{"floor":12.0,"key":"PreservedInsect"},{"floor":24,"key":"Smiling Mask"}],"event_choices":[{"cards_removed":["Ball Lightning"],"damage_healed":0.0,"max_hp_gain":0.0,"max_hp_loss":0.0,"gold_gain":0.0,"event_name":"WeMeetAgain","player_choice":"Gave Card","floor":2.0,"gold_loss":0.0,"damage_taken":0.0,"relics_obtained":["Symbiotic Virus"]},{"damage_healed":0.0,"max_hp_gain":0.0,"max_hp_loss":0.0,"gold_gain":0.0,"cards_transformed":["Strike_B"],"event_name":"Transmorgrifier","player_choice":"Transformed","floor":8.0,"gold_loss":0.0,"damage_taken":0.0,"cards_obtained":["Buffer"]},{"damage_healed":0,"gold_gain":50,"player_choice":"Stole From Cult","damage_taken":0,"max_hp_gain":0,"max_hp_loss":0,"event_name":"Nest","floor":19,"gold_loss":0},{"damage_healed":0,"gold_gain":0,"player_choice":"Became a Ghost","damage_taken":0,"max_hp_gain":0,"max_hp_loss":36,"event_name":"Ghosts","floor":20,"gold_loss":0,"cards_obtained":["Ghostly","Ghostly","Ghostly"]},{"damage_healed":0,"gold_gain":0,"player_choice":"Fought Bandits","damage_taken":0,"max_hp_gain":0,"max_hp_loss":0,"event_name":"Masked Bandits","floor":25,"gold_loss":0}],"is_beta":false,"boss_relics":[{"not_picked":["Coffee Dripper","Philosopher\u0027s Stone"],"picked":"Astrolabe"}],"items_purged_floors":[],"is_endless":false,"potions_floor_spawned":[3,7,14,16,18],"killed_by":"Masked Bandits","ascension_level":18}}