{"host":"5rycm1ajjg5acc5q","time":1613187137,"event":{"mods":["BaseMod","Better Third Choice","Downfall","Highlight Path","Minty Spire (QoL Compilation)","Replay The Spire","StSLib"],"gold_per_floor":[99,113,125,125,136,136,163,198,69,69,101,101,116,5,15,118,118,118,128,140,150,54,84,162,162,192,210,210,210,22,36,54,151,451,451,462,372,372,447,480,525,538,572,584,284,199,230,245,262,262,262,288,48,48,48,48],"floor_reached":57,"language":"ENG","playtime":14400,"items_purged":["Regret","Slimebound:Strike_Slimebound","Pride","Clumsy"],"score":1600,"play_id":"2e820f51-6f43-40d3-8dd1-5f911ac3a461","local_time":"20210212213217","is_ascension_mode":true,"campfire_choices":[{"data":"Slimebound:MassFeed","floor":1,"key":"SMITH"},{"data":"Slimebound:Split","floor":6,"key":"SMITH"},{"floor":10,"key":"REST"},{"floor":12,"key":"REST"},{"data":"Slimebound:RallyTheTroops","floor":18,"key":"SMITH"},{"floor":29,"key":"RECALL"},{"data":"Injury","floor":35,"key":"PURGE"},{"floor":45,"key":"DIG"}],"circlet_count":0,"master_deck":["Slimebound:Strike_Slimebound","Slimebound:Strike_Slimebound","Slimebound:Tackle","Slimebound:Defend_Slimebound","Slimebound:Defend_Slimebound","Slimebound:Defend_Slimebound","Slimebound:Defend_Slimebound","Slimebound:Split+1","Slimebound:CorrosiveSpit","Slimebound:MassFeed+1","Slimebound:Replication+1","Slimebound:Nibble","Slimebound:TongueLash","Slimebound:RollThrough","Slimebound:DisruptingSlam","Slimebound:SplitSpecialist","Slimebound:SplitSpecialist","Slimebound:GoopSpray","ReplayTheSpireMod:Faulty Equipment","Slimebound:WasteNot","Slimebound:RallyTheTroops+1","Slimebound:LevelUp","Slimebound:GoopSpray","Slimebound:SlimeBarrage","Slimebound:Nibble","Slimebound:LeadByExample+1","Slimebound:SplitSpecialist+1","Slimebound:LevelUp+1","Slimebound:MegaLick+1","Slimebound:SpikyOuterGoop+1","Slimebound:LeadByExample","Slimebound:Repurpose","Slimebound:DouseInSlime","Slimebound:Repurpose","Slimebound:FirmFortitude","Slimebound:SamplingLick+1","Slimebound:Prepare","Slimebound:GrowthPunch","expansioncontent:GuardianWhirl","Slimebound:HauntingLick+1","Slimebound:RallyTheTroops","Slimebound:SelfFormingGoo","Slimebound:Nibble","Slimebound:SamplingLick+1","Slimebound:LevelUp","Slimebound:Replication+1","Slimebound:LeadByExample","Slimebound:PrepareCrush","Slimebound:MegaLick+1","Slimebound:LeechEnergy+1","Slimebound:Replication+1"],"relics":["Slimebound:AbsorbEndCombat","Mummified Hand","Happy Flower","Question Card","ReplayTheSpireMod:CursedCoin","PreservedInsect","SlaversCollar","Replay:Multitool","Quantum Egg","Bag of Preparation","Oddly Smooth Stone","Orrery","Replay:Ancient Bell","Smiling Mask","Chameleon Ring","Old Coin","Incense Burner","Bronze Scales","Anchor","Pantograph","downfall:HeartBlessingRed","downfall:HeartBlessingGreen","downfall:HeartBlessingBlue","Iron Hammer","Replay:Mystery Machine","Bottled Lightning"],"acts_visited":["Exordium","TheCity","TheBeyond","TheEnding"],"potions_floor_usage":[8,11,14,16,26,26,26,30,36,36,42,49,56,56,56],"damage_taken":[{"damage":1,"enemies":"Cultist","floor":2,"turns":4},{"damage":6,"enemies":"Jaw Worm","floor":3,"turns":4},{"damage":1,"enemies":"2 Louse","floor":5,"turns":2},{"damage":58,"enemies":"3 Sentries","floor":8,"turns":7},{"damage":7,"enemies":"downfall:FleeingMerchant","floor":9,"turns":4},{"damage":1,"enemies":"Lagavulin","floor":11,"turns":7},{"damage":7,"enemies":"Red Slaver","floor":13,"turns":2},{"damage":1,"enemies":"downfall:FleeingMerchant","floor":14,"turns":4},{"damage":10,"enemies":"3 Louse","floor":15,"turns":2},{"damage":31,"enemies":"DF_ARCHETYPE_STREAMLINE","floor":16,"turns":12},{"damage":0,"enemies":"Spheric Guardian","floor":19,"turns":5},{"damage":6,"enemies":"Chosen","floor":20,"turns":4},{"damage":40,"enemies":"Shelled Parasite and Fungi","floor":21,"turns":7},{"damage":20,"enemies":"downfall:FleeingMerchant","floor":22,"turns":4},{"damage":0,"enemies":"Gremlin Leader","floor":23,"turns":5},{"damage":3,"enemies":"Book of Stabbing","floor":26,"turns":3},{"damage":30,"enemies":"Sentry and Sphere","floor":27,"turns":5},{"damage":12,"enemies":"downfall:FleeingMerchant","floor":30,"turns":4},{"damage":0,"enemies":"Cultist and Chosen","floor":31,"turns":4},{"damage":0,"enemies":"Snecko","floor":32,"turns":4},{"damage":0,"enemies":"WA_ARCHETYPE_CALM","floor":33,"turns":3},{"damage":5,"enemies":"3 Darklings","floor":36,"turns":5},{"damage":0,"enemies":"3 Shapes","floor":37,"turns":4},{"damage":39,"enemies":"Nemesis","floor":40,"turns":5},{"damage":0,"enemies":"Writhing Mass","floor":42,"turns":6},{"damage":0,"enemies":"Reptomancer","floor":43,"turns":3},{"damage":1,"enemies":"3 Darklings","floor":44,"turns":4},{"damage":0,"enemies":"Giant Head","floor":47,"turns":3},{"damage":0,"enemies":"Maw","floor":48,"turns":6},{"damage":15,"enemies":"Spire Growth","floor":49,"turns":3},{"damage":64,"enemies":"IC_BLOCK_ARCHETYPE","floor":50,"turns":7},{"damage":66,"enemies":"downfall:CharBossMerchant","floor":52,"turns":8},{"damage":11,"enemies":"downfall:NeowBoss","floor":55,"turns":10},{"damage":33,"enemies":"downfall:NeowBossFinal","floor":56,"turns":10}],"seed_played":"-5962233116014105806","potions_obtained":[{"floor":5,"key":"BlessingOfTheForge"},{"floor":8,"key":"Milkshake"},{"floor":11,"key":"Block Potion"},{"floor":13,"key":"AttackPotion"},{"floor":15,"key":"Energy Potion"},{"floor":20,"key":"LiquidMemories"},{"floor":23,"key":"SkillPotion"},{"floor":27,"key":"DistilledChaos"},{"floor":32,"key":"ColorlessPotion"},{"floor":36,"key":"Fruit Juice"},{"floor":39,"key":"downfall:CursedFountainPotion"},{"floor":40,"key":"Swift Potion"},{"floor":43,"key":"Strength Potion"},{"floor":47,"key":"AttackPotion"},{"floor":52,"key":"BlessingOfTheForge"}],"is_trial":false,"path_per_floor":["R","M","M","?","M","R","T","E","$","R","E","R","M","$","M","B",null,"R","M","M","M","$","E","T","?","E","M","?","R","$","M","M","B",null,"R","M","M","T","?","E","T","M","E","M","R","$","E","M","M","B",null,"E","$","R","B","B",null],"character_chosen":"SLIMEBOUND","items_purchased":["Slimebound:SplitSpecialist","ReplayTheSpireMod:CursedCoin","PreservedInsect","Slimebound:LeadByExample","Slimebound:LeadByExample","Slimebound:Repurpose","Orrery","Slimebound:GrowthPunch","expansioncontent:GuardianWhirl","Slimebound:LeadByExample","Bottled Lightning"],"campfire_rested":2,"item_purchase_floors":[9,14,14,22,30,30,30,30,30,46,53],"current_hp_per_floor":[47,50,54,54,63,63,63,9,4,28,33,57,54,59,59,36,89,89,93,93,65,53,61,61,61,62,44,44,44,40,48,54,66,105,105,112,116,116,116,83,83,91,99,110,120,120,128,130,117,70,130,70,70,109,119,101],"gold":48,"neow_bonus":"THREE_RARE_CARDS","is_daily":false,"chose_seed":false,"campfire_upgraded":3,"win_rate":0.0,"timestamp":1613187137,"path_taken":["R","M","?","?","M","R","T","E","$","R","E","R","M","$","M","BOSS","R","M","M","M","$","E","T","?","E","M","?","R","$","M","M","BOSS","R","M","M","?","?","E","T","M","E","M","R","$","E","?","M","BOSS","E","$","R","BOSS","BOSS"],"items_purchased_type":["Card","Relic","Relic","Card","Card","Card","Relic","Card","Card","Card","Relic"],"build_version":"2020-12-22","purchased_purges":4,"victory":true,"max_hp_per_floor":[65,69,73,73,81,81,81,81,81,81,81,81,81,81,89,89,89,89,93,93,97,97,97,97,97,97,101,101,101,101,101,101,105,105,105,112,116,116,116,116,116,116,116,120,130,130,130,130,130,130,130,130,130,130,130,130],"card_choices":[{"not_picked":["Slimebound:WasteNot","Slimebound:MinionMaster"],"picked":"Slimebound:MassFeed","floor":0},{"not_picked":["Slimebound:SamplingLick","Slimebound:RejuvenatingLick"],"picked":"Slimebound:Replication","floor":2},{"not_picked":["Slimebound:TongueLash","Slimebound:SplitMire"],"picked":"Slimebound:Nibble","floor":3},{"not_picked":["Slimebound:FinishingTackle","Slimebound:SplitBruiser"],"picked":"Slimebound:TongueLash","floor":5},{"not_picked":["Slimebound:LevelUp","Slimebound:Overexert"],"picked":"Slimebound:RollThrough","floor":8},{"not_picked":["Slimebound:Equalize","Slimebound:LeechingTouch"],"picked":"Slimebound:DisruptingSlam","floor":9},{"not_picked":["Slimebound:SplitAcid","Slimebound:ComboTackle"],"picked":"Slimebound:SplitSpecialist","floor":11},{"not_picked":["Slimebound:SplitLeeching","Slimebound:PressTheAttack","Slimebound:LeechingTouch"],"picked":"Slimebound:GoopSpray","floor":13},{"not_picked":["Slimebound:ItLooksTasty","Slimebound:LivingWall","Slimebound:SplitBruiser","Slimebound:SplitMire"],"picked":"SKIP","floor":14},{"not_picked":["Slimebound:SplitAcid","Slimebound:LeechingTouch","Slimebound:Schlurp"],"picked":"Slimebound:WasteNot","floor":15},{"not_picked":["Slimebound:DouseInSlime","Slimebound:WasteNot","Slimebound:PrepareCrush"],"picked":"Slimebound:RallyTheTroops","floor":16},{"not_picked":["Slimebound:LivingWall","Slimebound:SplitMire","Slimebound:ComboTackle"],"picked":"Slimebound:LevelUp","floor":19},{"not_picked":["Slimebound:LeechingTouch","Slimebound:GoopTackle","Slimebound:ProtectTheBoss"],"picked":"Slimebound:GoopSpray","floor":20},{"not_picked":["Slimebound:ItLooksTasty+1","Slimebound:ComboTackle+1","Slimebound:SplitBruiser"],"picked":"Slimebound:SlimeBarrage","floor":21},{"not_picked":["Slimebound:DisruptingSlam+1","Slimebound:SplitAcid","Slimebound:Prepare"],"picked":"Slimebound:Nibble","floor":22},{"not_picked":["Slimebound:FlameTackle","Slimebound:ItLooksTasty","Slimebound:CheckThePlaybook"],"picked":"Slimebound:SplitSpecialist+1","floor":23},{"not_picked":["Slimebound:TongueLash","Slimebound:SlimeSpikes","Slimebound:RollThrough"],"picked":"Slimebound:LevelUp+1","floor":26},{"not_picked":["Slimebound:SplitMire","Slimebound:FinishingTackle","Slimebound:Chomp"],"picked":"Slimebound:MegaLick+1","floor":27},{"not_picked":["Slimebound:SlimeTap","Slimebound:LeechEnergy+1","Slimebound:SlimeSpikes"],"picked":"Slimebound:SpikyOuterGoop+1","floor":30},{"not_picked":["Slimebound:Schlurp","Slimebound:SplitBruiser","Slimebound:SplitLeeching"],"picked":"Slimebound:DouseInSlime","floor":30},{"not_picked":["Slimebound:SlimeSpikes","Slimebound:Schlurp","Slimebound:LivingWall+1"],"picked":"Slimebound:Repurpose","floor":30},{"not_picked":["Slimebound:GoopTackle","Slimebound:GoopSpray+1","Slimebound:LivingWall+1"],"picked":"Slimebound:FirmFortitude","floor":30},{"not_picked":["Slimebound:ComboTackle","Slimebound:RejuvenatingLick","Slimebound:HauntingLick"],"picked":"Slimebound:SamplingLick+1","floor":30},{"not_picked":["Slimebound:SplitLeeching","Slimebound:SplitBruiser+1","Slimebound:ServeAndProtect"],"picked":"Slimebound:Prepare","floor":30},{"not_picked":["Slimebound:SlimeSpikes","Slimebound:SamplingLick","Slimebound:SplitAcid+1"],"picked":"Slimebound:HauntingLick+1","floor":31},{"not_picked":["Slimebound:GoopSpray","Slimebound:SplitMire+1","Slimebound:Equalize+1"],"picked":"Slimebound:RallyTheTroops","floor":32},{"not_picked":["Slimebound:Overexert","Slimebound:RallyTheTroops","Slimebound:OozeBath"],"picked":"Slimebound:SelfFormingGoo","floor":33},{"not_picked":["Decay","ReplayTheSpireMod:Restless Dread","downfall:Bewildered"],"picked":"Clumsy","floor":34},{"not_picked":["Normality","Decay","CurseOfTheBell"],"picked":"Injury","floor":34},{"not_picked":["ReplayTheSpireMod:Splinters","downfall:Bewildered","Hallucinations"],"picked":"ReplayTheSpireMod:IOU","floor":34},{"not_picked":["Slimebound:SplitLeeching","Slimebound:FlameTackle+1","Slimebound:SplitAcid+1"],"picked":"Slimebound:Nibble","floor":36},{"not_picked":["Slimebound:ProtectTheBoss","Slimebound:BestDefense","Slimebound:LeechEnergy+1"],"picked":"Slimebound:SamplingLick+1","floor":37},{"not_picked":["Slimebound:ComboTackle","Slimebound:LeechingTouch+1","Slimebound:PressTheAttack"],"picked":"Slimebound:LevelUp","floor":40},{"not_picked":["Slimebound:PressTheAttack","Slimebound:DivideAndConquer+1","Slimebound:DisruptingSlam+1","Slimebound:SlimeSpikes"],"picked":"SKIP","floor":42},{"not_picked":["Slimebound:HauntingLick+1","Slimebound:FlameTackle+1","Slimebound:ItLooksTasty+1"],"picked":"Slimebound:Replication+1","floor":43},{"not_picked":["Slimebound:BestDefense+1","Slimebound:ServeAndProtect+1","Slimebound:SlimeTap","Slimebound:Chomp+1"],"picked":"SKIP","floor":44},{"not_picked":["Slimebound:SplitBruiser+1","Slimebound:FormOfPuddle+1","Slimebound:ViciousTackle+1"],"picked":"Slimebound:PrepareCrush","floor":47},{"not_picked":["Slimebound:ForwardTackle","Slimebound:SplitAcid","Slimebound:AcidTongue"],"picked":"Slimebound:MegaLick+1","floor":48},{"not_picked":["Slimebound:GoopTackle+1","Slimebound:PressTheAttack","Slimebound:SplitLeeching+1"],"picked":"Slimebound:LeechEnergy+1","floor":49},{"not_picked":["Slimebound:SplitBruiser+1","Slimebound:SlimeBrawl+1","Slimebound:LeechEnergy+1"],"picked":"Slimebound:Replication+1","floor":52}],"player_experience":590914,"relics_obtained":[{"floor":8,"key":"Happy Flower"},{"floor":11,"key":"Question Card"},{"floor":23,"key":"Replay:Multitool"},{"floor":24,"key":"Quantum Egg"},{"floor":26,"key":"Oddly Smooth Stone"},{"floor":38,"key":"Incense Burner"},{"floor":40,"key":"Bronze Scales"},{"floor":41,"key":"Anchor"},{"floor":43,"key":"Pantograph"},{"floor":45,"key":"Iron Hammer"},{"floor":52,"key":"Replay:Mystery Machine"}],"event_choices":[{"damage_healed":0,"gold_gain":0,"player_choice":"Box","damage_taken":0,"relics_obtained":["Mummified Hand"],"max_hp_gain":0,"max_hp_loss":0,"event_name":"Big Fish","floor":4,"gold_loss":0,"cards_obtained":["Regret"]},{"damage_healed":0,"gold_gain":0,"player_choice":"Stole Relic","damage_taken":0,"relics_obtained":["Bag of Preparation"],"max_hp_gain":0,"max_hp_loss":0,"event_name":"Addict","floor":25,"gold_loss":0,"cards_obtained":["Pride"]},{"damage_healed":0,"gold_gain":0,"player_choice":"Forge","damage_taken":0,"max_hp_gain":0,"max_hp_loss":0,"event_name":"Accursed Blacksmith","floor":28,"gold_loss":0,"cards_upgraded":["Slimebound:LeadByExample"]}],"is_beta":false,"boss_relics":[{"not_picked":["Ring of Chaos","Cursed Key"],"picked":"SlaversCollar"},{"not_picked":["ReplayTheSpireMod:DimensionalGlitch","Snecko Eye"],"picked":"Replay:Ancient Bell"},{"not_picked":["Tiny Chest","Bag of Marbles"],"picked":"Smiling Mask"},{"not_picked":["Mirror","Gremlin Horn"],"picked":"Chameleon Ring"},{"not_picked":["Ice Cream","FossilizedHelix"],"picked":"Old Coin"}],"items_purged_floors":[9,14,30,46],"is_endless":false,"potions_floor_spawned":[5,8,11,13,15,20,23,27,32,36,40,43,47,48,52],"ascension_level":1}}