{"host":"syozzdlzcqop4jia","time":1613251786,"event":{"mods":["AchievementEnabler","BaseMod","Colored Map","Colored Powertips","Minty Spire (QoL Compilation)","Quick Restart"],"gold_per_floor":[114,124,140,150,167,167,179,21,47,66,97,19,53,71,71,175,175,175,175,175,175,79,79,79,79,79,79,79,79,79,79,79,79,79,79,79,10,10,10,10,10,10,10,10,10,10,10,10,10,10,10],"floor_reached":50,"language":"ENG","playtime":2779,"items_purged":["Feel No Pain"],"score":509,"play_id":"aef50865-8218-4a62-b7f6-63313c732812","local_time":"20210213222946","is_ascension_mode":false,"campfire_choices":[{"floor":15,"key":"RECALL"},{"data":"Heavy Blade","floor":23,"key":"SMITH"},{"floor":29,"key":"REST"},{"floor":32,"key":"REST"},{"floor":40,"key":"REST"},{"floor":42,"key":"REST"},{"floor":45,"key":"REST"},{"floor":49,"key":"REST"}],"circlet_count":0,"master_deck":["Strike_R","Strike_R","Strike_R","Strike_R","Strike_R","Defend_R","Defend_R","Defend_R","Defend_R","Bash","Heavy Blade","Perfected Strike","Flex","Pummel","Twin Strike","Impervious","Inflame","Swift Strike","Inflame","Spot Weakness","Anger","Shrug It Off","Flex","Demon Form","Anger","Battle Trance","Shrug It Off","Inflame","Heavy Blade+1","Reckless Charge","Immolate","Rage+1","Wild Strike","Reckless Charge+1","Anger","Demon Form","Rage+1","Carnage","Carnage+1","Limit Break","Thunderclap+1","Flame Barrier+1"],"relics":["Burning Blood","White Beast Statue","Tiny Chest","Ectoplasm","PreservedInsect","Letter Opener","Potion Belt","Velvet Choker","Smiling Mask","Meat on the Bone"],"acts_visited":["Exordium","TheCity","TheBeyond"],"potions_floor_usage":[13,19,21,24,28,28,31,31,33,39,39,41,50,50],"damage_taken":[{"damage":1,"enemies":"2 Louse","floor":1,"turns":3},{"damage":6,"enemies":"Cultist","floor":2,"turns":3},{"damage":5,"enemies":"Small Slimes","floor":3,"turns":3},{"damage":15,"enemies":"Red Slaver","floor":4,"turns":4},{"damage":7,"enemies":"Exordium Thugs","floor":5,"turns":5},{"damage":2,"enemies":"3 Louse","floor":7,"turns":4},{"damage":6,"enemies":"Large Slime","floor":10,"turns":5},{"damage":18,"enemies":"Gremlin Nob","floor":11,"turns":3},{"damage":18,"enemies":"3 Sentries","floor":13,"turns":4},{"damage":13,"enemies":"Gremlin Gang","floor":14,"turns":3},{"damage":31,"enemies":"Hexaghost","floor":16,"turns":8},{"damage":10,"enemies":"Shell Parasite","floor":18,"turns":3},{"damage":12,"enemies":"Spheric Guardian","floor":19,"turns":4},{"damage":6,"enemies":"Chosen and Byrds","floor":21,"turns":5},{"damage":24,"enemies":"Snake Plant","floor":24,"turns":3},{"damage":19,"enemies":"Cultist and Chosen","floor":25,"turns":6},{"damage":13,"enemies":"Centurion and Healer","floor":27,"turns":3},{"damage":13,"enemies":"Gremlin Leader","floor":28,"turns":3},{"damage":0,"enemies":"Chosen and Byrds","floor":30,"turns":5},{"damage":27,"enemies":"Cultist and Chosen","floor":31,"turns":5},{"damage":54,"enemies":"Automaton","floor":33,"turns":8},{"damage":40,"enemies":"3 Darklings","floor":35,"turns":4},{"damage":9,"enemies":"3 Shapes","floor":38,"turns":3},{"damage":69,"enemies":"Spire Growth","floor":39,"turns":5},{"damage":53,"enemies":"3 Darklings","floor":41,"turns":5},{"damage":11,"enemies":"Jaw Worm Horde","floor":46,"turns":3},{"damage":17,"enemies":"Spire Growth","floor":47,"turns":4},{"damage":112,"enemies":"Awakened One","floor":50,"turns":8}],"seed_played":"8892658892049630216","potions_obtained":[{"floor":4,"key":"SneckoOil"},{"floor":5,"key":"Explosive Potion"},{"floor":10,"key":"DuplicationPotion"},{"floor":13,"key":"EssenceOfSteel"},{"floor":16,"key":"PowerPotion"},{"floor":18,"key":"Fire Potion"},{"floor":19,"key":"SkillPotion"},{"floor":21,"key":"FairyPotion"},{"floor":24,"key":"AttackPotion"},{"floor":28,"key":"Dexterity Potion"},{"floor":30,"key":"LiquidMemories"},{"floor":31,"key":"Fruit Juice"},{"floor":33,"key":"DuplicationPotion"},{"floor":35,"key":"SkillPotion"},{"floor":38,"key":"Regen Potion"},{"floor":39,"key":"Strength Potion"},{"floor":41,"key":"Weak Potion"},{"floor":46,"key":"Energy Potion"},{"floor":47,"key":"Ancient Potion"}],"is_trial":false,"path_per_floor":["M","M","M","M","M","?","M","$","T","M","E","$","E","M","R","B",null,"M","M","?","M","$","R","M","M","T","M","E","R","M","M","R","B",null,"M","?","$","M","M","R","M","R","T","T","R","M","M","$","R","B"],"character_chosen":"IRONCLAD","items_purchased":["Swift Strike","Anger","Shrug It Off","Inflame","Heavy Blade","Carnage"],"campfire_rested":6,"item_purchase_floors":[8,12,12,22,22,37],"current_hp_per_floor":[88,88,88,79,78,78,82,82,82,82,70,70,58,51,51,26,88,84,78,78,78,78,78,60,47,47,40,33,59,65,49,76,28,93,59,59,59,56,33,60,13,40,40,40,67,62,63,63,90,0,0],"gold":10,"neow_bonus":"TEN_PERCENT_HP_BONUS","is_daily":false,"chose_seed":false,"campfire_upgraded":1,"win_rate":0.0,"timestamp":1613251786,"path_taken":["M","M","M","M","M","?","M","$","T","?","E","$","E","M","R","BOSS","M","M","?","M","$","R","M","M","T","M","E","R","M","M","R","BOSS","M","?","$","M","?","R","M","R","T","?","R","M","M","?","R","BOSS"],"items_purchased_type":["Card","Card","Card","Card","Card","Card"],"build_version":"2020-12-22","purchased_purges":1,"victory":false,"max_hp_per_floor":[88,88,88,88,88,88,88,88,88,88,88,88,88,88,88,88,88,88,88,88,88,88,88,88,88,88,88,88,88,88,93,93,93,93,93,93,93,93,93,93,93,93,93,93,93,93,93,93,93,93,93],"card_choices":[{"not_picked":["Wild Strike","Clash"],"picked":"Heavy Blade","floor":1},{"not_picked":["Ghostly Armor","Seeing Red"],"picked":"Perfected Strike","floor":2},{"not_picked":["Flame Barrier","Rupture"],"picked":"Flex","floor":3},{"not_picked":["Disarm","Perfected Strike"],"picked":"Pummel","floor":4},{"not_picked":["Metallicize","Iron Wave"],"picked":"Twin Strike","floor":5},{"not_picked":["Anger","Havoc"],"picked":"Inflame","floor":7},{"not_picked":["Power Through","Havoc"],"picked":"Inflame","floor":10},{"not_picked":["Clothesline","Reaper"],"picked":"Spot Weakness","floor":11},{"not_picked":["Dual Wield","Rupture","Feel No Pain"],"picked":"SKIP","floor":13},{"not_picked":["Iron Wave","Wild Strike"],"picked":"Flex","floor":14},{"not_picked":["Exhume","Impervious"],"picked":"Demon Form","floor":16},{"not_picked":["Bloodletting","Shrug It Off"],"picked":"Anger","floor":18},{"not_picked":["Hemokinesis","Clothesline"],"picked":"Battle Trance","floor":19},{"not_picked":["Clash","Reckless Charge"],"picked":"Shrug It Off","floor":21},{"not_picked":["Whirlwind+1","Metallicize"],"picked":"Reckless Charge","floor":24},{"not_picked":["Twin Strike","Wild Strike+1"],"picked":"Immolate","floor":25},{"not_picked":["Rupture+1","Flex"],"picked":"Rage+1","floor":27},{"not_picked":["Perfected Strike","Havoc"],"picked":"Wild Strike","floor":28},{"not_picked":["Whirlwind","Sentinel"],"picked":"Reckless Charge+1","floor":30},{"not_picked":["Ghostly Armor","Twin Strike"],"picked":"Anger","floor":31},{"not_picked":["Corruption","Impervious"],"picked":"Demon Form","floor":33},{"not_picked":["Cleave","Warcry"],"picked":"Rage+1","floor":35},{"not_picked":["Armaments","Clash+1","Thunderclap"],"picked":"SKIP","floor":38},{"not_picked":["Shrug It Off+1","Dropkick"],"picked":"Carnage+1","floor":39},{"not_picked":["Flex+1","Havoc+1"],"picked":"Limit Break","floor":41},{"not_picked":["Evolve+1","Sever Soul"],"picked":"Thunderclap+1","floor":46},{"not_picked":["Pommel Strike+1","Iron Wave+1"],"picked":"Flame Barrier+1","floor":47}],"player_experience":717110,"relics_obtained":[{"floor":11,"key":"White Beast Statue"},{"floor":13,"key":"Tiny Chest"},{"floor":26,"key":"Letter Opener"},{"floor":28,"key":"Potion Belt"},{"floor":43,"key":"Smiling Mask"},{"floor":44,"key":"Meat on the Bone"}],"event_choices":[{"damage_healed":0,"gold_gain":0,"player_choice":"2 cards matched","damage_taken":0,"max_hp_gain":0,"max_hp_loss":0,"event_name":"Match and Keep!","floor":6,"gold_loss":0,"cards_obtained":["Feel No Pain","Impervious"]},{"damage_healed":0,"gold_gain":0,"player_choice":"Opened","damage_taken":0,"relics_obtained":["PreservedInsect"],"max_hp_gain":0,"max_hp_loss":0,"event_name":"The Mausoleum","floor":20,"gold_loss":0},{"damage_healed":0,"gold_gain":0,"player_choice":"Ignored","damage_taken":0,"max_hp_gain":0,"max_hp_loss":0,"event_name":"SecretPortal","floor":36,"gold_loss":0}],"is_beta":false,"boss_relics":[{"not_picked":["Busted Crown","Black Star"],"picked":"Ectoplasm"},{"not_picked":["Tiny House","Snecko Eye"],"picked":"Velvet Choker"}],"items_purged_floors":[8],"is_endless":false,"potions_floor_spawned":[4,5,10,11,13,14,16,18,19,21,24,25,27,28,30,31,33,35,38,39,41,46,47],"killed_by":"Awakened One","ascension_level":0}}