{"host":"swavyr4ofmkhu42f","time":1613227403,"event":{"mods":["BaseMod","Colored Map","Minty Spire (QoL Compilation)","StSLib"],"gold_per_floor":[118,138,149,149,74,74,109,121,121,136,163,175,186,199,199,301,301,321,321,333,233,243,243,262,288,370,370,370],"floor_reached":27,"language":"ENG","playtime":933,"items_purged":["Defend_R","Defend_R"],"score":314,"play_id":"785a0293-68d0-42d1-98a7-ca3975d36407","local_time":"20210213094323","is_ascension_mode":true,"campfire_choices":[{"data":"Flex","floor":6.0,"key":"SMITH"},{"data":"Whirlwind","floor":15.0,"key":"SMITH"},{"data":"Whirlwind","floor":23.0,"key":"SMITH"}],"circlet_count":0,"master_deck":["Defend_R","Defend_R","Bash","Flex+1","Cleave","Seeing Red+1","Whirlwind+1","Ghostly Armor+1","Double Tap+1","Bite","Bite","Bite","Bite","Bite","Whirlwind+1"],"relics":["Burning Blood","Lizard Tail","Toxic Egg 2","Matryoshka","Busted Crown","White Beast Statue","Regal Pillow","Eternal Feather"],"acts_visited":["Exordium","TheCity"],"potions_floor_usage":[27],"damage_taken":[{"damage":6.0,"enemies":"Cultist","floor":1.0,"turns":3.0},{"damage":4.0,"enemies":"2 Louse","floor":2.0,"turns":3.0},{"damage":7.0,"enemies":"Jaw Worm","floor":3.0,"turns":3.0},{"damage":0.0,"enemies":"Exordium Thugs","floor":4.0,"turns":1.0},{"damage":60.0,"enemies":"3 Sentries","floor":7.0,"turns":9.0},{"damage":27.0,"enemies":"2 Fungi Beasts","floor":8.0,"turns":4.0},{"damage":0.0,"enemies":"Lots of Slimes","floor":10.0,"turns":3.0},{"damage":20.0,"enemies":"Lagavulin","floor":11.0,"turns":5.0},{"damage":23.0,"enemies":"Red Slaver","floor":12.0,"turns":4.0},{"damage":0.0,"enemies":"Large Slime","floor":13.0,"turns":4.0},{"damage":1.0,"enemies":"2 Fungi Beasts","floor":14.0,"turns":2.0},{"damage":13.0,"enemies":"Hexaghost","floor":16.0,"turns":8.0},{"damage":1.0,"enemies":"Shell Parasite","floor":18.0,"turns":2.0},{"damage":15.0,"enemies":"Chosen","floor":20.0,"turns":5.0},{"damage":23.0,"enemies":"Centurion and Healer","floor":22.0,"turns":4.0},{"damage":23.0,"enemies":"Snecko","floor":24.0,"turns":4.0},{"damage":30.0,"enemies":"Gremlin Leader","floor":25.0,"turns":4.0},{"damage":37,"enemies":"Book of Stabbing","floor":27,"turns":4}],"seed_played":"-3608520397233942762","potions_obtained":[{"floor":0.0,"key":"SmokeBomb"},{"floor":0.0,"key":"LiquidBronze"},{"floor":0.0,"key":"ElixirPotion"},{"floor":8.0,"key":"Block Potion"},{"floor":10.0,"key":"SpeedPotion"},{"floor":13.0,"key":"PowerPotion"},{"floor":18.0,"key":"LiquidMemories"},{"floor":22.0,"key":"Dexterity Potion"}],"is_trial":false,"path_per_floor":["M","M","M","M","$","R","E","M","T","M","E","M","M","M","R","B",null,"M","?","M","$","M","R","M","E","T","E"],"character_chosen":"IRONCLAD","items_purchased":[],"campfire_rested":0,"item_purchase_floors":[],"current_hp_per_floor":[80,80,79,80,80,80,26,46,46,52,38,21,27,32,32,25,80,80,56,54,54,53,53,43,33,33,8,8],"gold":370,"neow_bonus":"THREE_SMALL_POTIONS","is_daily":false,"chose_seed":false,"campfire_upgraded":3,"win_rate":0.0,"timestamp":1613227403,"path_taken":["M","M","M","M","?","R","E","M","T","M","E","?","M","M","R","BOSS","M","?","M","$","M","R","M","E","T","E"],"items_purchased_type":[],"build_version":"2020-12-22","purchased_purges":2,"victory":false,"max_hp_per_floor":[80,80,80,80,80,80,80,80,80,80,80,80,80,80,80,80,80,80,56,56,56,56,56,56,56,56,56,56],"card_choices":[{"not_picked":["Disarm","Anger","Headbutt"],"picked":"SKIP","floor":1.0},{"not_picked":["Pommel Strike","Inflame"],"picked":"Flex","floor":2.0},{"not_picked":["Sever Soul","Metallicize","Shockwave"],"picked":"SKIP","floor":3.0},{"not_picked":["Rampage","Pommel Strike","Dark Embrace"],"picked":"SKIP","floor":7.0},{"not_picked":["Pommel Strike","Cleave","Twin Strike"],"picked":"SKIP","floor":8.0},{"not_picked":["Pommel Strike","Twin Strike"],"picked":"Cleave","floor":8.0},{"not_picked":["Clothesline","Wild Strike"],"picked":"Seeing Red+1","floor":10.0},{"not_picked":["Shrug It Off+1","Disarm+1"],"picked":"Whirlwind","floor":11.0},{"not_picked":["Anger","Wild Strike","True Grit+1"],"picked":"SKIP","floor":12.0},{"not_picked":["Heavy Blade","Carnage","Anger"],"picked":"SKIP","floor":13.0},{"not_picked":["Rupture","Headbutt"],"picked":"Ghostly Armor+1","floor":14.0},{"not_picked":["Corruption","Berserk"],"picked":"Double Tap+1","floor":16.0},{"not_picked":["Searing Blow"],"picked":"SKIP","floor":18.0},{"not_picked":["Wild Strike"],"picked":"SKIP","floor":20.0},{"not_picked":[],"picked":"Whirlwind","floor":22.0},{"not_picked":["Uppercut"],"picked":"SKIP","floor":24.0},{"not_picked":["Reckless Charge+1"],"picked":"SKIP","floor":25.0}],"player_experience":210788,"relics_obtained":[{"floor":7.0,"key":"Lizard Tail"},{"floor":9.0,"key":"Toxic Egg 2"},{"floor":11.0,"key":"Matryoshka"},{"floor":25.0,"key":"White Beast Statue"},{"floor":26.0,"key":"Regal Pillow"},{"floor":26.0,"key":"Eternal Feather"}],"event_choices":[{"damage_healed":0.0,"max_hp_gain":0.0,"max_hp_loss":24.0,"gold_gain":0.0,"event_name":"Vampires","player_choice":"Became a vampire","floor":19.0,"gold_loss":0.0,"damage_taken":0.0,"cards_obtained":["Bite","Bite","Bite","Bite","Bite"]}],"is_beta":false,"boss_relics":[{"not_picked":["Runic Cube","Ectoplasm"],"picked":"Busted Crown"}],"items_purged_floors":[5,21],"is_endless":false,"potions_floor_spawned":[1,4,8,10,13,18,22],"killed_by":"Book of Stabbing","ascension_level":3}}