{"host":"qrt7o4dq2qslzw13","time":1613250088,"event":{"mods":["AchievementEnabler","BaseMod","Colored Map","Colored Powertips","Minty Spire (QoL Compilation)","Quick Restart","StSLib","SuperFastMode"],"gold_per_floor":[115,40,40,40,59,59,93,108,133,145,145,160,160,189,189,267,267,278,278,278,278,293,293,322,322,369,30,43,59,59,0,0,78,128,143,153,153,153,173,173,173,173],"floor_reached":41,"language":"ENG","playtime":911,"items_purged":[],"score":938,"play_id":"c01530d4-4569-42b0-ba65-fb1fe2b9f83b","local_time":"20210213160128","is_ascension_mode":true,"campfire_choices":[{"data":"Metamorphosis","floor":6.0,"key":"SMITH"},{"floor":13.0,"key":"REST"},{"floor":15.0,"key":"REST"},{"data":"Feel No Pain","floor":23.0,"key":"SMITH"},{"data":"Immolate","floor":25.0,"key":"SMITH"},{"data":"Entrench","floor":32.0,"key":"SMITH"},{"data":"Barricade","floor":40.0,"key":"SMITH"}],"circlet_count":0,"master_deck":["AscendersBane","Strike_R","Strike_R","Strike_R","Strike_R","Strike_R","Defend_R","Defend_R","Defend_R","Defend_R","Bash","Metamorphosis+1","Feel No Pain+1","Corruption+1","Intimidate+1","Dual Wield","Shockwave","Flame Barrier","Inflame","Immolate+1","Havoc","Necronomicurse","Ghostly","Ghostly","Ghostly","Dark Embrace","Armaments+1","Barricade+1","Entrench+1","Parasite"],"relics":["Burning Blood","Art of War","Toy Ornithopter","Tiny Chest","Bag of Marbles","Mark of Pain","Necronomicon","Vajra","HornCleat","Lantern","OrangePellets","Tiny House","Meat on the Bone"],"acts_visited":["Exordium","TheCity","TheBeyond"],"potions_floor_usage":[41,41],"damage_taken":[{"damage":19.0,"enemies":"Jaw Worm","floor":1.0,"turns":4.0},{"damage":9.0,"enemies":"Small Slimes","floor":5.0,"turns":3.0},{"damage":20.0,"enemies":"Lagavulin","floor":7.0,"turns":6.0},{"damage":3.0,"enemies":"2 Louse","floor":8.0,"turns":2.0},{"damage":14.0,"enemies":"Red Slaver","floor":10.0,"turns":3.0},{"damage":14.0,"enemies":"3 Louse","floor":12.0,"turns":4.0},{"damage":12.0,"enemies":"3 Sentries","floor":14.0,"turns":10.0},{"damage":28.0,"enemies":"The Guardian","floor":16.0,"turns":7.0},{"damage":12.0,"enemies":"Chosen","floor":18.0,"turns":5.0},{"damage":3.0,"enemies":"Shell Parasite","floor":22.0,"turns":5.0},{"damage":10.0,"enemies":"Slavers","floor":24.0,"turns":4.0},{"damage":0.0,"enemies":"3 Cultists","floor":28.0,"turns":5.0},{"damage":0.0,"enemies":"Sentry and Sphere","floor":29.0,"turns":4.0},{"damage":0.0,"enemies":"Collector","floor":33.0,"turns":8.0},{"damage":6.0,"enemies":"3 Shapes","floor":35.0,"turns":6.0},{"damage":0.0,"enemies":"3 Darklings","floor":36.0,"turns":5.0},{"damage":0.0,"enemies":"Writhing Mass","floor":39.0,"turns":5.0},{"damage":44,"enemies":"Transient","floor":41,"turns":5}],"seed_played":"7159974333729793656","potions_obtained":[{"floor":1.0,"key":"DuplicationPotion"},{"floor":10.0,"key":"Energy Potion"},{"floor":14.0,"key":"SkillPotion"},{"floor":16.0,"key":"EntropicBrew"},{"floor":22.0,"key":"SpeedPotion"},{"floor":28.0,"key":"EssenceOfSteel"},{"floor":33.0,"key":"PowerPotion"}],"is_trial":false,"path_per_floor":["M","?","?","?","M","R","E","M","T","M","?","M","R","E","R","B",null,"M","?","?","T","M","R","E","R","T","$","M","M","?","?","R","B",null,"M","M","$","T","M","R","M"],"character_chosen":"IRONCLAD","items_purchased":["OrangePellets","Barricade"],"campfire_rested":2,"item_purchase_floors":[27,27],"current_hp_per_floor":[55,55,44,44,41,41,27,30,30,22,22,19,41,35,57,40,66,69,48,37,37,37,37,33,33,33,33,37,37,37,37,37,37,42,42,42,42,42,42,42,0,0],"gold":173,"neow_bonus":"RANDOM_COLORLESS_2","is_daily":false,"chose_seed":false,"campfire_upgraded":5,"win_rate":0.0,"timestamp":1613250088,"path_taken":["M","?","?","?","M","R","E","?","T","M","?","M","R","E","R","BOSS","M","?","?","?","?","R","E","R","T","$","M","M","?","?","R","BOSS","M","M","$","?","M","R","M"],"items_purchased_type":["Relic","Card"],"build_version":"2020-12-22","purchased_purges":0,"victory":false,"max_hp_per_floor":[75,75,75,75,75,75,75,75,75,75,75,75,75,75,75,75,75,75,75,37,37,37,37,37,37,37,37,37,37,37,37,37,37,42,42,42,42,42,42,42,42,42],"card_choices":[{"not_picked":["Mayhem","Master of Strategy"],"picked":"Metamorphosis","floor":0.0},{"not_picked":["Flex","Iron Wave"],"picked":"Feel No Pain","floor":1.0},{"not_picked":["Perfected Strike","Twin Strike"],"picked":"Intimidate","floor":5.0},{"not_picked":["Hemokinesis","Dropkick"],"picked":"Dual Wield","floor":7.0},{"not_picked":["Thunderclap","Clothesline"],"picked":"Shockwave","floor":8.0},{"not_picked":["Cleave","Dual Wield"],"picked":"Flame Barrier","floor":10.0},{"not_picked":["Clash","Body Slam","Iron Wave"],"picked":"SKIP","floor":12.0},{"not_picked":["Headbutt","Metallicize"],"picked":"Inflame","floor":14.0},{"not_picked":["Corruption","Bludgeon"],"picked":"Immolate","floor":16.0},{"not_picked":["Iron Wave","Uppercut"],"picked":"Havoc","floor":18.0},{"not_picked":["Warcry","Heavy Blade"],"picked":"Dark Embrace","floor":22.0},{"not_picked":["Wild Strike+1","Headbutt"],"picked":"Armaments+1","floor":24.0},{"not_picked":["Juggernaut","Spot Weakness","Sword Boomerang"],"picked":"SKIP","floor":28.0},{"not_picked":["Pommel Strike","Clothesline","Cleave"],"picked":"SKIP","floor":29.0},{"not_picked":["Thunderclap","Anger","Headbutt+1"],"picked":"SKIP","floor":35.0},{"not_picked":["Sever Soul","Dark Embrace","Searing Blow"],"picked":"SKIP","floor":36.0},{"not_picked":["Iron Wave","Blood for Blood","Twin Strike"],"picked":"SKIP","floor":39.0}],"player_experience":636419,"relics_obtained":[{"floor":7.0,"key":"Toy Ornithopter"},{"floor":9.0,"key":"Tiny Chest"},{"floor":14.0,"key":"Bag of Marbles"},{"floor":19.0,"key":"Necronomicon"},{"floor":21.0,"key":"Vajra"},{"floor":24.0,"key":"HornCleat"},{"floor":26.0,"key":"Lantern"},{"floor":38.0,"key":"Meat on the Bone"}],"event_choices":[{"cards_removed":["Normality"],"damage_healed":0.0,"max_hp_gain":0.0,"max_hp_loss":0.0,"gold_gain":0.0,"event_name":"The Cleric","player_choice":"Card Removal","floor":2.0,"gold_loss":75.0,"damage_taken":0.0},{"damage_healed":0.0,"max_hp_gain":0.0,"max_hp_loss":0.0,"gold_gain":0.0,"event_name":"Scrap Ooze","player_choice":"Success","floor":3.0,"gold_loss":0.0,"damage_taken":11.0,"relics_obtained":["Art of War"]},{"damage_healed":0.0,"max_hp_gain":0.0,"max_hp_loss":0.0,"gold_gain":0.0,"event_name":"Match and Keep!","player_choice":"1 cards matched","floor":4.0,"gold_loss":0.0,"damage_taken":0.0,"cards_obtained":["Corruption"]},{"damage_healed":0.0,"max_hp_gain":0.0,"max_hp_loss":0.0,"gold_gain":0.0,"event_name":"Living Wall","player_choice":"Grow","floor":11.0,"gold_loss":0.0,"damage_taken":0.0,"cards_upgraded":["Corruption"]},{"damage_healed":0.0,"max_hp_gain":0.0,"max_hp_loss":0.0,"gold_gain":0.0,"event_name":"Cursed Tome","player_choice":"Obtained Book","floor":19.0,"gold_loss":0.0,"damage_taken":21.0},{"damage_healed":0.0,"max_hp_gain":0.0,"max_hp_loss":38.0,"gold_gain":0.0,"event_name":"Ghosts","player_choice":"Became a Ghost","floor":20.0,"gold_loss":0.0,"damage_taken":0.0,"cards_obtained":["Ghostly","Ghostly","Ghostly"]},{"damage_healed":0.0,"max_hp_gain":0.0,"max_hp_loss":0.0,"gold_gain":0.0,"event_name":"The Library","player_choice":"Read","floor":30.0,"gold_loss":0.0,"damage_taken":0.0,"cards_obtained":["Entrench"]},{"damage_healed":0.0,"max_hp_gain":0.0,"max_hp_loss":0.0,"gold_gain":0.0,"event_name":"Masked Bandits","player_choice":"Paid Fearfully","floor":31.0,"gold_loss":59.0,"damage_taken":0.0}],"is_beta":false,"boss_relics":[{"not_picked":["Ectoplasm","Velvet Choker"],"picked":"Mark of Pain"},{"not_picked":["Astrolabe","Black Star"],"picked":"Tiny House"}],"items_purged_floors":[],"is_endless":false,"potions_floor_spawned":[1,10,14,16,22,28,33,36,39],"killed_by":"Transient","ascension_level":20}}