{"host":"lehbxtjrpalkmwwj","time":1613234760,"event":{"mods":["ATMod(°¢èªMod)","Aspiration","BaseMod","Challenge The Spire","Colored Map","Colored Powertips","Conspire","Dota2Spire","Energized Spire","Hunter ÁÔÈË","Minty Spire (QoL Compilation)","Quick Restart","Relic Stats","Reliquary","Replay The Spire","Spicy Shops","StSLib","TestMod","The Cursed","The IronCluck","The Poker Player","Waifu the Spire","Wide Potions","[IsaacMod]ÒÔÈö¼âËþ","¡¾ÒÅÎï¿¨ÅÆ¡¿REMEMod","É³µñ²ÄÖÊ°ümod","óô»ðÖ¸ÄÏ"],"gold_per_floor":[113,13,13,13,45,75,75,126,126,147,147,147],"floor_reached":10,"language":"ZHS","playtime":237,"items_purged":[],"score":104,"play_id":"36360e5a-cf8f-4df7-8240-98be67283a50","local_time":"20210214004600","is_ascension_mode":true,"metric_token":1750,"campfire_choices":[],"circlet_count":0,"master_deck":["PokerPlayerMod:Diamond1","PokerPlayerMod:Diamond2","PokerPlayerMod:Diamond3","PokerPlayerMod:Diamond4","PokerPlayerMod:Diamond5","PokerPlayerMod:Spade1","PokerPlayerMod:Spade2","PokerPlayerMod:Spade3","PokerPlayerMod:Spade4","PokerPlayerMod:Club1","PokerPlayerMod:Club2","PokerPlayerMod:Heart2","PokerPlayerMod:TrumpStrike","PokerPlayerMod:BadJoker","PokerPlayerMod:Mulligan","EpicFetus","testmod-Librarian","AT_FamilyPortrait","PokerPlayerMod:Spade5","conspire:SpireCoStock","conspire:SpireCoStock","PokerPlayerMod:Fold","PokerPlayerMod:Overdeal","PokerPlayerMod:TheDieIsCast"],"relics":["PokerPlayerMod:DeckCase","HushsDoor","AT_ATBox","testmod-TestBox","REME_ComplimentaryCards","testmod-Nine","Damocles","NeowsBlessing","AT_ChloranthyRing","reliquary:QuartzCube","AT_GoldPhoenixTree","conspire:Dentures","Shuriken","Frozen Egg 2"],"acts_visited":["Exordium"],"potions_floor_usage":[10],"damage_taken":[{"damage":0.0,"enemies":"Jaw Worm","floor":1.0,"turns":1.0},{"damage":0,"enemies":"2 Louse","floor":5,"turns":1},{"damage":0,"enemies":"3 Sentries","floor":6,"turns":1},{"damage":19,"enemies":"Gremlin Nob","floor":8,"turns":5},{"damage":4,"enemies":"3 Sentries","floor":10,"turns":2}],"seed_played":"-4567835579663896116","potions_obtained":[{"floor":8,"key":"Dota2Spire:HealingSalve"}],"is_trial":false,"path_per_floor":["M","?","?","$","M","E","?","E","T","E"],"character_chosen":"THE_POKER_PLAYER","items_purchased":[],"campfire_rested":0,"item_purchase_floors":[],"current_hp_per_floor":[52,52,52,52,52,52,57,40,40,0,0,0],"gold":147,"neow_bonus":"THREE_ENEMY_KILL","is_daily":false,"chose_seed":false,"campfire_upgraded":0,"win_rate":0.0,"timestamp":1613234760,"path_taken":["M","?","?","?","?","E","?","E","T","E"],"items_purchased_type":[],"build_version":"2020-12-22","purchased_purges":0,"victory":false,"max_hp_per_floor":[52,52,52,52,52,52,57,57,57,57,57,57],"relic_stats":{"counters":[5,10],"Shuriken":[0],"obtain_stats":[{"KeepersGift":0,"AT_ChloranthyRing":1,"conspire:Dentures":6,"Damocles":0,"AT_ATBox":0,"testmod-TestBox":0,"NeowsBlessing":0,"AT_GoldPhoenixTree":6,"Frozen Egg 2":8,"reliquary:QuartzCube":5,"PokerPlayerMod:DeckCase":0,"Shuriken":8,"HushsDoor":0,"testmod-Nine":0,"REME_ComplimentaryCards":0},{"KeepersGift":0,"AT_ChloranthyRing":1,"conspire:Dentures":3,"Damocles":0,"AT_ATBox":0,"testmod-TestBox":0,"NeowsBlessing":0,"AT_GoldPhoenixTree":3,"Frozen Egg 2":4,"reliquary:QuartzCube":2,"PokerPlayerMod:DeckCase":0,"Shuriken":4,"HushsDoor":0,"testmod-Nine":0,"REME_ComplimentaryCards":0},{"KeepersGift":0,"AT_ChloranthyRing":1,"conspire:Dentures":3,"Damocles":0,"AT_ATBox":0,"testmod-TestBox":0,"NeowsBlessing":0,"AT_GoldPhoenixTree":3,"Frozen Egg 2":8,"reliquary:QuartzCube":2,"PokerPlayerMod:DeckCase":0,"Shuriken":8,"HushsDoor":0,"testmod-Nine":0,"REME_ComplimentaryCards":0}]},"card_choices":[{"not_picked":[],"picked":"EpicFetus","floor":0.0},{"not_picked":["PokerPlayerMod:Club2","PokerPlayerMod:SpadeStrike"],"picked":"PokerPlayerMod:Spade5","floor":1.0},{"not_picked":["PokerPlayerMod:Diamond1","PokerPlayerMod:Club1"],"picked":"PokerPlayerMod:Fold","floor":5},{"not_picked":["PokerPlayerMod:FlyingCard","PokerPlayerMod:Configure"],"picked":"PokerPlayerMod:Overdeal","floor":6},{"not_picked":["PokerPlayerMod:Spade1","PokerPlayerMod:Spade2"],"picked":"PokerPlayerMod:TheDieIsCast","floor":8}],"player_experience":178236,"relics_obtained":[{"floor":1.0,"key":"AT_ChloranthyRing"},{"floor":5,"key":"reliquary:QuartzCube"},{"floor":6,"key":"AT_GoldPhoenixTree"},{"floor":6,"key":"conspire:Dentures"},{"floor":8,"key":"Shuriken"},{"floor":8,"key":"Frozen Egg 2"}],"event_choices":[{"damage_healed":0.0,"max_hp_gain":0.0,"max_hp_loss":0.0,"gold_gain":0.0,"event_name":"conspire:Investor","player_choice":"Invest 2","floor":2.0,"gold_loss":0.0,"damage_taken":0.0},{"damage_healed":0,"gold_gain":0,"player_choice":"Donut","damage_taken":0,"max_hp_gain":5,"max_hp_loss":0,"event_name":"Big Fish","floor":7,"gold_loss":0}],"is_beta":false,"boss_relics":[],"items_purged_floors":[],"is_endless":false,"potions_floor_spawned":[8],"killed_by":"3 Sentries","ascension_level":1}}