{"host":"uexz8m6e0pxi7xat","time":1613189497,"event":{"mods":["BaseMod","Bestiary","Minty Spire (QoL Compilation)","Relic Stats","ojb\u0027s Info Mod"],"gold_per_floor":[113,113,132,132,142,167,167,92,92,127,144,144,175,193,193,193,193],"floor_reached":16,"language":"ENG","playtime":1624,"items_purged":[],"score":240,"play_id":"e8925535-dbc2-4cb2-bb37-7963bff7ffa3","local_time":"20210213171137","is_ascension_mode":true,"campfire_choices":[{"data":"Uppercut","floor":7,"key":"SMITH"},{"data":"Armaments","floor":12,"key":"SMITH"},{"data":"True Grit","floor":15,"key":"SMITH"}],"circlet_count":0,"master_deck":["AscendersBane","Strike_R+1","Strike_R","Strike_R","Strike_R","Defend_R","Defend_R","Defend_R","Defend_R","Bash+1","Power Through","Sever Soul+1","Uppercut+1","Cleave","Armaments+1","True Grit+1"],"relics":["Burning Blood","Happy Flower","Blue Candle","Regal Pillow","Whetstone","Pear"],"acts_visited":["Exordium"],"potions_floor_usage":[10,11,13],"damage_taken":[{"damage":8,"enemies":"Small Slimes","floor":1,"turns":5},{"damage":7,"enemies":"Jaw Worm","floor":3,"turns":4},{"damage":1,"enemies":"2 Louse","floor":5,"turns":5},{"damage":30,"enemies":"3 Sentries","floor":6,"turns":9},{"damage":25,"enemies":"Lagavulin","floor":10,"turns":4},{"damage":10,"enemies":"Exordium Thugs","floor":11,"turns":4},{"damage":16,"enemies":"Gremlin Nob","floor":13,"turns":4},{"damage":5,"enemies":"Red Slaver","floor":14,"turns":6},{"damage":32,"enemies":"The Guardian","floor":16,"turns":9}],"seed_played":"-4621395386247608303","potions_obtained":[{"floor":1,"key":"ElixirPotion"},{"floor":3,"key":"SteroidPotion"},{"floor":6,"key":"Fire Potion"},{"floor":10,"key":"AttackPotion"}],"is_trial":false,"path_per_floor":["M","?","M","?","M","E","R","?","T","E","M","R","E","M","R","B"],"character_chosen":"IRONCLAD","items_purchased":[],"campfire_rested":0,"item_purchase_floors":[],"current_hp_per_floor":[66,71,70,70,75,51,51,51,51,32,28,28,28,29,29,0,0],"gold":193,"neow_bonus":"RANDOM_COMMON_RELIC","is_daily":false,"chose_seed":false,"campfire_upgraded":3,"win_rate":0.0,"timestamp":1613189497,"path_taken":["M","?","M","?","M","E","R","?","T","E","M","R","E","M","R","BOSS"],"items_purchased_type":[],"build_version":"2020-12-22","purchased_purges":0,"victory":false,"max_hp_per_floor":[75,80,80,80,80,80,80,80,80,80,80,80,90,90,90,90,90],"relic_stats":{"Regal Pillow":0,"Happy Flower":[16],"counters":[9,50],"Blue Candle":[0],"Whetstone":["Sever Soul","Strike_R"],"obtain_stats":[{"Regal Pillow":9,"Pear":13,"Happy Flower":0,"Blue Candle":6,"Whetstone":10,"Burning Blood":0},{"Regal Pillow":4,"Pear":7,"Happy Flower":0,"Blue Candle":4,"Whetstone":5,"Burning Blood":0},{"Regal Pillow":23,"Pear":35,"Happy Flower":0,"Blue Candle":23,"Whetstone":27,"Burning Blood":0}],"Burning Blood":48},"card_choices":[{"not_picked":["Thunderclap","Dual Wield"],"picked":"Power Through","floor":1},{"not_picked":["Sword Boomerang","Clash"],"picked":"Sever Soul","floor":3},{"not_picked":["Warcry","True Grit"],"picked":"Uppercut","floor":5},{"not_picked":["Barricade","Body Slam"],"picked":"Cleave","floor":6},{"not_picked":["Sever Soul","Shockwave"],"picked":"Armaments","floor":10},{"not_picked":["Reckless Charge","Rampage","Wild Strike"],"picked":"SKIP","floor":11},{"not_picked":["Heavy Blade","Iron Wave","Sword Boomerang"],"picked":"SKIP","floor":13},{"not_picked":["Iron Wave","Shrug It Off"],"picked":"True Grit","floor":14}],"player_experience":991015,"relics_obtained":[{"floor":6,"key":"Blue Candle"},{"floor":9,"key":"Regal Pillow"},{"floor":10,"key":"Whetstone"},{"floor":13,"key":"Pear"}],"event_choices":[{"damage_healed":0,"gold_gain":0,"player_choice":"Donut","damage_taken":0,"max_hp_gain":5,"max_hp_loss":0,"event_name":"Big Fish","floor":2,"gold_loss":0},{"damage_healed":0,"gold_gain":0,"player_choice":"Grow","damage_taken":0,"max_hp_gain":0,"max_hp_loss":0,"event_name":"Living Wall","floor":4,"gold_loss":0,"cards_upgraded":["Bash"]},{"cards_removed":["Strike_R"],"damage_healed":0,"gold_gain":0,"player_choice":"Card Removal","damage_taken":0,"max_hp_gain":0,"max_hp_loss":0,"event_name":"The Cleric","floor":8,"gold_loss":75}],"is_beta":false,"boss_relics":[],"items_purged_floors":[],"is_endless":false,"potions_floor_spawned":[1,3,6,10],"killed_by":"The Guardian","ascension_level":20}}