{"host":"zmnaju399zpax9sm","time":1613202097,"event":{"mods":["BaseMod","Hermit","Minty Spire (QoL Compilation)","StSLib","The Cursed","The Poker Player","The Runesmith"],"gold_per_floor":[117,135,60,60,60,95,95,105,105,205,205,221,251,251,251,251,251],"floor_reached":16,"language":"KOR","playtime":348,"items_purged":["Regret"],"score":198,"play_id":"dec19a62-8411-413d-97a6-bbf127ba4937","local_time":"20210213164137","is_ascension_mode":true,"campfire_choices":[{"data":"Bash","floor":11.0,"key":"SMITH"},{"data":"Shockwave","floor":15.0,"key":"SMITH"}],"circlet_count":0,"master_deck":["Strike_R","Strike_R","Strike_R","Strike_R","Defend_R","Defend_R","Defend_R","Defend_R","Bash+1","Master of Strategy","Reckless Charge","Fiend Fire+1","Shockwave+1"],"relics":["Burning Blood","Mango","Bottled Flame","CaptainsWheel","StrikeDummy"],"acts_visited":["Exordium"],"potions_floor_usage":[],"damage_taken":[{"damage":3.0,"enemies":"Cultist","floor":1.0,"turns":4.0},{"damage":16.0,"enemies":"Small Slimes","floor":2.0,"turns":4.0},{"damage":32.0,"enemies":"Gremlin Nob","floor":6.0,"turns":5.0},{"damage":2.0,"enemies":"2 Louse","floor":8.0,"turns":2.0},{"damage":6.0,"enemies":"Exordium Wildlife","floor":12.0,"turns":2.0},{"damage":0.0,"enemies":"Lagavulin","floor":13.0,"turns":3.0},{"damage":0,"enemies":"The Guardian","floor":16,"turns":1}],"seed_played":"-3522085309522767494","potions_obtained":[{"floor":1.0,"key":"Weak Potion"},{"floor":6.0,"key":"SteroidPotion"},{"floor":12.0,"key":"Explosive Potion"}],"is_trial":false,"path_per_floor":["M","M","$","?","?","E","?","M","T","?","R","M","E","?","R","B"],"character_chosen":"IRONCLAD","items_purchased":[],"campfire_rested":0,"item_purchase_floors":[],"current_hp_per_floor":[75,65,65,72,77,51,51,55,55,55,55,55,61,54,54,54,54],"gold":251,"neow_bonus":"RANDOM_COLORLESS_2","is_daily":false,"chose_seed":false,"campfire_upgraded":2,"win_rate":0.0,"timestamp":1613202097,"path_taken":["M","M","$","?","?","E","?","?","T","?","R","?","E","?","R","BOSS"],"items_purchased_type":[],"build_version":"2020-12-22","purchased_purges":1,"victory":false,"max_hp_per_floor":[80,80,80,94,99,99,99,99,99,99,99,99,99,99,99,99,99],"card_choices":[{"not_picked":["Secret Weapon","Panache"],"picked":"Master of Strategy","floor":0.0},{"not_picked":["Wild Strike","Pommel Strike","Armaments"],"picked":"SKIP","floor":1.0},{"not_picked":["Wild Strike","Pommel Strike"],"picked":"Reckless Charge","floor":2.0},{"not_picked":["Pommel Strike","Feel No Pain"],"picked":"Fiend Fire","floor":6.0},{"not_picked":["Dropkick","Anger","Havoc"],"picked":"SKIP","floor":8.0},{"not_picked":["Combust","Pommel Strike"],"picked":"Shockwave","floor":12.0},{"not_picked":["Cleave","Havoc","Shrug It Off"],"picked":"SKIP","floor":13.0}],"player_experience":502234,"relics_obtained":[{"floor":6.0,"key":"Bottled Flame"},{"floor":9.0,"key":"CaptainsWheel"},{"floor":13.0,"key":"StrikeDummy"}],"event_choices":[{"damage_healed":0.0,"max_hp_gain":0.0,"max_hp_loss":0.0,"gold_gain":0.0,"event_name":"Scrap Ooze","player_choice":"Success","floor":4.0,"gold_loss":0.0,"damage_taken":7.0,"relics_obtained":["Mango"]},{"damage_healed":0.0,"max_hp_gain":5.0,"max_hp_loss":0.0,"gold_gain":0.0,"event_name":"Big Fish","player_choice":"Donut","floor":5.0,"gold_loss":0.0,"damage_taken":0.0},{"damage_healed":0.0,"max_hp_gain":0.0,"max_hp_loss":0.0,"gold_gain":0.0,"event_name":"Living Wall","player_choice":"Grow","floor":7.0,"gold_loss":0.0,"damage_taken":0.0,"cards_upgraded":["Fiend Fire"]},{"damage_healed":0.0,"max_hp_gain":0.0,"max_hp_loss":0.0,"gold_gain":100.0,"event_name":"Golden Shrine","player_choice":"Pray","floor":10.0,"gold_loss":0.0,"damage_taken":0.0},{"cards_removed":["Strike_R"],"damage_healed":0.0,"max_hp_gain":0.0,"max_hp_loss":0.0,"gold_gain":0.0,"event_name":"Golden Wing","player_choice":"Card Removal","floor":14.0,"gold_loss":0.0,"damage_taken":7.0}],"is_beta":false,"boss_relics":[],"items_purged_floors":[3],"is_endless":false,"potions_floor_spawned":[1,6,12],"killed_by":"The Guardian","ascension_level":6}}