{"host":"yecadp3kwkksam5a","time":1613191530,"event":{"mods":["100% Spire Juice","BaseMod","Minty Spire (QoL Compilation)","StSLib","SuperFastMode","The Cursed","WarShipGirlsR/??á´Ò³R mod"],"gold_per_floor":[113,126,141,152,152,152,186,186,186,203,222,222,234,268,268,341,341,360,234,245,260,260,260],"floor_reached":22,"language":"KOR","playtime":825,"items_purged":["Clothesline"],"score":405,"play_id":"68cd26f2-ddb0-467d-b550-fb8988b03776","local_time":"20210213134530","is_ascension_mode":true,"campfire_choices":[{"data":"Body Slam","floor":6.0,"key":"SMITH"},{"floor":8.0,"key":"REST"},{"data":"Pommel Strike","floor":15.0,"key":"SMITH"}],"circlet_count":0,"master_deck":["AscendersBane","Bash","Iron Wave","Iron Wave","Iron Wave","Iron Wave","Body Slam+1","Shrug It Off","Shrug It Off","Disarm","Pommel Strike+1","Barricade","True Grit+1","Armaments","Battle Trance+1","Dual Wield+1"],"relics":["Burning Blood","Boot","StrikeDummy","Lantern","Blood Vial","Empty Cage"],"acts_visited":["Exordium","TheCity"],"potions_floor_usage":[21],"damage_taken":[{"damage":2.0,"enemies":"Jaw Worm","floor":1.0,"turns":4.0},{"damage":1.0,"enemies":"Small Slimes","floor":2.0,"turns":4.0},{"damage":0.0,"enemies":"Cultist","floor":3.0,"turns":4.0},{"damage":21.0,"enemies":"Red Slaver","floor":4.0,"turns":5.0},{"damage":20.0,"enemies":"Lagavulin","floor":7.0,"turns":9.0},{"damage":1.0,"enemies":"Looter","floor":10.0,"turns":3.0},{"damage":0.0,"enemies":"Exordium Wildlife","floor":11.0,"turns":2.0},{"damage":0.0,"enemies":"2 Fungi Beasts","floor":13.0,"turns":4.0},{"damage":25.0,"enemies":"Gremlin Nob","floor":14.0,"turns":5.0},{"damage":14.0,"enemies":"Hexaghost","floor":16.0,"turns":13.0},{"damage":0,"enemies":"Chosen","floor":18,"turns":5},{"damage":13,"enemies":"Spheric Guardian","floor":20,"turns":6},{"damage":26,"enemies":"Shelled Parasite and Fungi","floor":21,"turns":7},{"damage":1,"enemies":"Cultist and Chosen","floor":22,"turns":3}],"seed_played":"-3831257964813559770","potions_obtained":[{"floor":1.0,"key":"AttackPotion"},{"floor":7.0,"key":"DuplicationPotion"},{"floor":10.0,"key":"SteroidPotion"},{"floor":16.0,"key":"BlessingOfTheForge"},{"floor":18,"key":"Explosive Potion"}],"is_trial":false,"path_per_floor":["M","M","M","M","?","R","E","R","T","M","M","?","M","E","R","B",null,"M","$","M","M","M"],"character_chosen":"IRONCLAD","items_purchased":["Armaments"],"campfire_rested":1,"item_purchase_floors":[19],"current_hp_per_floor":[79,82,82,67,49,49,35,59,59,64,70,70,76,57,57,51,74,82,82,75,57,58,58],"gold":260,"neow_bonus":"TEN_PERCENT_HP_BONUS","is_daily":false,"chose_seed":false,"campfire_upgraded":2,"win_rate":0.0,"timestamp":1613191530,"path_taken":["M","M","M","M","?","R","E","R","T","M","M","?","?","E","R","BOSS","M","$","M","M","M"],"items_purchased_type":["Card"],"build_version":"2020-12-22","purchased_purges":1,"victory":false,"max_hp_per_floor":[82,82,82,82,82,82,82,82,82,82,82,82,82,82,82,82,82,82,82,82,82,82,82],"card_choices":[{"not_picked":["Rage","Intimidate","Wild Strike"],"picked":"SKIP","floor":1.0},{"not_picked":["Shockwave","Sword Boomerang"],"picked":"Body Slam","floor":2.0},{"not_picked":["Spot Weakness","Sword Boomerang"],"picked":"Shrug It Off","floor":3.0},{"not_picked":["Hemokinesis","Warcry"],"picked":"Shrug It Off","floor":4.0},{"not_picked":["Combust","Brutality","Havoc"],"picked":"SKIP","floor":7.0},{"not_picked":["Blood for Blood","Combust"],"picked":"Clothesline","floor":10.0},{"not_picked":["Warcry","Hemokinesis","Flame Barrier"],"picked":"SKIP","floor":11.0},{"not_picked":["Thunderclap","Fire Breathing"],"picked":"Disarm","floor":13.0},{"not_picked":["Anger","Sever Soul"],"picked":"Pommel Strike","floor":14.0},{"not_picked":["Fiend Fire","Double Tap"],"picked":"Barricade","floor":16.0},{"not_picked":["Flame Barrier","Headbutt"],"picked":"True Grit+1","floor":18},{"not_picked":["Rampage","Cleave"],"picked":"Battle Trance+1","floor":20},{"not_picked":["Seeing Red","Twin Strike"],"picked":"Dual Wield+1","floor":21}],"player_experience":624308,"relics_obtained":[{"floor":7.0,"key":"StrikeDummy"},{"floor":9.0,"key":"Lantern"},{"floor":14.0,"key":"Blood Vial"}],"event_choices":[{"damage_healed":0.0,"max_hp_gain":0.0,"max_hp_loss":0.0,"gold_gain":0.0,"event_name":"Scrap Ooze","player_choice":"Success","floor":5.0,"gold_loss":0.0,"damage_taken":18.0,"relics_obtained":["Boot"]},{"cards_removed":["Iron Wave"],"damage_healed":0.0,"max_hp_gain":0.0,"max_hp_loss":0.0,"gold_gain":0.0,"event_name":"Purifier","player_choice":"Purged","floor":12.0,"gold_loss":0.0,"damage_taken":0.0}],"is_beta":false,"boss_relics":[{"not_picked":["Black Blood","Busted Crown"],"picked":"Empty Cage"}],"items_purged_floors":[19],"is_endless":false,"potions_floor_spawned":[1,7,10,13,16,18,20],"killed_by":"Cultist and Chosen","ascension_level":18}}