{"host":"8a72fthmlk1o8pdb","time":1613176388,"event":{"mods":["AchievementEnabler","Aspiration","Astrologer","Bard","BaseMod","Beaked The Cultist","Better Sensory Stone","Better Skull","Better Third Choice","ChefMod","Colored Map","Colored Powertips","Dark Map","Downfall","Friendly Minions","GifTheSpireLib","Googly Eyes","Gremlin Mod","Hermit","Hubris","JesterMod","Jorbs\u0027s Wanderer Trilogy","Marisa????????","Minty Spire (QoL Compilation)","Permanent Neow","Random Character Button","Rare Cards Sparkle","Relic Stats","Reliquary","Robot Space Explorer","Shade Mod","Shop Mod","Somnambulant","StSLib","The Animator","The Blue Laboratory","The Construct","The Cursed","The Disciple","The Hayseed","The Hierophant","The Jungle","The Marked","The Mystic","The Necromancer","The Poker Player","The Problem Sleuth","The Runesmith","thorton"],"gold_per_floor":[114,127,139,61,71,103,113,147,147,147,322,340,340,370,370,370,370],"floor_reached":16,"language":"ENG","playtime":760,"items_purged":[],"score":162,"play_id":"b8373bd8-9682-4eb5-b0b3-318371548936","local_time":"20210212163308","is_ascension_mode":true,"campfire_choices":[{"floor":10,"key":"REST"},{"floor":13,"key":"REST"},{"data":"hermit:Glare","floor":15,"key":"SMITH"}],"circlet_count":0,"master_deck":["hermit:Strike_Hermit","hermit:Strike_Hermit","hermit:Strike_Hermit","hermit:Strike_Hermit","hermit:Defend_Hermit","hermit:Defend_Hermit+1","hermit:Defend_Hermit","hermit:Defend_Hermit+1","hermit:Snapshot","hermit:Covet","hermit:Glare+1","hermit:SprayPray","hermit:CursedWeapon","hermit:FlashPowder","hermit:Dive","hermit:FlashPowder","Doubt"],"relics":["Black Star","reliquary:PartyBalloon","War Paint","Potion Belt","Bag of Preparation","reliquary:Sideboard","reliquary:QuartzCube","Meat on the Bone"],"acts_visited":["Exordium"],"potions_floor_usage":[7,8,14],"damage_taken":[{"damage":4,"enemies":"Small Slimes","floor":1,"turns":3},{"damage":0,"enemies":"Jaw Worm","floor":2,"turns":3},{"damage":4,"enemies":"2 Louse","floor":3,"turns":2},{"damage":18,"enemies":"Gremlin Gang","floor":5,"turns":6},{"damage":23,"enemies":"Gremlin Nob","floor":6,"turns":5},{"damage":2,"enemies":"Blue Slaver","floor":7,"turns":3},{"damage":19,"enemies":"Lagavulin","floor":8,"turns":9},{"damage":13,"enemies":"Exordium Thugs","floor":12,"turns":6},{"damage":2,"enemies":"Gremlin Nob","floor":14,"turns":3},{"damage":41,"enemies":"The Guardian","floor":16,"turns":11}],"seed_played":"2018584955783205597","potions_obtained":[{"floor":6,"key":"blueLaboratory:FruitPunch"},{"floor":7,"key":"DistilledChaos"},{"floor":12,"key":"Strength Potion"}],"is_trial":false,"path_per_floor":["M","M","M","$","M","E","M","E","T","R","?","M","R","E","R","B"],"character_chosen":"HERMIT","items_purchased":["hermit:CursedWeapon"],"campfire_rested":2,"item_purchase_floors":[4],"current_hp_per_floor":[71,71,67,67,49,26,26,7,7,30,30,17,40,38,38,0,0],"gold":370,"neow_bonus":"BOSS_RELIC","is_daily":false,"chose_seed":false,"campfire_upgraded":1,"win_rate":0.0,"timestamp":1613176388,"path_taken":["M","M","M","$","M","E","M","E","T","R","?","M","R","E","R","BOSS"],"items_purchased_type":["Card"],"build_version":"2020-12-22","purchased_purges":0,"victory":false,"max_hp_per_floor":[75,75,75,75,75,75,77,77,77,77,77,77,77,77,77,77,77],"relic_stats":{"counters":[10,51],"Black Star":3,"Bag of Preparation":[6],"War Paint":["hermit:Defend_Hermit","hermit:Defend_Hermit"],"obtain_stats":[{"Potion Belt":8,"reliquary:PartyBalloon":6,"reliquary:Sideboard":9,"Black Star":0,"Bag of Preparation":8,"War Paint":6,"reliquary:QuartzCube":14,"hermit:Momento":0,"Meat on the Bone":14},{"Potion Belt":7,"reliquary:PartyBalloon":5,"reliquary:Sideboard":7,"Black Star":0,"Bag of Preparation":7,"War Paint":5,"reliquary:QuartzCube":9,"hermit:Momento":0,"Meat on the Bone":9},{"Potion Belt":31,"reliquary:PartyBalloon":19,"reliquary:Sideboard":31,"Black Star":0,"Bag of Preparation":31,"War Paint":19,"reliquary:QuartzCube":40,"hermit:Momento":0,"Meat on the Bone":40}],"Meat on the Bone":0},"card_choices":[{"not_picked":["hermit:Coalescence","hermit:BodyArmor"],"picked":"hermit:Glare","floor":1},{"not_picked":["hermit:Snipe","hermit:BodyArmor"],"picked":"hermit:SprayPray","floor":2},{"not_picked":["hermit:DeadMansHand","hermit:Horror","hermit:Coalescence"],"picked":"SKIP","floor":3},{"not_picked":["hermit:ItchyTrigger","hermit:Brawl"],"picked":"hermit:FlashPowder","floor":5},{"not_picked":["hermit:PistolWhip","hermit:LoneWolf"],"picked":"hermit:Dive","floor":6},{"not_picked":["hermit:Snipe","hermit:Quickdraw"],"picked":"hermit:FlashPowder","floor":7},{"not_picked":["hermit:Feint","hermit:Showdown","hermit:Vantage"],"picked":"SKIP","floor":8},{"not_picked":["hermit:Spite","hermit:Feint"],"picked":"hermit:LowProfile","floor":12},{"not_picked":["hermit:Snipe","hermit:Misfire"],"picked":"hermit:Malice","floor":14}],"player_experience":192190,"relics_obtained":[{"floor":6,"key":"reliquary:PartyBalloon"},{"floor":6,"key":"War Paint"},{"floor":8,"key":"Potion Belt"},{"floor":8,"key":"Bag of Preparation"},{"floor":9,"key":"reliquary:Sideboard"},{"floor":14,"key":"reliquary:QuartzCube"},{"floor":14,"key":"Meat on the Bone"}],"event_choices":[{"damage_healed":0,"gold_gain":175,"player_choice":"AGREE","damage_taken":147,"max_hp_gain":0,"max_hp_loss":0,"event_name":"betterThird:BetterSerpent","floor":11,"gold_loss":0}],"is_beta":false,"boss_relics":[],"items_purged_floors":[],"is_endless":false,"potions_floor_spawned":[6,7,12],"killed_by":"The Guardian","ascension_level":2}}