{"host":"nwtxriuk34b069je","time":1613256441,"event":{"mods":["AchievementEnabler","BaseMod","Better Skull","Colored Map","Colored Powertips","Hermit","Minty Spire (QoL Compilation)","Relic Stats","StSLib"],"gold_per_floor":[115,33,208,208,226,226,151,162,186,186,202,216,116,116,116,211,211,228,228,246,261,201,229,229,243,243,253,253,233,13,13,13,116,116,127,177,177,177,230,230,230,230,296,13,33,64,39,39,39,135,135,150,2,2,2,13,44,44,75,98,98,173,192,192,203,203,301,301,315,334,363,218,218,244,257,257,257],"floor_reached":76,"language":"ENG","playtime":2125,"items_purged":["Doubt","Defend_R","Strike_R","Strike_R"],"score":1433,"play_id":"a6ac0970-030d-4151-8bbb-285fa851f6d0","local_time":"20210213164721","is_ascension_mode":false,"campfire_choices":[{"data":"Spot Weakness","floor":6,"key":"SMITH"},{"data":"Cleave","floor":10,"key":"SMITH"},{"floor":15,"key":"DIG"},{"floor":24,"key":"REST"},{"floor":28,"key":"REST"},{"floor":32,"key":"REST"},{"floor":40,"key":"REST"},{"floor":42,"key":"DIG"},{"floor":49,"key":"REST"},{"floor":58,"key":"DIG"},{"floor":61,"key":"DIG"},{"floor":64,"key":"DIG"},{"floor":66,"key":"DIG"}],"circlet_count":0,"master_deck":["Strike_R","Bash","Anger","Flex+1","Spot Weakness+1","Flex","Cleave+1","Anger","Reaper","Inflame","Searing Blow+1","Heavy Blade+1","Iron Wave","Reaper","Armaments+1","Clash+1","Armaments","Anger+1","Limit Break+1","Combust","Iron Wave","Clash","Feed","Iron Wave","Pummel","Inflame","Limit Break","Iron Wave"],"relics":["Unceasing Top","Bronze Scales","Shovel","Self Forming Clay","Philosopher\u0027s Stone","Bag of Marbles","Nunchaku","Membership Card","Anchor","SacredBark","Ice Cream","Turnip","MawBank","Boot","Kunai","OrangePellets","Ornamental Fan","Black Star","Orichalcum","Regal Pillow","War Paint","Vajra","Tiny Chest","Bottled Flame","Red Mask","Omamori"],"acts_visited":["Exordium","TheCity","TheBeyond","Exordium","TheCity"],"potions_floor_usage":[27,33,46,50,50,50,67,72,74,75,75],"damage_taken":[{"damage":12,"enemies":"2 Louse","floor":1,"turns":2},{"damage":8,"enemies":"Small Slimes","floor":5,"turns":3},{"damage":6,"enemies":"Jaw Worm","floor":8,"turns":2},{"damage":4,"enemies":"Gremlin Gang","floor":11,"turns":3},{"damage":0,"enemies":"Lots of Slimes","floor":12,"turns":2},{"damage":46,"enemies":"Slime Boss","floor":16,"turns":11},{"damage":12,"enemies":"Shell Parasite","floor":18,"turns":3},{"damage":6,"enemies":"Spheric Guardian","floor":20,"turns":3},{"damage":12,"enemies":"Chosen and Byrds","floor":21,"turns":4},{"damage":56,"enemies":"Slavers","floor":23,"turns":5},{"damage":31,"enemies":"Centurion and Healer","floor":25,"turns":4},{"damage":19,"enemies":"Snake Plant","floor":27,"turns":3},{"damage":71,"enemies":"Collector","floor":33,"turns":7},{"damage":22,"enemies":"Orb Walker","floor":35,"turns":2},{"damage":44,"enemies":"Mind Bloom Boss Battle","floor":36,"turns":5},{"damage":44,"enemies":"2 Orb Walkers","floor":39,"turns":4},{"damage":19,"enemies":"3 Shapes","floor":45,"turns":4},{"damage":48,"enemies":"Nemesis","floor":46,"turns":5},{"damage":96,"enemies":"Donu and Deca","floor":50,"turns":9},{"damage":0,"enemies":"Jaw Worm","floor":52,"turns":1},{"damage":2,"enemies":"Small Slimes","floor":56,"turns":3},{"damage":23,"enemies":"Lagavulin","floor":57,"turns":3},{"damage":9,"enemies":"3 Sentries","floor":59,"turns":3},{"damage":0,"enemies":"Cultist","floor":63,"turns":2},{"damage":4,"enemies":"Red Slaver","floor":65,"turns":2},{"damage":42,"enemies":"The Guardian","floor":67,"turns":4},{"damage":0,"enemies":"Spheric Guardian","floor":69,"turns":1},{"damage":0,"enemies":"Shell Parasite","floor":70,"turns":1},{"damage":13,"enemies":"Masked Bandits","floor":71,"turns":3},{"damage":54,"enemies":"Slavers","floor":74,"turns":4},{"damage":33,"enemies":"Centurion and Healer","floor":75,"turns":3},{"damage":50,"enemies":"Snake Plant","floor":76,"turns":2}],"seed_played":"3607538057657430434","potions_obtained":[{"floor":1,"key":"BloodPotion"},{"floor":5,"key":"Dexterity Potion"},{"floor":8,"key":"Weak Potion"},{"floor":23,"key":"Energy Potion"},{"floor":27,"key":"Energy Potion"},{"floor":29,"key":"Energy Potion"},{"floor":39,"key":"Dexterity Potion"},{"floor":46,"key":"SkillPotion"},{"floor":57,"key":"DuplicationPotion"},{"floor":59,"key":"SteroidPotion"},{"floor":71,"key":"ColorlessPotion"},{"floor":74,"key":"LiquidMemories"}],"is_trial":true,"path_per_floor":["M","$","?","?","M","R","$","M","T","R","M","M","$","T","R","B",null,"M","?","M","M","?","E","R","M","T","M","R","?","$","T","R","B",null,"M","?","?","?","?","R","?","R","T","$","M","E","$","$","R","B",null,"M","$","?","$","M","E","R","E","T","R","?","M","R","M","R","B",null,"M","M","?","$","?","E","M","M"],"character_chosen":"IRONCLAD","items_purchased":["Flex","Spot Weakness","Membership Card","Iron Wave","FairyPotion","Kunai","Armaments","Block Potion","OrangePellets","BloodPotion","Orichalcum","Omamori","Inflame","Fruit Juice"],"campfire_rested":5,"item_purchase_floors":[2,2,30,30,30,44,44,44,44,47,53,72,72,72],"current_hp_per_floor":[68,68,68,73,65,65,65,59,59,59,55,55,55,55,55,9,85,73,73,67,55,55,20,45,14,14,12,37,37,37,37,62,25,85,63,42,42,42,42,66,66,66,66,66,73,33,33,33,57,39,81,81,81,81,81,79,56,56,77,77,77,66,66,66,62,62,20,81,81,81,71,81,81,51,29,0,0],"gold":257,"neow_bonus":"","is_daily":false,"chose_seed":false,"campfire_upgraded":2,"win_rate":0.0,"timestamp":1613256441,"path_taken":["M","$","?","?","M","R","?","M","T","R","?","M","$","?","R","BOSS","M","?","M","M","?","E","R","M","T","?","R","?","$","?","R","BOSS","M","?","?","?","?","R","?","R","T","$","M","E","?","$","R","BOSS","M","$","?","?","?","E","R","E","T","R","?","M","R","M","R","BOSS","M","M","?","$","?","E","M","M"],"items_purchased_type":["Card","Card","Relic","Card","Potion","Relic","Card","Potion","Relic","Potion","Relic","Relic","Card","Potion"],"build_version":"2020-12-22","purchased_purges":4,"victory":false,"max_hp_per_floor":[80,80,80,85,85,85,85,85,85,85,85,85,85,85,85,85,85,85,85,85,85,85,85,85,85,85,85,85,85,85,85,85,85,85,85,85,85,81,81,81,81,81,81,81,81,81,81,81,81,81,81,81,81,81,81,81,81,81,81,81,81,81,81,81,81,81,81,81,81,81,84,94,94,98,98,98,98],"relic_stats":{"Regal Pillow":0,"counters":[32,113],"Self Forming Clay":[234],"Orichalcum":[24],"War Paint":["Flex","Limit Break"],"MawBank":24,"Boot":[44],"OrangePellets":[3],"Nunchaku":[19],"Shovel":6,"Ornamental Fan":[92],"Bronze Scales":[240],"Tiny Chest":0,"Turnip":[0],"Black Star":3,"Kunai":[30],"obtain_stats":[{"Ice Cream":36,"Regal Pillow":58,"SacredBark":34,"Vajra":61,"Boot":43,"Nunchaku":26,"Shovel":14,"Philosopher\u0027s Stone":17,"Tiny Chest":64,"Red Mask":71,"Kunai":44,"Self Forming Clay":15,"Omamori":72,"Orichalcum":53,"War Paint":60,"MawBank":42,"OrangePellets":44,"Anchor":31,"Bottled Flame":66,"Ornamental Fan":46,"Bronze Scales":9,"Turnip":39,"Bag of Marbles":23,"Black Star":51,"Membership Card":30,"Unceasing Top":0},{"Ice Cream":15,"Regal Pillow":22,"SacredBark":13,"Vajra":23,"Boot":16,"Nunchaku":11,"Shovel":5,"Philosopher\u0027s Stone":6,"Tiny Chest":24,"Red Mask":29,"Kunai":16,"Self Forming Clay":5,"Omamori":29,"Orichalcum":20,"War Paint":23,"MawBank":16,"OrangePellets":16,"Anchor":12,"Bottled Flame":25,"Ornamental Fan":18,"Bronze Scales":3,"Turnip":16,"Bag of Marbles":10,"Black Star":19,"Membership Card":12,"Unceasing Top":0},{"Ice Cream":59,"Regal Pillow":88,"SacredBark":52,"Vajra":91,"Boot":63,"Nunchaku":42,"Shovel":12,"Philosopher\u0027s Stone":23,"Tiny Chest":93,"Red Mask":104,"Kunai":63,"Self Forming Clay":12,"Omamori":104,"Orichalcum":82,"War Paint":91,"MawBank":63,"OrangePellets":63,"Anchor":45,"Bottled Flame":95,"Ornamental Fan":72,"Bronze Scales":7,"Turnip":63,"Bag of Marbles":38,"Black Star":81,"Membership Card":45,"Unceasing Top":0}],"Unceasing Top":[68]},"card_choices":[{"not_picked":["Searing Blow","Dropkick"],"picked":"Anger","floor":1},{"not_picked":["Uppercut","Wild Strike"],"picked":"Flex","floor":5},{"not_picked":["Evolve","Thunderclap"],"picked":"Cleave","floor":8},{"not_picked":["Sword Boomerang","True Grit"],"picked":"Anger","floor":11},{"not_picked":["Perfected Strike","Barricade","Body Slam"],"picked":"SKIP","floor":12},{"not_picked":["Juggernaut","Offering"],"picked":"Reaper","floor":16},{"not_picked":["Iron Wave","Clothesline"],"picked":"Inflame","floor":18},{"not_picked":["Shockwave","Fire Breathing"],"picked":"Searing Blow+1","floor":20},{"not_picked":["Inflame","Sword Boomerang","Bloodletting"],"picked":"SKIP","floor":21},{"not_picked":["Carnage","Clothesline","Twin Strike+1"],"picked":"SKIP","floor":23},{"not_picked":["Exhume","Cleave"],"picked":"Heavy Blade+1","floor":25},{"not_picked":["Uppercut","Bloodletting","Pommel Strike"],"picked":"SKIP","floor":27},{"not_picked":["Feed","Brutality"],"picked":"Reaper","floor":33},{"not_picked":["Anger+1","Perfected Strike+1"],"picked":"Armaments+1","floor":35},{"not_picked":["Combust","Headbutt"],"picked":"Clash+1","floor":39},{"not_picked":["Shrug It Off+1","Warcry+1"],"picked":"Anger+1","floor":45},{"not_picked":["Ghostly Armor+1","Clothesline+1","Pommel Strike+1"],"picked":"SKIP","floor":46},{"not_picked":["Demon Form","Fiend Fire"],"picked":"Limit Break","floor":50},{"not_picked":["Sword Boomerang","Body Slam","Wild Strike"],"picked":"SKIP","floor":52},{"not_picked":["Shrug It Off","Cleave"],"picked":"Iron Wave","floor":56},{"not_picked":["Cleave","Evolve","Ghostly Armor"],"picked":"SKIP","floor":57},{"not_picked":["Perfected Strike","Rupture"],"picked":"Clash","floor":59},{"not_picked":["Headbutt","Cleave","Burning Pact"],"picked":"SKIP","floor":63},{"not_picked":["Dropkick","True Grit","Hemokinesis"],"picked":"SKIP","floor":65},{"not_picked":["Impervious","Reaper"],"picked":"Feed","floor":67},{"not_picked":["Dual Wield","Burning Pact"],"picked":"Iron Wave","floor":69},{"not_picked":["Burning Pact","Evolve+1"],"picked":"Pummel","floor":70},{"not_picked":["Sword Boomerang+1","Offering"],"picked":"Limit Break","floor":74},{"not_picked":["Body Slam+1","Disarm+1"],"picked":"Iron Wave","floor":75}],"player_experience":549617,"relics_obtained":[{"floor":9,"key":"Bronze Scales"},{"floor":14,"key":"Shovel"},{"floor":15,"key":"Self Forming Clay"},{"floor":23,"key":"Bag of Marbles"},{"floor":26,"key":"Nunchaku"},{"floor":31,"key":"Anchor"},{"floor":36,"key":"Ice Cream"},{"floor":39,"key":"Turnip"},{"floor":42,"key":"MawBank"},{"floor":43,"key":"Boot"},{"floor":46,"key":"Ornamental Fan"},{"floor":58,"key":"Regal Pillow"},{"floor":60,"key":"War Paint"},{"floor":61,"key":"Vajra"},{"floor":64,"key":"Tiny Chest"},{"floor":66,"key":"Bottled Flame"},{"floor":71,"key":"Red Mask"}],"event_choices":[{"damage_healed":0,"gold_gain":175,"player_choice":"AGREE","damage_taken":0,"max_hp_gain":0,"max_hp_loss":0,"event_name":"Liars Game","floor":3,"gold_loss":0,"cards_obtained":["Doubt"]},{"damage_healed":0,"gold_gain":0,"player_choice":"Donut","damage_taken":0,"max_hp_gain":5,"max_hp_loss":0,"event_name":"Big Fish","floor":4,"gold_loss":0},{"cards_removed":["Defend_R"],"damage_healed":0,"gold_gain":0,"player_choice":"Elegance","damage_taken":0,"max_hp_gain":0,"max_hp_loss":0,"event_name":"Back to Basics","floor":19,"gold_loss":0},{"cards_removed":["Strike_R"],"damage_healed":0,"gold_gain":0,"player_choice":"Single Remove","damage_taken":0,"max_hp_gain":0,"max_hp_loss":0,"event_name":"Designer","floor":22,"gold_loss":60},{"damage_healed":0,"gold_gain":0,"player_choice":"Bought 1 Potion","damage_taken":0,"max_hp_gain":0,"max_hp_loss":0,"event_name":"The Woman in Blue","floor":29,"gold_loss":0},{"damage_healed":0,"gold_gain":0,"player_choice":"Fight","damage_taken":0,"max_hp_gain":0,"max_hp_loss":0,"event_name":"MindBloom","floor":36,"gold_loss":0},{"cards_removed":["Defend_R"],"damage_healed":0,"gold_gain":0,"player_choice":"Removed Skill","damage_taken":0,"max_hp_gain":0,"max_hp_loss":0,"event_name":"Falling","floor":37,"gold_loss":0},{"damage_healed":0,"gold_gain":0,"player_choice":"Max HP","damage_taken":0,"max_hp_gain":0,"max_hp_loss":4,"event_name":"Winding Halls","floor":38,"gold_loss":0},{"damage_healed":0,"gold_gain":0,"player_choice":"Fight","damage_taken":0,"max_hp_gain":0,"max_hp_loss":0,"event_name":"Mysterious Sphere","floor":39,"gold_loss":0},{"damage_healed":0,"gold_gain":0,"player_choice":"Ignored","damage_taken":0,"max_hp_gain":0,"max_hp_loss":0,"event_name":"Tomb of Lord Red Mask","floor":41,"gold_loss":0},{"damage_healed":0,"gold_gain":0,"cards_transformed":["Strike_R"],"player_choice":"Transformed","damage_taken":0,"max_hp_gain":0,"max_hp_loss":0,"event_name":"Transmorgrifier","floor":54,"gold_loss":0,"cards_obtained":["Combust"]},{"damage_healed":0,"gold_gain":75,"player_choice":"Gather Gold","damage_taken":11,"max_hp_gain":0,"max_hp_loss":0,"event_name":"World of Goop","floor":62,"gold_loss":0},{"damage_healed":0,"gold_gain":0,"player_choice":"Fought Bandits","damage_taken":0,"max_hp_gain":0,"max_hp_loss":0,"event_name":"Masked Bandits","floor":71,"gold_loss":0},{"cards_removed":["Defend_R"],"damage_healed":0,"gold_gain":0,"player_choice":"Offered Basic","damage_taken":0,"max_hp_gain":0,"max_hp_loss":0,"event_name":"Bonfire Elementals","floor":73,"gold_loss":0}],"is_beta":false,"boss_relics":[{"not_picked":["Fusion Hammer","Busted Crown"],"picked":"Philosopher\u0027s Stone"},{"not_picked":["Sozu","Astrolabe"],"picked":"SacredBark"},{"not_picked":["Empty Cage","SlaversCollar"],"picked":"Black Star"},{"not_picked":["BlightedDurian"],"picked":"Scatterbrain"}],"items_purged_floors":[7,13,44,53],"is_endless":true,"potions_floor_spawned":[1,5,8,23,27,39,46,57,59,71,74],"killed_by":"Snake Plant","ascension_level":0}}