{"host":"y7357sx8ps3jkgoj","time":1613187870,"event":{"mods":["BaseMod","Downfall","Friendly Minions","Minty Spire (QoL Compilation)","Permanent Neow","Relic Stats","Shop Mod","Spire Arcade","StSLib","The Alterego","Uncapped","Unceasing Turn Reminder"],"gold_per_floor":[199,214,228,243,262,262,262,262,294,294,312,312,312,329,346,374,391,486,486,486,501,6,106,121,137,157,157,157,157,184,202,202,202,402,402,436,30,72,119,148,288,288,188,209,237,477,227,265,265,310,344,353,162,16,75,84,114,139,139,139,198,12,12,12,12],"floor_reached":66,"language":"ENG","playtime":7083,"items_purged":["sneckomod:Strike","Doubt"],"score":1479,"play_id":"a97d7d6b-0748-4e27-8241-09308f424972","local_time":"20210212214430","is_ascension_mode":false,"campfire_choices":[{"data":"sneckomod:Nope","floor":10,"key":"SMITH"},{"data":"sneckomod:QuickBite","floor":13,"key":"SMITH"},{"data":"sneckomod:UnknownRarePower","floor":20,"key":"SMITH"},{"floor":43,"key":"RECALL"},{"floor":63,"key":"REST"}],"circlet_count":0,"master_deck":["sneckomod:Defend+1","sneckomod:Defend","sneckomod:Defend","sneckomod:TailWhip","sneckomod:SnekBite","hexamod:Haunt","sneckomod:SerpentIdol","sneckomod:Nope+1","sneckomod:QuickBite+1","sneckomod:UnknownX","hexamod:TimeOfNeed","sneckomod:UnknownUncommonAttack","sneckomod:SoulCleanse","sneckomod:UnknownDraw","sneckomod:Unknown0Cost","sneckomod:UnknownBlock","sneckomod:UnknownExhaust","sneckomod:UnknownRarePower+1","sneckomod:UnknownDraw+1","sneckomod:UnknownUncommonPower","sneckomod:UnknownCommonSkill+1","J.A.X.","sneckomod:DefensiveFlair","sneckomod:DiceCrush","sneckomod:UnknownClassPassionlip_Purple+1","sneckomod:CheapStock","sneckomod:MorePower","sneckomod:SoulDraw+1","sneckomod:ImprovisedAttack+1","alterego_mod:BigMeatyClaws+1","downfall:Haunted","sneckomod:Unknown2Cost+1","sneckomod:Cheat","hexamod:ThirdSeal","sneckomod:UnknownRarePower+1","sneckomod:DiceCrush+1","sneckomod:UnendingSupply","sneckomod:MasterEye","sneckomod:MasterEye","hexamod:FourthSeal","sneckomod:Unknown3Cost+1","sneckomod:WideSting","sneckomod:UnknownRarePower+1","sneckomod:UnknownBoss","sneckomod:UnknownUncommonAttack+1","sneckomod:Nope+1","bronze:FunctionCard","sneckomod:UnknownRareAttack+1","sneckomod:Unknown3Cost","sneckomod:UnknownClassTHE_BRONZE_AUTOMATON+1","sneckomod:Rotation+1","sneckomod:QuickMove+1","sneckomod:UnknownBoss","sneckomod:UnlimitedRolls","bronze:FunctionCard","sneckomod:UnknownClassPassionlip_Purple","hexamod:FirstSeal","sneckomod:WideSting+1","sneckomod:MasterEye+1","sneckomod:WideSting+1","sneckomod:UnknownWeak+1","sneckomod:ImprovisedGuard+1","sneckomod:PureSnecko+1","expansioncontent:YouAreMine","alterego_mod:BreastValley+1","sneckomod:UnendingSupply","sneckomod:UnknownUncommonAttack+1","alterego_mod:IdEs+1","sneckomod:UnknownBlock+1","sneckomod:Mudshield","sneckomod:UnknownClassPassionlip_Purple+1","sneckomod:UnknownRareSkill","sneckomod:PureSnecko+1","sneckomod:Unknown3Cost+1","sneckomod:DiceCrush"],"relics":["sneckomod:SneckoSoul","downfall:ShatteredFragment","White Beast Statue","Ornamental Fan","Thread and Needle","Cursed Key","ClockworkSouvenir","Pantograph","MutagenicStrength","The Courier","Question Card","Blood Vial","Membership Card","Matryoshka","Omamori","CeramicFish","Art of War","Fusion Hammer","downfall:HeartBlessingGreen","DollysMirror","Blue Candle","StoneCalendar","Letter Opener","Strawberry","sneckomod:SneckoCommon","Whetstone","PreservedInsect","downfall:HeartBlessingRed","downfall:HeartBlessingBlue","Toy Ornithopter","Toolbox","Mango","Bag of Preparation","Chemical X","Lantern","Happy Flower"],"acts_visited":["Exordium","TheCity","TheBeyond","TheEnding"],"potions_floor_usage":[15,18,36,36,37,37,59,65,65],"damage_taken":[{"damage":6,"enemies":"Jaw Worm","floor":2,"turns":4},{"damage":2,"enemies":"Small Slimes","floor":3,"turns":3},{"damage":2,"enemies":"2 Louse","floor":4,"turns":3},{"damage":2,"enemies":"2 Fungi Beasts","floor":5,"turns":3},{"damage":21,"enemies":"3 Sentries","floor":9,"turns":8},{"damage":9,"enemies":"Red Slaver","floor":11,"turns":3},{"damage":2,"enemies":"Lots of Slimes","floor":14,"turns":4},{"damage":7,"enemies":"Exordium Wildlife","floor":15,"turns":3},{"damage":2,"enemies":"Lagavulin","floor":16,"turns":3},{"damage":0,"enemies":"Blue Slaver","floor":17,"turns":2},{"damage":7,"enemies":"IC_STATUS_ARCHETYPE","floor":18,"turns":6},{"damage":1,"enemies":"Chosen","floor":21,"turns":5},{"damage":7,"enemies":"downfall:FleeingMerchant","floor":22,"turns":4},{"damage":12,"enemies":"downfall:Augmenter","floor":23,"turns":7},{"damage":2,"enemies":"Spheric Guardian","floor":24,"turns":3},{"damage":2,"enemies":"Snake Plant","floor":25,"turns":5},{"damage":0,"enemies":"Shelled Parasite and Fungi","floor":26,"turns":5},{"damage":3,"enemies":"Gremlin Leader","floor":30,"turns":5},{"damage":4,"enemies":"Sentry and Sphere","floor":31,"turns":6},{"damage":7,"enemies":"Book of Stabbing","floor":36,"turns":5},{"damage":0,"enemies":"downfall:FleeingMerchant","floor":37,"turns":4},{"damage":10,"enemies":"Snecko","floor":38,"turns":5},{"damage":23,"enemies":"Gremlin Leader","floor":39,"turns":5},{"damage":7,"enemies":"3 Cultists","floor":40,"turns":3},{"damage":10,"enemies":"WA_ARCHETYPE_CALM","floor":41,"turns":10},{"damage":8,"enemies":"3 Darklings","floor":44,"turns":4},{"damage":2,"enemies":"Orb Walker","floor":45,"turns":2},{"damage":0,"enemies":"downfall:FleeingMerchant","floor":47,"turns":4},{"damage":0,"enemies":"Maw","floor":48,"turns":4},{"damage":3,"enemies":"Transient","floor":50,"turns":5},{"damage":1,"enemies":"Jaw Worm Horde","floor":51,"turns":3},{"damage":11,"enemies":"Jaw Worm Horde","floor":55,"turns":4},{"damage":1,"enemies":"Maw","floor":57,"turns":5},{"damage":18,"enemies":"Spire Growth","floor":58,"turns":4},{"damage":23,"enemies":"DF_ARCHETYPE_ORBS","floor":59,"turns":4},{"damage":51,"enemies":"downfall:CharBossMerchant","floor":61,"turns":8},{"damage":0,"enemies":"downfall:NeowBoss","floor":64,"turns":8},{"damage":66,"enemies":"downfall:NeowBossFinal","floor":65,"turns":9}],"seed_played":"-5110802870932693757","potions_obtained":[{"floor":5,"key":"Weak Potion"},{"floor":9,"key":"DistilledChaos"},{"floor":11,"key":"Guardian:BlockOnCardUsePotion"},{"floor":15,"key":"champ:CounterPotion"},{"floor":16,"key":"LiquidMemories"},{"floor":18,"key":"champ:CounterPotion"},{"floor":24,"key":"PowerPotion"},{"floor":25,"key":"Energy Potion"},{"floor":36,"key":"Energy Potion"},{"floor":37,"key":"Ancient Potion"},{"floor":38,"key":"FearPotion"},{"floor":40,"key":"DuplicationPotion"},{"floor":41,"key":"SteroidPotion"},{"floor":46,"key":"EssenceOfSteel"},{"floor":57,"key":"DuplicationPotion"},{"floor":61,"key":"GamblersBrew"}],"is_trial":false,"path_per_floor":["R","M","M","M","M","?","R","T","E","R","M","?","R","M","M","E","M","B",null,"R","M","$","?","M","M","M","T","T","T","E","M","?","R","?","?","E","$","M","E","M","B",null,"R","M","M","?","$","M","T","M","M","?","R","$","?","R","M","M","B",null,"E","$","R","B","B",null],"character_chosen":"THE_SNECKO","items_purchased":["ClockworkSouvenir","Pantograph","Membership Card","Matryoshka","Omamori","CeramicFish","sneckomod:UnendingSupply","sneckomod:MasterEye","sneckomod:MasterEye","DollysMirror","Blue Candle","StoneCalendar","Letter Opener","Strawberry","sneckomod:SneckoCommon","Whetstone","sneckomod:UnendingSupply","Toy Ornithopter","Toolbox","Chemical X","Lantern","Happy Flower","sneckomod:DiceCrush"],"campfire_rested":1,"item_purchase_floors":[22,22,37,37,37,37,37,37,37,47,47,47,47,47,47,47,54,54,54,62,62,62,62],"current_hp_per_floor":[90,84,82,80,78,57,57,57,36,36,27,57,57,55,57,55,57,50,90,90,89,82,84,82,88,88,88,88,88,85,84,84,84,84,84,79,90,80,66,61,81,90,90,82,82,82,91,93,93,97,96,86,96,96,113,113,121,106,98,121,70,70,106,121,121],"gold":12,"neow_bonus":"HUNDRED_GOLD","is_daily":false,"chose_seed":false,"campfire_upgraded":3,"win_rate":0.0,"timestamp":1613187870,"path_taken":["R","M","M","M","M","?","R","T","E","R","M","?","R","?","M","E","M","BOSS","R","M","$","?","M","M","M","T","T","?","E","M","?","R","?","?","E","$","?","E","M","BOSS","R","M","?","?","$","M","T","M","M","?","R","$","?","R","M","M","BOSS","E","$","R","BOSS","BOSS"],"items_purchased_type":["Relic","Relic","Relic","Relic","Relic","Relic","Card","Card","Card","Relic","Relic","Relic","Relic","Relic","Relic","Relic","Card","Relic","Relic","Relic","Relic","Relic","Card"],"build_version":"2020-12-22","purchased_purges":2,"victory":true,"max_hp_per_floor":[90,90,90,90,90,90,90,90,90,90,90,90,90,90,90,90,90,90,90,90,90,90,90,90,90,90,90,90,90,90,90,90,90,90,90,90,90,90,90,90,90,90,90,90,90,90,97,97,97,97,97,97,107,107,121,121,121,121,121,121,121,121,121,121,121],"relic_stats":{"Happy Flower":[5],"counters":[38,178],"CeramicFish":360,"Blue Candle":[5],"StoneCalendar":[103],"PreservedInsect":100,"Bag of Preparation":[4],"Letter Opener":[172],"Whetstone":["sneckomod:UnknownRareAttack","sneckomod:ImprovisedAttack"],"Cursed Key":2,"Question Card":41,"Blood Vial":24,"Ornamental Fan":[748],"Pantograph":51,"Art of War":[0],"Chemical X":[12],"obtain_stats":[{"Lantern":62,"sneckomod:SneckoCommon":47,"CeramicFish":37,"downfall:HeartBlessingGreen":43,"StoneCalendar":47,"Mango":55,"Bag of Preparation":61,"Whetstone":47,"sneckomod:SneckoSoul":0,"Cursed Key":19,"ClockworkSouvenir":22,"Blood Vial":36,"Matryoshka":37,"DollysMirror":47,"downfall:HeartBlessingBlue":53,"Pantograph":22,"Strawberry":47,"Toolbox":54,"Fusion Hammer":42,"Chemical X":62,"downfall:ShatteredFragment":6,"downfall:HeartBlessingRed":53,"Happy Flower":62,"Blue Candle":47,"Thread and Needle":16,"The Courier":27,"PreservedInsect":49,"Omamori":37,"Letter Opener":47,"Question Card":30,"White Beast Statue":8,"Ornamental Fan":9,"MutagenicStrength":23,"Art of War":39,"Membership Card":37,"Toy Ornithopter":54},{"Lantern":36,"sneckomod:SneckoCommon":28,"CeramicFish":21,"downfall:HeartBlessingGreen":25,"StoneCalendar":28,"Mango":32,"Bag of Preparation":36,"Whetstone":28,"sneckomod:SneckoSoul":0,"Cursed Key":11,"ClockworkSouvenir":13,"Blood Vial":20,"Matryoshka":21,"DollysMirror":28,"downfall:HeartBlessingBlue":31,"Pantograph":13,"Strawberry":28,"Toolbox":31,"Fusion Hammer":25,"Chemical X":36,"downfall:ShatteredFragment":4,"downfall:HeartBlessingRed":31,"Happy Flower":36,"Blue Candle":28,"Thread and Needle":9,"The Courier":17,"PreservedInsect":29,"Omamori":21,"Letter Opener":28,"Question Card":18,"White Beast Statue":4,"Ornamental Fan":5,"MutagenicStrength":14,"Art of War":23,"Membership Card":21,"Toy Ornithopter":31},{"Lantern":161,"sneckomod:SneckoCommon":124,"CeramicFish":91,"downfall:HeartBlessingGreen":114,"StoneCalendar":124,"Mango":140,"Bag of Preparation":161,"Whetstone":124,"sneckomod:SneckoSoul":0,"Cursed Key":42,"ClockworkSouvenir":51,"Blood Vial":87,"Matryoshka":91,"DollysMirror":124,"downfall:HeartBlessingBlue":136,"Pantograph":51,"Strawberry":124,"Toolbox":136,"Fusion Hammer":114,"Chemical X":161,"downfall:ShatteredFragment":13,"downfall:HeartBlessingRed":136,"Happy Flower":161,"Blue Candle":124,"Thread and Needle":34,"The Courier":71,"PreservedInsect":128,"Omamori":91,"Letter Opener":124,"Question Card":76,"White Beast Statue":13,"Ornamental Fan":21,"MutagenicStrength":58,"Art of War":101,"Membership Card":91,"Toy Ornithopter":136}],"Toy Ornithopter":0},"card_choices":[{"not_picked":["sneckomod:SoulDraw","sneckomod:UnknownCommonSkill"],"picked":"sneckomod:SerpentIdol","floor":2},{"not_picked":["sneckomod:DefensiveFlair","sneckomod:DiceBlock"],"picked":"sneckomod:Nope","floor":3},{"not_picked":["sneckomod:DiceCrush","sneckomod:RainOfDice"],"picked":"sneckomod:QuickBite","floor":4},{"not_picked":["sneckomod:UnendingSupply","sneckomod:Unknown1Cost"],"picked":"sneckomod:UnknownX","floor":5},{"not_picked":["sneckomod:QuickBite","sneckomod:DiceCrush"],"picked":"sneckomod:UnknownUncommonAttack","floor":9},{"not_picked":["sneckomod:WideSting","sneckomod:SnakeSap"],"picked":"sneckomod:SoulCleanse","floor":11},{"not_picked":["sneckomod:Nope","sneckomod:UnknownBlock"],"picked":"sneckomod:UnknownDraw","floor":14},{"not_picked":["sneckomod:DefensiveFlair","sneckomod:IronFang"],"picked":"sneckomod:Unknown0Cost","floor":15},{"not_picked":["sneckomod:Restock","sneckomod:SoulRoll"],"picked":"sneckomod:UnknownBlock","floor":16},{"not_picked":["sneckomod:SoulRoll","sneckomod:CheapStock"],"picked":"sneckomod:UnknownExhaust","floor":17},{"not_picked":["sneckomod:SoulExchange","sneckomod:Mudshield"],"picked":"sneckomod:UnknownRarePower","floor":18},{"not_picked":["sneckomod:SlitherStrike","sneckomod:QuickBite"],"picked":"sneckomod:UnknownDraw+1","floor":21},{"not_picked":["sneckomod:IronFang+1","sneckomod:UnknownX"],"picked":"sneckomod:UnknownUncommonPower","floor":22},{"not_picked":["sneckomod:UnknownDraw","sneckomod:QuickMove"],"picked":"sneckomod:UnknownCommonSkill+1","floor":23},{"not_picked":[],"picked":"J.A.X.","floor":23},{"not_picked":["sneckomod:IronFang","sneckomod:SoulRoll"],"picked":"sneckomod:UnknownClassPassionlip_Purple","floor":24},{"not_picked":["sneckomod:SerpentIdol","sneckomod:SnekBeam"],"picked":"sneckomod:CheapStock","floor":25},{"not_picked":["sneckomod:SoulDraw+1","sneckomod:SnekBeam"],"picked":"sneckomod:MorePower","floor":26},{"not_picked":["sneckomod:UnknownClassHEXA_GHOST_PURPLE+1","sneckomod:UnknownStrike+1"],"picked":"sneckomod:UnknownX+1","floor":30},{"not_picked":["sneckomod:DiceBoulder","sneckomod:Unknown1Cost"],"picked":"sneckomod:SoulDraw+1","floor":30},{"not_picked":["sneckomod:UnknownX+1","sneckomod:UnknownExhaust+1"],"picked":"sneckomod:UnknownUncommonPower+1","floor":31},{"not_picked":["sneckomod:UnknownBlock","sneckomod:DiceBoulder","sneckomod:IronFang"],"picked":"sneckomod:ImprovisedAttack","floor":31},{"not_picked":["sneckomod:UnknownDraw+1","sneckomod:UnknownVulnerable+1"],"picked":"sneckomod:Unknown2Cost+1","floor":36},{"not_picked":["sneckomod:UnknownCommonSkill","sneckomod:QuickBite","sneckomod:DiceBlock+1"],"picked":"sneckomod:Cheat","floor":36},{"not_picked":["hexamod:FirstSeal","hexamod:FourthSeal"],"picked":"hexamod:ThirdSeal","floor":37},{"not_picked":["sneckomod:UnknownVulnerable+1","sneckomod:UnknownCommonSkill+1"],"picked":"sneckomod:UnknownRarePower+1","floor":37},{"not_picked":["sneckomod:SoulDraw","sneckomod:SoulCleanse","sneckomod:ImprovisedAttack+1"],"picked":"sneckomod:DiceCrush+1","floor":37},{"not_picked":["hexamod:ThirdSeal","hexamod:SecondSeal"],"picked":"hexamod:FourthSeal","floor":38},{"not_picked":["sneckomod:Unknown1Cost+1","sneckomod:UnknownExhaust+1"],"picked":"sneckomod:Unknown3Cost+1","floor":38},{"not_picked":["sneckomod:RainOfDice","sneckomod:QuickBite","sneckomod:UnknownCommonSkill"],"picked":"sneckomod:WideSting","floor":38},{"not_picked":["sneckomod:UnknownBlock+1","sneckomod:UnknownClassTHE_BRONZE_AUTOMATON+1"],"picked":"sneckomod:UnknownRarePower+1","floor":39},{"not_picked":["sneckomod:DiceCrush","sneckomod:QuickBite","sneckomod:DangerNoodle"],"picked":"sneckomod:UnknownBoss","floor":39},{"not_picked":["sneckomod:UnknownClassTHE_BRONZE_AUTOMATON","sneckomod:QuickBite","sneckomod:UnknownClassHEXA_GHOST_PURPLE+1"],"picked":"sneckomod:UnknownUncommonAttack+1","floor":40},{"not_picked":["sneckomod:Unknown1Cost","sneckomod:QuickMove","sneckomod:QuickBite"],"picked":"sneckomod:Nope+1","floor":40},{"not_picked":["sneckomod:SoulExchange","sneckomod:UnknownRarePower","sneckomod:SerpentMind"],"picked":"sneckomod:UnknownRareAttack","floor":41},{"not_picked":["sneckomod:UnknownRareSkill","sneckomod:MorePower","sneckomod:DangerNoodle"],"picked":"sneckomod:Unknown3Cost","floor":41},{"not_picked":["sneckomod:Unknown1Cost+1","sneckomod:UnknownCommonSkill+1"],"picked":"sneckomod:UnknownClassTHE_BRONZE_AUTOMATON+1","floor":41},{"not_picked":["sneckomod:DiceBlock+1","sneckomod:QuickBite","sneckomod:IronFang"],"picked":"sneckomod:Rotation+1","floor":44},{"not_picked":["sneckomod:UnknownClassHEXA_GHOST_PURPLE","sneckomod:Unknown2Cost","sneckomod:UnendingSupply"],"picked":"sneckomod:QuickMove+1","floor":45},{"not_picked":["sneckomod:SoulCleanse","sneckomod:UnknownCommonAttack+1","sneckomod:SnakeSap"],"picked":"sneckomod:UnknownBoss","floor":47},{"not_picked":["sneckomod:WideSting","sneckomod:UnknownVulnerable","sneckomod:UnknownBlock"],"picked":"sneckomod:UnlimitedRolls","floor":47},{"not_picked":["hexamod:FourthSeal","hexamod:SecondSeal"],"picked":"hexamod:FirstSeal","floor":48},{"not_picked":["sneckomod:UnknownDraw+1","sneckomod:Unknown1Cost+1"],"picked":"sneckomod:Unknown3Cost+1","floor":48},{"not_picked":["sneckomod:DiceBlock","sneckomod:UnknownCommonSkill","sneckomod:SoulDraw"],"picked":"sneckomod:WideSting+1","floor":48},{"not_picked":["sneckomod:ImprovisedGuard","sneckomod:RainOfDice+1","sneckomod:IronFang+1"],"picked":"sneckomod:MasterEye+1","floor":50},{"not_picked":["sneckomod:DiceCrush","sneckomod:QuickMove","sneckomod:Nope"],"picked":"sneckomod:WideSting+1","floor":50},{"not_picked":["sneckomod:UnknownUncommonSkill+1","sneckomod:UnknownExhaust+1"],"picked":"sneckomod:UnknownWeak+1","floor":50},{"not_picked":["sneckomod:QuickBite","sneckomod:UnknownBoss","sneckomod:RainOfDice"],"picked":"sneckomod:ImprovisedGuard+1","floor":51},{"not_picked":["sneckomod:QuickMove","sneckomod:DiceCrush","sneckomod:Unknown2Cost+1"],"picked":"sneckomod:PureSnecko+1","floor":51},{"not_picked":["expansioncontent:PolyBeam","expansioncontent:LastStand"],"picked":"expansioncontent:YouAreMine","floor":52},{"not_picked":["sneckomod:Rotation","sneckomod:TrashToTreasure","sneckomod:DiceBlock+1"],"picked":"sneckomod:UnknownUncommonAttack+1","floor":55},{"not_picked":["sneckomod:UnknownBoss+1","sneckomod:UnknownUncommonAttack+1"],"picked":"sneckomod:UnknownBlock+1","floor":57},{"not_picked":["sneckomod:SoulDraw","sneckomod:UnendingSupply+1","sneckomod:UnknownCommonAttack"],"picked":"sneckomod:Mudshield","floor":57},{"not_picked":["sneckomod:Rotation+1","sneckomod:UnendingSupply","sneckomod:UnknownUncommonAttack+1"],"picked":"sneckomod:UnknownClassPassionlip_Purple+1","floor":58},{"not_picked":["sneckomod:UnknownClassTHE_BRONZE_AUTOMATON","sneckomod:Nope","sneckomod:DefensiveFlair"],"picked":"sneckomod:UnknownRareSkill","floor":61},{"not_picked":["sneckomod:Unknown0Cost+1","sneckomod:IronFang","sneckomod:UnknownDraw"],"picked":"sneckomod:PureSnecko+1","floor":61},{"not_picked":["sneckomod:UnknownUncommonPower+1","sneckomod:UnknownUncommonSkill+1"],"picked":"sneckomod:Unknown3Cost+1","floor":61}],"player_experience":436053,"relics_obtained":[{"floor":8,"key":"White Beast Statue"},{"floor":9,"key":"Ornamental Fan"},{"floor":16,"key":"Thread and Needle"},{"floor":23,"key":"MutagenicStrength"},{"floor":27,"key":"The Courier"},{"floor":30,"key":"Question Card"},{"floor":36,"key":"Blood Vial"},{"floor":39,"key":"Art of War"},{"floor":49,"key":"PreservedInsect"},{"floor":55,"key":"Mango"},{"floor":61,"key":"Bag of Preparation"}],"event_choices":[{"damage_healed":30,"gold_gain":0,"player_choice":"Banana","damage_taken":0,"max_hp_gain":0,"max_hp_loss":0,"event_name":"Big Fish","floor":12,"gold_loss":0},{"damage_healed":0,"gold_gain":0,"player_choice":"Forge","damage_taken":0,"max_hp_gain":0,"max_hp_loss":0,"event_name":"Accursed Blacksmith","floor":35,"gold_loss":0,"cards_upgraded":["sneckomod:UnknownClassPassionlip_Purple"]}],"is_beta":false,"boss_relics":[{"not_picked":["Pandora\u0027s Box","Calling Bell"],"picked":"Cursed Key"},{"not_picked":["Velvet Choker","sneckomod:SuperSneckoSoul"],"picked":"Fusion Hammer"}],"items_purged_floors":[22,47],"is_endless":false,"potions_floor_spawned":[5,9,11,14,15,16,17,18,21,22,23,24,25,26,30,31,36,37,38,39,40,41,44,45,47,48,50,51,55,57,58,61],"ascension_level":0}}