{"host":"7yyoe0ei0fseceei","time":1613244706,"event":{"mods":["BaseMod","Colored Map","Highlight Path","Minty Spire (QoL Compilation)","Quick Restart"],"gold_per_floor":[110,185,16,16,30,56,70,14,59,59,74,109,30,30,30,104,104,114,124,139,157,157,157,157],"floor_reached":23,"language":"ENG","playtime":1098,"items_purged":[],"score":477,"play_id":"66fd7494-c124-4f1b-8208-460cff953efb","local_time":"20210213203146","is_ascension_mode":true,"campfire_choices":[{"data":"Leap","floor":10,"key":"SMITH"},{"data":"Creative AI","floor":15,"key":"SMITH"}],"circlet_count":0,"master_deck":["AscendersBane","Zap","Dualcast","Steam","BootSequence","Ball Lightning","Self Repair+1","Self Repair","Glacier+1","Leap+1","Self Repair","Creative AI+1","Amplify","Aggregate","Turbo","Scrape","Static Discharge","Sweeping Beam","Go for the Eyes","Core Surge","Self Repair","Chaos","Steam","Ball Lightning","Loop"],"relics":["Cracked Core","NeowsBlessing","Blood Vial","Pen Nib","Akabeko","Pandora\u0027s Box"],"acts_visited":["Exordium","TheCity"],"potions_floor_usage":[12,16,18,21],"damage_taken":[{"damage":0,"enemies":"Small Slimes","floor":1,"turns":1},{"damage":0,"enemies":"Jaw Worm","floor":5,"turns":1},{"damage":0,"enemies":"Gremlin Nob","floor":6,"turns":1},{"damage":0,"enemies":"Cultist","floor":7,"turns":5},{"damage":0,"enemies":"Looter","floor":11,"turns":4},{"damage":24,"enemies":"Lagavulin","floor":12,"turns":7},{"damage":51,"enemies":"The Guardian","floor":16,"turns":17},{"damage":0,"enemies":"2 Thieves","floor":18,"turns":1},{"damage":33,"enemies":"Spheric Guardian","floor":19,"turns":6},{"damage":68,"enemies":"Cultist and Chosen","floor":20,"turns":7},{"damage":29,"enemies":"Centurion and Healer","floor":21,"turns":17},{"damage":57,"enemies":"Book of Stabbing","floor":23,"turns":5}],"seed_played":"8702702062976411376","potions_obtained":[{"floor":6,"key":"Dexterity Potion"},{"floor":11,"key":"SkillPotion"},{"floor":16,"key":"AttackPotion"},{"floor":20,"key":"Regen Potion"}],"is_trial":false,"path_per_floor":["M","?","$","?","M","E","M","$","T","R","M","E","$","?","R","B",null,"M","M","M","M","?","E"],"character_chosen":"DEFECT","items_purchased":["BootSequence","Ball Lightning","Self Repair","PowerPotion","Creative AI"],"campfire_rested":0,"item_purchase_floors":[3,3,3,8,13],"current_hp_per_floor":[64,53,53,53,53,53,71,71,71,71,71,71,71,81,81,54,74,76,79,30,49,49,0,0],"gold":157,"neow_bonus":"THREE_ENEMY_KILL","is_daily":false,"chose_seed":false,"campfire_upgraded":2,"win_rate":0.0,"timestamp":1613244706,"path_taken":["M","?","$","?","M","E","?","$","T","R","M","E","$","?","R","BOSS","M","M","M","M","?","E"],"items_purchased_type":["Card","Card","Card","Potion","Card"],"build_version":"2020-12-22","purchased_purges":0,"victory":false,"max_hp_per_floor":[71,71,71,71,71,71,71,71,71,71,71,71,71,81,81,81,81,81,81,81,81,81,81,81],"card_choices":[{"not_picked":["Reprogram","Go for the Eyes"],"picked":"Steam","floor":1},{"not_picked":["Turbo","Darkness"],"picked":"Self Repair","floor":5},{"not_picked":["Beam Cell","Compile Driver"],"picked":"Glacier","floor":6},{"not_picked":["Go for the Eyes","Rip and Tear"],"picked":"Leap","floor":7},{"not_picked":["Coolheaded","Streamline"],"picked":"Self Repair","floor":11},{"not_picked":["Streamline","Turbo"],"picked":"Buffer","floor":12},{"not_picked":["Meteor Strike","Hyperbeam"],"picked":"Amplify","floor":16},{"not_picked":["Beam Cell","Go for the Eyes"],"picked":"Chaos","floor":18},{"not_picked":["Turbo","Consume"],"picked":"Steam","floor":19},{"not_picked":["Cold Snap","Recycle"],"picked":"Ball Lightning","floor":20},{"not_picked":["Fusion","Aggregate"],"picked":"Loop","floor":21}],"player_experience":916324,"relics_obtained":[{"floor":6,"key":"Blood Vial"},{"floor":9,"key":"Pen Nib"},{"floor":12,"key":"Akabeko"}],"event_choices":[{"damage_healed":0,"gold_gain":75,"player_choice":"Gather Gold","damage_taken":11,"max_hp_gain":0,"max_hp_loss":0,"event_name":"World of Goop","floor":2,"gold_loss":0},{"damage_healed":0,"gold_gain":0,"player_choice":"Upgraded","damage_taken":0,"max_hp_gain":0,"max_hp_loss":0,"event_name":"Upgrade Shrine","floor":4,"gold_loss":0,"cards_upgraded":["Self Repair"]},{"cards_removed":["Buffer"],"damage_healed":0,"gold_gain":0,"player_choice":"Offered Rare","damage_taken":0,"max_hp_gain":10,"max_hp_loss":0,"event_name":"Bonfire Elementals","floor":14,"gold_loss":0},{"damage_healed":0,"gold_gain":0,"player_choice":"Forge","damage_taken":0,"max_hp_gain":0,"max_hp_loss":0,"event_name":"Accursed Blacksmith","floor":22,"gold_loss":0,"cards_upgraded":["Glacier"]}],"is_beta":false,"boss_relics":[{"not_picked":["SlaversCollar","Coffee Dripper"],"picked":"Pandora\u0027s Box"}],"items_purged_floors":[],"is_endless":false,"potions_floor_spawned":[6,11,16,20],"killed_by":"Book of Stabbing","ascension_level":20}}