{"host":"knk89g45d3vzr5fm","time":1613223840,"event":{"mods":["2.2 Compatiblity","BaseMod","Downfall","Minty Spire (QoL Compilation)","Relic Stats","Reliquary","Replay The Spire","StSLib","The Marked"],"gold_per_floor":[99,118,129,229,243,7,53,72,0,16,16,46,62,62,62,62],"floor_reached":14,"language":"FRA","playtime":706,"items_purged":["sneckomod:Strike"],"score":124,"play_id":"29959073-0cf6-4063-a7ce-5d3ed9c0107e","local_time":"20210213144400","is_ascension_mode":true,"campfire_choices":[{"data":"sneckomod:SnekBite","floor":1,"key":"SMITH"}],"circlet_count":0,"master_deck":["sneckomod:Strike","sneckomod:Strike","sneckomod:Defend","sneckomod:Defend","sneckomod:Defend","sneckomod:TailWhip","sneckomod:SnekBite+1","sneckomod:Unknown","sneckomod:UnknownUncommonPower","sneckomod:SerpentMind","sneckomod:UnknownStrength","sneckomod:Unknown1Cost","sneckomod:UnknownUncommonAttack","sneckomod:QuickBite","sneckomod:UnendingSupply+1","sneckomod:SoulDraw","Self Repair","sneckomod:Unknown3Cost","sneckomod:UnendingSupply"],"relics":["sneckomod:SneckoSoul","Pen Nib","Replay:Baseball","Prayer Wheel"],"acts_visited":["Exordium"],"potions_floor_usage":[10,12,13],"damage_taken":[{"damage":0,"enemies":"Cultist","floor":2,"turns":4},{"damage":3,"enemies":"Small Slimes","floor":3,"turns":3},{"damage":7,"enemies":"Jaw Worm","floor":5,"turns":3},{"damage":0,"enemies":"downfall:FleeingMerchant","floor":6,"turns":4},{"damage":11,"enemies":"Blue Slaver","floor":8,"turns":4},{"damage":0,"enemies":"downfall:FleeingMerchant","floor":9,"turns":4},{"damage":3,"enemies":"Exordium Wildlife","floor":10,"turns":3},{"damage":15,"enemies":"Gremlin Nob","floor":12,"turns":4},{"damage":6,"enemies":"Exordium Thugs","floor":13,"turns":2},{"damage":60,"enemies":"3 Sentries","floor":14,"turns":6}],"seed_played":"-585858864425233942","potions_obtained":[{"floor":3,"key":"LiquidMemories"},{"floor":8,"key":"ColorlessPotion"},{"floor":10,"key":"Adrenaline Potion"},{"floor":13,"key":"Milkshake"}],"is_trial":false,"path_per_floor":["R","M","M","?","M","$","T","M","$","M","R","E","M","E"],"character_chosen":"THE_SNECKO","items_purchased":["Pen Nib","sneckomod:UnendingSupply+1"],"campfire_rested":0,"item_purchase_floors":[6,9],"current_hp_per_floor":[90,90,87,87,80,80,80,69,69,66,66,58,52,0,0,0],"gold":62,"neow_bonus":"TEN_PERCENT_HP_BONUS","is_daily":false,"chose_seed":false,"campfire_upgraded":1,"win_rate":0.0,"timestamp":1613223840,"path_taken":["R","M","?","?","M","$","T","M","?","M","R","E","M","E"],"items_purchased_type":["Relic","Card"],"build_version":"2020-12-22","purchased_purges":1,"victory":false,"max_hp_per_floor":[99,99,99,99,99,99,99,99,99,99,99,99,99,99,99,99],"relic_stats":{"counters":[10,37],"Prayer Wheel":0,"Pen Nib":[4],"obtain_stats":[{"Replay:Baseball":12,"Prayer Wheel":14,"Pen Nib":6,"sneckomod:SneckoSoul":0},{"Replay:Baseball":8,"Prayer Wheel":10,"Pen Nib":4,"sneckomod:SneckoSoul":0},{"Replay:Baseball":29,"Prayer Wheel":34,"Pen Nib":14,"sneckomod:SneckoSoul":0}]},"card_choices":[{"not_picked":["sneckomod:IronFang","sneckomod:UnknownDexterity"],"picked":"sneckomod:UnknownUncommonPower","floor":2},{"not_picked":["sneckomod:UnknownClassGREEN","sneckomod:UnknownCommonSkill"],"picked":"sneckomod:SerpentMind","floor":3},{"not_picked":["sneckomod:DiceBlock","sneckomod:UnknownClassPURPLE"],"picked":"sneckomod:UnknownStrength","floor":5},{"not_picked":["sneckomod:UnknownClassTHE_BRONZE_AUTOMATON","sneckomod:DefensiveFlair"],"picked":"sneckomod:Unknown1Cost","floor":6},{"not_picked":["sneckomod:SnakeSap","sneckomod:UnknownClassMARKED_PURPLE_COLOR"],"picked":"sneckomod:UnknownUncommonAttack","floor":8},{"not_picked":["sneckomod:DiceBoulder","sneckomod:WideSting"],"picked":"sneckomod:QuickBite","floor":9},{"not_picked":["sneckomod:UnknownExhaust","sneckomod:UnknownStrike"],"picked":"sneckomod:SoulDraw","floor":10},{"not_picked":["sneckomod:UnknownClassTHE_CHAMP_GRAY","sneckomod:SerpentIdol"],"picked":"sneckomod:Unknown3Cost","floor":12},{"not_picked":["sneckomod:QuickMove","sneckomod:UnknownClassGUARDIAN"],"picked":"sneckomod:UnendingSupply","floor":13}],"player_experience":2128881,"relics_obtained":[{"floor":12,"key":"Replay:Baseball"}],"event_choices":[],"is_beta":false,"boss_relics":[],"items_purged_floors":[6],"is_endless":false,"potions_floor_spawned":[3,8,10,13],"killed_by":"3 Sentries","ascension_level":7}}