{"host":"8ztb9kwpjc2zof9s","time":1613197032,"event":{"mods":["BaseMod","Block Reminder","Curses Come First","Minty Spire (QoL Compilation)","Relic Stats","StSLib"],"gold_per_floor":[112,122,122,136,136,136,174,174,251,295,125,125,168,31,31,154,154,168,34,34,47,47,47,47,47,72,92,92,92,142,162,162,162,162],"floor_reached":33,"language":"ENG","playtime":854,"items_purged":["Strike_G","Strike_G"],"score":440,"play_id":"e4f0e8a5-d5aa-4fa0-84f2-8c2f89ab3222","local_time":"20210212221712","is_ascension_mode":true,"campfire_choices":[{"data":"Deadly Poison","floor":6,"key":"SMITH"},{"floor":8,"key":"REST"},{"floor":12,"key":"REST"},{"floor":15,"key":"REST"},{"floor":23,"key":"REST"},{"data":"Noxious Fumes","floor":25,"key":"SMITH"},{"floor":32,"key":"REST"}],"circlet_count":0,"master_deck":["AscendersBane","Strike_G+1","Strike_G","Defend_G","Defend_G","Defend_G","Defend_G","Defend_G","Survivor","Neutralize+1","Dagger Spray","Bouncing Flask+1","Deadly Poison+1","Noxious Fumes","Noxious Fumes+1","Deadly Poison","Corpse Explosion","Bouncing Flask","Burst","Backflip+1","Backflip","PiercingWail","Footwork","Footwork"],"relics":["Ring of the Snake","WingedGreaves","Golden Idol","Pen Nib","Meat on the Bone","Whetstone","Gremlin Horn","Sozu","Potion Belt","Vajra","Bag of Marbles"],"acts_visited":["Exordium","TheCity"],"potions_floor_usage":[7,10],"damage_taken":[{"damage":3,"enemies":"Jaw Worm","floor":1,"turns":5},{"damage":0,"enemies":"Small Slimes","floor":2,"turns":3},{"damage":2,"enemies":"Cultist","floor":4,"turns":4},{"damage":26,"enemies":"Gremlin Nob","floor":7,"turns":4},{"damage":24,"enemies":"3 Sentries","floor":10,"turns":6},{"damage":32,"enemies":"Gremlin Nob","floor":13,"turns":4},{"damage":19,"enemies":"The Guardian","floor":16,"turns":8},{"damage":52,"enemies":"2 Thieves","floor":18,"turns":4},{"damage":0,"enemies":"Chosen","floor":21,"turns":4},{"damage":2,"enemies":"Centurion and Healer","floor":27,"turns":5},{"damage":31,"enemies":"Shelled Parasite and Fungi","floor":31,"turns":6},{"damage":46,"enemies":"Champ","floor":33,"turns":9}],"seed_played":"-3069464617763785326","potions_obtained":[{"floor":2,"key":"SteroidPotion"},{"floor":7,"key":"Swift Potion"}],"is_trial":false,"path_per_floor":["M","M","?","M","?","R","E","R","T","E","$","R","E","$","R","B",null,"M","?","$","M","$","R","?","R","T","M","?","?","T","M","R","B"],"character_chosen":"THE_SILENT","items_purchased":["Noxious Fumes","Deadly Poison","Bouncing Flask"],"campfire_rested":5,"item_purchase_floors":[11,11,14],"current_hp_per_floor":[42,42,42,40,40,40,14,33,33,21,21,40,20,20,39,32,57,17,17,17,29,29,48,48,48,48,46,46,46,46,27,46,0,0],"gold":162,"neow_bonus":"ONE_RARE_RELIC","is_daily":false,"chose_seed":false,"campfire_upgraded":2,"win_rate":0.0,"timestamp":1613197032,"path_taken":["M","M","?","M","?","R","E","R","T","E","?","R","E","$","R","BOSS","M","?","$","M","?","R","?","R","T","M","?","?","?","M","R","BOSS"],"items_purchased_type":["Card","Card","Card"],"build_version":"2020-12-22","purchased_purges":2,"victory":false,"max_hp_per_floor":[70,70,65,65,65,65,65,65,65,65,65,65,65,65,65,65,65,65,65,65,65,65,65,65,65,65,65,65,65,65,65,65,65,65],"relic_stats":{"Sozu":1,"Gremlin Horn":[1,1],"counters":[12,62],"Golden Idol":68,"Pen Nib":[3],"Whetstone":["Strike_G","Neutralize"],"obtain_stats":[{"Sozu":17,"Potion Belt":19,"Gremlin Horn":13,"Golden Idol":3,"Vajra":26,"WingedGreaves":0,"Pen Nib":7,"Bag of Marbles":30,"Whetstone":10,"Ring of the Snake":0,"Meat on the Bone":9},{"Sozu":7,"Potion Belt":8,"Gremlin Horn":6,"Golden Idol":2,"Vajra":9,"WingedGreaves":0,"Pen Nib":4,"Bag of Marbles":10,"Whetstone":5,"Ring of the Snake":0,"Meat on the Bone":4},{"Sozu":34,"Potion Belt":38,"Gremlin Horn":26,"Golden Idol":8,"Vajra":42,"WingedGreaves":0,"Pen Nib":16,"Bag of Marbles":47,"Whetstone":22,"Ring of the Snake":0,"Meat on the Bone":16}],"Ring of the Snake":[24],"Meat on the Bone":72},"card_choices":[{"not_picked":["Underhanded Strike","Sucker Punch"],"picked":"Dagger Spray","floor":1},{"not_picked":["Endless Agony","Deadly Poison"],"picked":"Bouncing Flask","floor":2},{"not_picked":["Dagger Spray","Slice"],"picked":"Deadly Poison","floor":4},{"not_picked":["Deflect","Heel Hook"],"picked":"Noxious Fumes","floor":7},{"not_picked":["Bullet Time","Infinite Blades","Prepared"],"picked":"SKIP","floor":10},{"not_picked":["Setup","Slice"],"picked":"Corpse Explosion","floor":13},{"not_picked":["A Thousand Cuts","Malaise"],"picked":"Burst","floor":16},{"not_picked":["Well Laid Plans","Acrobatics"],"picked":"Backflip+1","floor":18},{"not_picked":["Blade Dance","Heel Hook"],"picked":"Backflip","floor":21},{"not_picked":["Setup","Underhanded Strike"],"picked":"PiercingWail","floor":27},{"not_picked":["Caltrops+1","PiercingWail"],"picked":"Footwork","floor":31}],"player_experience":317830,"relics_obtained":[{"floor":7,"key":"Pen Nib"},{"floor":9,"key":"Meat on the Bone"},{"floor":10,"key":"Whetstone"},{"floor":13,"key":"Gremlin Horn"},{"floor":26,"key":"Vajra"},{"floor":30,"key":"Bag of Marbles"}],"event_choices":[{"damage_healed":0,"gold_gain":0,"player_choice":"Lose Max HP","damage_taken":0,"relics_obtained":["Golden Idol"],"max_hp_gain":0,"max_hp_loss":5,"event_name":"Golden Idol","floor":3,"gold_loss":0},{"damage_healed":0,"gold_gain":0,"player_choice":"Grow","damage_taken":0,"max_hp_gain":0,"max_hp_loss":0,"event_name":"Living Wall","floor":5,"gold_loss":0,"cards_upgraded":["Bouncing Flask"]},{"damage_healed":0,"gold_gain":0,"player_choice":"Paid Gold","damage_taken":0,"relics_obtained":["Potion Belt"],"max_hp_gain":0,"max_hp_loss":0,"event_name":"WeMeetAgain","floor":19,"gold_loss":134},{"damage_healed":0,"gold_gain":0,"player_choice":"Ignored","damage_taken":0,"max_hp_gain":0,"max_hp_loss":0,"event_name":"Vampires","floor":24,"gold_loss":0},{"damage_healed":0,"gold_gain":0,"player_choice":"Read","damage_taken":0,"max_hp_gain":0,"max_hp_loss":0,"event_name":"The Library","floor":28,"gold_loss":0,"cards_obtained":["Footwork"]},{"cards_removed":["Strike_G"],"damage_healed":0,"gold_gain":0,"player_choice":"Elegance","damage_taken":0,"max_hp_gain":0,"max_hp_loss":0,"event_name":"Back to Basics","floor":29,"gold_loss":0}],"is_beta":false,"boss_relics":[{"not_picked":["Runic Dome","Empty Cage"],"picked":"Sozu"}],"items_purged_floors":[11,14],"is_endless":false,"potions_floor_spawned":[2,7,31],"killed_by":"Champ","ascension_level":11}}