{"host":"1w6a2rjjfnt8te8e","time":1613210365,"event":{"mods":["AchievementEnabler","BaseMod","Colored Powertips","Googly Eyes","Highlight Path","Minty Spire (QoL Compilation)","Quick Restart","Relic Stats","StSLib"],"gold_per_floor":[110,130,14,32,46,79,79,110,110,145,52,62,11,31,31,127,127,145,159,175,175,175,175,175,175],"floor_reached":24,"language":"ENG","playtime":1003,"items_purged":[],"score":443,"play_id":"04b3cfdc-3092-44f3-901b-e203cd803abd","local_time":"20210213175925","is_ascension_mode":true,"campfire_choices":[{"floor":7.0,"key":"REST"},{"floor":15.0,"key":"REST"},{"data":"Ragnarok","floor":23,"key":"SMITH"}],"circlet_count":0,"master_deck":["AscendersBane","Strike_P","Strike_P","Strike_P","Strike_P","Defend_P","Defend_P","Defend_P","Defend_P","Eruption","Vigilance","SashWhip+1","MentalFortress","EmptyBody","Ragnarok+1","CutThroughFate","BowlingBash","Crescendo","Consecrate+1","WreathOfFlame","Adaptation","Protect","Halt+1","ClearTheMind"],"relics":["PureWater","Dream Catcher","Whetstone","Shuriken","Kunai","Singing Bowl","Coffee Dripper"],"acts_visited":["Exordium","TheCity"],"potions_floor_usage":[20,20,22,24,24,24],"damage_taken":[{"damage":0.0,"enemies":"Jaw Worm","floor":1.0,"turns":4.0},{"damage":4.0,"enemies":"Cultist","floor":2.0,"turns":5.0},{"damage":0.0,"enemies":"Small Slimes","floor":4.0,"turns":3.0},{"damage":11.0,"enemies":"Exordium Wildlife","floor":5.0,"turns":8.0},{"damage":26.0,"enemies":"Lagavulin","floor":6.0,"turns":9.0},{"damage":0.0,"enemies":"Gremlin Nob","floor":8.0,"turns":3.0},{"damage":22.0,"enemies":"3 Sentries","floor":10.0,"turns":6.0},{"damage":10.0,"enemies":"3 Louse","floor":12.0,"turns":4.0},{"damage":8.0,"enemies":"Lots of Slimes","floor":14.0,"turns":3.0},{"damage":0.0,"enemies":"Slime Boss","floor":16.0,"turns":3.0},{"damage":16,"enemies":"2 Thieves","floor":18,"turns":4},{"damage":13,"enemies":"Shell Parasite","floor":19,"turns":4},{"damage":0,"enemies":"Cultist and Chosen","floor":20,"turns":4},{"damage":2,"enemies":"Snecko","floor":22,"turns":4},{"damage":46,"enemies":"Gremlin Leader","floor":24,"turns":7}],"seed_played":"5713233756844963737","potions_obtained":[{"floor":1.0,"key":"EntropicBrew"},{"floor":6.0,"key":"LiquidMemories"},{"floor":8.0,"key":"Fruit Juice"},{"floor":10.0,"key":"StancePotion"},{"floor":14.0,"key":"SkillPotion"},{"floor":16.0,"key":"SneckoOil"},{"floor":19,"key":"Swift Potion"},{"floor":20,"key":"SmokeBomb"}],"is_trial":false,"path_per_floor":["M","M","$","M","M","E","R","E","T","E","$","M","?","M","R","B",null,"M","M","M","?","M","R","E"],"character_chosen":"WATCHER","items_purchased":["Ragnarok","CutThroughFate","Adaptation","Protect"],"campfire_rested":2,"item_purchase_floors":[3,3,11,11],"current_hp_per_floor":[65,61,61,61,50,24,45,45,45,23,23,13,13,12,37,39,72,56,45,45,45,43,43,0,0],"gold":175,"neow_bonus":"THREE_CARDS","is_daily":false,"chose_seed":false,"campfire_upgraded":1,"win_rate":0.0,"timestamp":1613210365,"path_taken":["M","M","$","M","M","E","R","E","T","E","$","M","?","M","R","BOSS","M","M","?","?","M","R","E"],"items_purchased_type":["Card","Card","Card","Card"],"build_version":"2020-12-22","purchased_purges":0,"victory":false,"max_hp_per_floor":[72,72,72,72,72,72,72,72,72,72,72,72,72,79,81,83,83,83,85,85,85,85,85,85,85],"relic_stats":{"Dream Catcher":2,"Singing Bowl":8,"counters":[15,71],"Shuriken":[5],"Whetstone":["SashWhip","Consecrate"],"Kunai":[5],"obtain_stats":[{"Dream Catcher":6,"Singing Bowl":13,"Shuriken":9,"Coffee Dripper":17,"Whetstone":8,"Kunai":10,"PureWater":0},{"Dream Catcher":5,"Singing Bowl":8,"Shuriken":6,"Coffee Dripper":10,"Whetstone":6,"Kunai":7,"PureWater":0},{"Dream Catcher":29,"Singing Bowl":42,"Shuriken":32,"Coffee Dripper":48,"Whetstone":32,"Kunai":38,"PureWater":0}]},"card_choices":[{"not_picked":["SandsOfTime","Fasting2"],"picked":"SashWhip","floor":0.0},{"not_picked":["ForeignInfluence","Collect"],"picked":"MentalFortress","floor":1.0},{"not_picked":["SashWhip","JustLucky"],"picked":"EmptyBody","floor":2.0},{"not_picked":["DeceiveReality","Vault"],"picked":"BowlingBash","floor":4.0},{"not_picked":["Nirvana","FollowUp"],"picked":"Crescendo","floor":5.0},{"not_picked":["CrushJoints","Study"],"picked":"Consecrate","floor":6.0},{"not_picked":["Perseverance","BowlingBash","ThirdEye"],"picked":"SKIP","floor":8.0},{"not_picked":["Perseverance","Wireheading"],"picked":"WreathOfFlame","floor":10.0},{"not_picked":["Wish","Evaluate","Protect"],"picked":"SKIP","floor":12.0},{"not_picked":["EmptyBody","ClearTheMind","ReachHeaven"],"picked":"Singing Bowl","floor":14.0},{"not_picked":["Wireheading","FlyingSleeves","Weave"],"picked":"Singing Bowl","floor":15.0},{"not_picked":["Alpha","LessonLearned","Vault"],"picked":"Singing Bowl","floor":16.0},{"not_picked":["Evaluate","CutThroughFate"],"picked":"Halt+1","floor":18},{"not_picked":["Meditate+1","Sanctity","FollowUp"],"picked":"Singing Bowl","floor":19},{"not_picked":["Alpha","BowlingBash"],"picked":"ClearTheMind","floor":20}],"player_experience":324369,"relics_obtained":[{"floor":6.0,"key":"Dream Catcher"},{"floor":8.0,"key":"Whetstone"},{"floor":9.0,"key":"Shuriken"},{"floor":10.0,"key":"Kunai"}],"event_choices":[{"damage_healed":0.0,"max_hp_gain":0.0,"max_hp_loss":0.0,"gold_gain":0.0,"event_name":"WeMeetAgain","player_choice":"Paid Gold","floor":13.0,"gold_loss":51.0,"damage_taken":0.0,"relics_obtained":["Singing Bowl"]},{"damage_healed":0,"gold_gain":0,"player_choice":"Ignored","damage_taken":0,"max_hp_gain":0,"max_hp_loss":0,"event_name":"Vampires","floor":21,"gold_loss":0}],"is_beta":false,"boss_relics":[{"not_picked":["Astrolabe","Tiny House"],"picked":"Coffee Dripper"}],"items_purged_floors":[],"is_endless":false,"potions_floor_spawned":[1,6,8,10,14,16,19,20],"killed_by":"Gremlin Leader","ascension_level":10}}