{"host":"c9m2z2wmcavfgdp8","time":1613241593,"event":{"mods":["2.2 Compatiblity","Act Like it!","Aspiration","BaseMod","Better Third Choice","Conspire","Downfall","Ekko","Elementarium","Energized Spire","Friendly Minions","GifTheSpireLib","Hallownest","Hermit","Hubris","Infinite Spire","Jorbs\u0027s Wanderer Trilogy","Koishi","Luminous","Marisa????????","Menagerie","Minty Spire (QoL Compilation)","Pale of the Ancients","Permanent Neow","Potionbrewer","Prisma Mod","READ ME - Guardian Mod","Remilia??????","Replay The Spire","SCP261 Mod","Shop Mod","StSLib","The Animator","The Blackbeard","The Bug Knight","The Cursed","The Death Knight","The Disciple","The Exalted","The Hierophant","The Necromancer","The Servant 0.9.4","TheBandit","TheFirefly"],"gold_per_floor":[99,115,115,129,146,146,146,50,60,60,60,60,60,79,99,228,228,228,251,264,389,42,42,65,109,109,109,109,109],"floor_reached":27,"language":"ENG","playtime":2562,"items_purged":[],"score":221,"play_id":"da53615b-1a43-449d-ac6a-012fecf70e5f","local_time":"20210213193953","is_ascension_mode":false,"campfire_choices":[{"floor":1,"key":"RECALL"},{"data":"wariomod:KeyFinisher","floor":6,"key":"SMITH"},{"data":"wariomod:Goblast","floor":10,"key":"SMITH"},{"data":"wariomod:SilenceBombs","floor":13,"key":"SMITH"},{"data":"wariomod:GoAgain","floor":18,"key":"SMITH"},{"floor":23,"key":"REST"}],"circlet_count":0,"master_deck":["wariomod:Strike","wariomod:Strike","wariomod:Strike","wariomod:Strike","wariomod:Defend","wariomod:Defend","wariomod:Defend","wariomod:Defend","wariomod:Leap","wariomod:GreaterGuard","wariomod:Goblast+1","wariomod:SilenceBombs+1","hubris:DuctTapeCard+2","wariomod:RacingSpeed","wariomod:SmallSprint","wariomod:TrekTime","wariomod:GoAgain+1","wariomod:Bombshield+1","wariomod:BigUpgrade","wariomod:BodyBlock","wariomod:KeyFinisher","expansioncontent:QuickStudy","wariomod:TrekTime","wariomod:RacingSpeed"],"relics":["wariomod:TheHat","hubris:DuctTape","Golden Idol","hubris:TerracottaHorce","Bottled Flame","MerchantsRug","Guardian:PocketSentry","Smiling Mask","MealTicket"],"acts_visited":["Exordium","Menagerie:Menagerie"],"potions_floor_usage":[5,21,21],"damage_taken":[{"damage":0,"enemies":"Menagerie:2_RABBITS","floor":2,"turns":4},{"damage":3,"enemies":"Menagerie:StygianBoar","floor":4,"turns":3},{"damage":33,"enemies":"Menagerie:MonstrousExperiment","floor":5,"turns":6},{"damage":0,"enemies":"downfall:FleeingMerchant","floor":8,"turns":4},{"damage":18,"enemies":"Menagerie:EntropyWarlock","floor":9,"turns":5},{"damage":8,"enemies":"Menagerie:DREAD_MOTH_AND_GRAFTED_WORMS","floor":14,"turns":3},{"damage":1,"enemies":"Menagerie:MENAGERIE_WILDLIFE","floor":15,"turns":4},{"damage":24,"enemies":"WA_ARCHETYPE_RETAIN","floor":16,"turns":6},{"damage":10,"enemies":"Elementarium:2_ELEMENTALS","floor":19,"turns":3},{"damage":19,"enemies":"Elementarium:Cyclone","floor":20,"turns":4},{"damage":4,"enemies":"Elementarium:FIRE_SANCTUM_HERALD","floor":21,"turns":6},{"damage":33,"enemies":"Elementarium:FIRE_SANCTUM_FIRELORD","floor":21,"turns":6},{"damage":9,"enemies":"downfall:FleeingMerchant","floor":22,"turns":4},{"damage":27,"enemies":"Elementarium:FIRE_NOBILITY","floor":25,"turns":6},{"damage":14,"enemies":"Elementarium:Hydrostalker","floor":27,"turns":2}],"seed_played":"5159727114304850309","potions_obtained":[{"floor":2,"key":"FairyPotion"},{"floor":4,"key":"SCP261:AppleJuicePotion"},{"floor":15,"key":"SneckoOil"},{"floor":19,"key":"EssenceOfSteel"}],"is_trial":false,"path_per_floor":["R","M","?","M","M","R","T","$","M","R","?","?","R","M","M","B",null,"R","M","M","?","$","R","T","E","T","M"],"character_chosen":"THE_BANDIT","items_purchased":["wariomod:RacingSpeed","MerchantsRug","expansioncontent:QuickStudy","wariomod:TrekTime"],"campfire_rested":1,"item_purchase_floors":[8,22,22,22],"current_hp_per_floor":[80,80,80,77,52,52,52,52,34,34,34,34,34,26,25,1,61,61,51,32,24,15,39,39,12,12,0,0,0],"gold":109,"neow_bonus":"ONE_RANDOM_RARE_CARD","is_daily":false,"chose_seed":false,"campfire_upgraded":4,"win_rate":0.0,"timestamp":1613241593,"path_taken":["R","M","?","M","?","R","T","$","M","R","?","?","R","M","M","BOSS","R","M","M","?","$","R","T","E","?","M"],"items_purchased_type":["Card","Relic","Card","Card"],"build_version":"2020-12-22","purchased_purges":0,"victory":false,"max_hp_per_floor":[80,80,80,80,88,88,88,88,88,88,81,81,81,81,81,81,81,81,81,81,81,81,81,81,81,81,81,81,81],"card_choices":[{"not_picked":["wariomod:Goblast","wariomod:OctoJump"],"picked":"wariomod:GreaterGuard","floor":2},{"not_picked":["wariomod:Game","wariomod:DanceDash"],"picked":"wariomod:Goblast","floor":4},{"not_picked":["wariomod:Goblast","wariomod:Hopshield"],"picked":"wariomod:SilenceBombs","floor":5},{"not_picked":["wariomod:SmackSlam","wariomod:TheGrandJourney","wariomod:SimpleShield"],"picked":"SKIP","floor":8},{"not_picked":["wariomod:SpaceSwap","wariomod:DeepDig","wariomod:DiceyMove"],"picked":"SKIP","floor":9},{"not_picked":["wariomod:Leapslam","wariomod:Game"],"picked":"wariomod:SmallSprint","floor":14},{"not_picked":["wariomod:SpaceSwap","wariomod:SmallSprint"],"picked":"wariomod:TrekTime","floor":15},{"not_picked":["wariomod:ShipSmash","wariomod:Sidestep"],"picked":"wariomod:GoAgain","floor":16},{"not_picked":["wariomod:CursedSpaces","wariomod:DisarmingMoves+1"],"picked":"wariomod:Bombshield+1","floor":19},{"not_picked":["wariomod:DiceyMove+1","wariomod:DisarmingMoves+1"],"picked":"wariomod:BigUpgrade","floor":20},{"not_picked":["wariomod:Boomsmack","wariomod:BoomAndDoom"],"picked":"wariomod:BodyBlock","floor":21},{"not_picked":["wariomod:DoubleDash+1","wariomod:WhirlwindBurst"],"picked":"wariomod:KeyFinisher","floor":22},{"not_picked":["wariomod:NullJump+1","wariomod:Leapslam+1"],"picked":"wariomod:RacingSpeed","floor":25}],"player_experience":1659223,"relics_obtained":[{"floor":7,"key":"hubris:DuctTape"},{"floor":21,"key":"conspire:GlowingRock"},{"floor":21,"key":"Bottled Flame"},{"floor":24,"key":"Guardian:PocketSentry"},{"floor":25,"key":"Smiling Mask"},{"floor":26,"key":"MealTicket"}],"event_choices":[{"damage_healed":0,"gold_gain":0,"player_choice":"Lose Max HP","damage_taken":0,"relics_obtained":["Golden Idol"],"max_hp_gain":0,"max_hp_loss":7,"event_name":"Golden Idol","floor":11,"gold_loss":0},{"damage_healed":0,"gold_gain":0,"player_choice":"Fight","damage_taken":0,"max_hp_gain":0,"max_hp_loss":0,"event_name":"Elementarium:FireSanctum","floor":21,"gold_loss":0},{"damage_healed":0,"gold_gain":0,"player_choice":"Confrontation","damage_taken":0,"max_hp_gain":0,"max_hp_loss":0,"event_name":"Elementarium:FireSanctum","floor":21,"gold_loss":0}],"is_beta":false,"boss_relics":[{"not_picked":["Ring of Chaos","hubris:GrandSneckoEye"],"picked":"hubris:TerracottaHorce"}],"items_purged_floors":[],"is_endless":false,"potions_floor_spawned":[2,4,15,19],"killed_by":"Elementarium:Hydrostalker","ascension_level":0}}