{"host":"06m9oppdo8i5oa5j","time":1613199813,"event":{"mods":["AchievementEnabler","BaseMod","Block Reminder","Colored Map","Colored Powertips","Downfall","Minty Spire (QoL Compilation)","Rare Cards Sparkle","StSLib"],"gold_per_floor":[99,115,125,137,74,174,197,226,226,239,269,288,288,72,87,183,183,183,183,198,210,20,40,40,40,72,84,96,96,110,139,153,251,251,251,268,240,259,259,286,310,330,357,357,376,391,171,197,209,209],"floor_reached":51,"language":"ENG","playtime":12069,"items_purged":["Slimebound:GoopTackle","Slimebound:Tackle"],"score":1036,"play_id":"a19baa92-e41e-4fd4-90d4-45ac5216a8a4","local_time":"20210212230333","is_ascension_mode":true,"campfire_choices":[{"data":"Slimebound:Split","floor":1.0,"key":"SMITH"},{"floor":13.0,"key":"REST"},{"data":"Slimebound:MassFeed","floor":18.0,"key":"SMITH"},{"data":"expansioncontent:StudyTheSpire","floor":25.0,"key":"SMITH"},{"floor":29.0,"key":"RECALL"},{"data":"Slimebound:DouseInSlime","floor":35.0,"key":"SMITH"},{"data":"Slimebound:SlimeBrawl","floor":44.0,"key":"SMITH"}],"circlet_count":0,"master_deck":["Slimebound:Split+1","Slimebound:CorrosiveSpit","Slimebound:DivideAndConquer","Slimebound:SplitBruiser","Slimebound:Schlurp","Slimebound:SplitBruiser","Slimebound:SplitAcid","Slimebound:HauntingLick","Slimebound:DuplicatedForm","Slimebound:RainOfGoop","Slimebound:LevelUp","Slimebound:Schlurp+1","Slimebound:MassFeed+1","Slimebound:Prepare","Slimebound:Repurpose","Slimebound:LeechLife","Slimebound:RejuvenatingLick+1","Slimebound:SamplingLick+1","Slimebound:MassRepurpose","expansioncontent:StudyTheSpire+1","Slimebound:GoopSpray","Slimebound:Repurpose+1","Slimebound:SplitBruiser","Slimebound:LivingWall+1","Slimebound:DouseInSlime+1","Slimebound:GoopSpray","Slimebound:LeechingTouch","Slimebound:Dissolve","Slimebound:SplitBruiser+1","Slimebound:SplitMire+1","Slimebound:HauntingLick+1","Slimebound:SlimeBrawl+1","Slimebound:Prepare","Slimebound:LevelUp+1","Slimebound:SelfFormingGoo","Slimebound:SamplingLick+1"],"relics":["Slimebound:AbsorbEndCombat","Sundial","Dream Catcher","Centennial Puzzle","Blood Vial","Coffee Dripper","MealTicket","Calipers","Mercury Hourglass","Pandora\u0027s Box","PreservedInsect","Strange Spoon","Omamori","Anchor","Potion Belt"],"acts_visited":["Exordium","TheCity","TheBeyond"],"potions_floor_usage":[50,50],"damage_taken":[{"damage":2.0,"enemies":"2 Louse","floor":2.0,"turns":3.0},{"damage":4.0,"enemies":"Small Slimes","floor":3.0,"turns":4.0},{"damage":0.0,"enemies":"Cultist","floor":4.0,"turns":3.0},{"damage":5.0,"enemies":"downfall:FleeingMerchant","floor":5.0,"turns":4.0},{"damage":3.0,"enemies":"3 Sentries","floor":8.0,"turns":5.0},{"damage":8.0,"enemies":"Red Slaver","floor":10.0,"turns":2.0},{"damage":13.0,"enemies":"Gremlin Nob","floor":11.0,"turns":3.0},{"damage":7.0,"enemies":"Blue Slaver","floor":12.0,"turns":2.0},{"damage":4.0,"enemies":"downfall:FleeingMerchant","floor":14.0,"turns":4.0},{"damage":0.0,"enemies":"Large Slime","floor":15.0,"turns":5.0},{"damage":35.0,"enemies":"DF_ARCHETYPE_STREAMLINE","floor":16.0,"turns":5.0},{"damage":15.0,"enemies":"Spheric Guardian","floor":20.0,"turns":3.0},{"damage":39.0,"enemies":"Centurion and Healer","floor":21.0,"turns":5.0},{"damage":24.0,"enemies":"downfall:FleeingMerchant","floor":22.0,"turns":4.0},{"damage":11.0,"enemies":"Cultist and Chosen","floor":23.0,"turns":4.0},{"damage":28.0,"enemies":"Gremlin Leader","floor":26.0,"turns":5.0},{"damage":35.0,"enemies":"Chosen and Byrds","floor":27.0,"turns":7.0},{"damage":0.0,"enemies":"Snecko","floor":28.0,"turns":4.0},{"damage":21.0,"enemies":"Snake Plant","floor":30.0,"turns":2.0},{"damage":55.0,"enemies":"Slavers","floor":31.0,"turns":5.0},{"damage":27.0,"enemies":"Shelled Parasite and Fungi","floor":32.0,"turns":5.0},{"damage":15.0,"enemies":"WA_ARCHETYPE_CALM","floor":33.0,"turns":9.0},{"damage":0.0,"enemies":"Orb Walker","floor":36.0,"turns":3.0},{"damage":0.0,"enemies":"downfall:FleeingMerchant","floor":37.0,"turns":4.0},{"damage":31.0,"enemies":"3 Darklings","floor":38.0,"turns":6.0},{"damage":35.0,"enemies":"3 Darklings","floor":39.0,"turns":7.0},{"damage":30.0,"enemies":"Nemesis","floor":40.0,"turns":4.0},{"damage":30.0,"enemies":"Maw","floor":42.0,"turns":5.0},{"damage":0.0,"enemies":"Reptomancer","floor":43.0,"turns":3.0},{"damage":19.0,"enemies":"Sphere and 2 Shapes","floor":45.0,"turns":5.0},{"damage":27.0,"enemies":"Writhing Mass","floor":46.0,"turns":5.0},{"damage":18.0,"enemies":"Giant Head","floor":48.0,"turns":7.0},{"damage":44.0,"enemies":"Transient","floor":49.0,"turns":5.0},{"damage":119,"enemies":"IC_BLOCK_ARCHETYPE","floor":50,"turns":10}],"seed_played":"2426217485410497982","potions_obtained":[{"floor":2.0,"key":"DistilledChaos"},{"floor":3.0,"key":"DistilledChaos"},{"floor":8.0,"key":"sneckomod:MuddlingPotion"},{"floor":11.0,"key":"SneckoOil"},{"floor":16.0,"key":"Weak Potion"},{"floor":23.0,"key":"sneckomod:MuddlingPotion"},{"floor":27.0,"key":"Swift Potion"},{"floor":28.0,"key":"GamblersBrew"},{"floor":31.0,"key":"SpeedPotion"},{"floor":32.0,"key":"AttackPotion"},{"floor":36.0,"key":"hexamod:SoulburnPotion"},{"floor":40.0,"key":"CultistPotion"},{"floor":43.0,"key":"EssenceOfSteel"},{"floor":45.0,"key":"SneckoOil"},{"floor":46.0,"key":"FearPotion"}],"is_trial":false,"path_per_floor":["R","M","M","M","$","?","T","E","?","M","E","M","R","$","M","B",null,"R","?","M","M","$","M","T","R","E","M","M","R","M","E","M","B",null,"R","M","$","M","?","E","T","M","E","R","M","M","$","E","M","B",null],"character_chosen":"SLIMEBOUND","items_purchased":["Slimebound:SplitAcid","Slimebound:Prepare","Blood Vial","expansioncontent:StudyTheSpire","PreservedInsect","Strange Spoon","Slimebound:SelfFormingGoo","sneckomod:MuddlingPotion"],"campfire_rested":1,"item_purchase_floors":[5,14,14,22,37,37,47,47],"current_hp_per_floor":[47,47,45,47,48,48,48,49,42,34,25,20,39,41,47,40,68,68,60,68,64,68,69,69,69,72,72,72,72,53,41,46,60,76,76,76,76,68,59,84,84,84,88,88,69,64,79,96,96,80],"gold":209,"neow_bonus":"REMOVE_TWO","is_daily":false,"chose_seed":false,"campfire_upgraded":5,"win_rate":0.0,"timestamp":1613199813,"path_taken":["R","M","M","M","$","?","T","E","?","M","E","M","R","$","M","BOSS","R","?","M","M","?","M","T","R","E","M","?","R","M","E","M","BOSS","R","M","$","M","?","E","T","M","E","R","M","M","$","E","M","BOSS"],"items_purchased_type":["Card","Card","Relic","Card","Relic","Relic","Card","Potion"],"build_version":"2020-12-22","purchased_purges":2,"victory":true,"max_hp_per_floor":[65,65,65,65,65,65,65,65,65,65,65,65,65,65,65,68,68,68,68,68,68,68,72,72,72,72,72,72,72,72,72,72,76,76,76,76,76,80,84,84,84,84,88,88,88,92,92,96,96,100],"card_choices":[{"not_picked":["Slimebound:LeadByExample","Slimebound:SlimeTap"],"picked":"Slimebound:DivideAndConquer","floor":2.0},{"not_picked":["Slimebound:SlimeSpikes","Slimebound:DivideAndConquer"],"picked":"Slimebound:SplitBruiser","floor":3.0},{"not_picked":["Slimebound:HauntingLick","Slimebound:LeechEnergy"],"picked":"Slimebound:Schlurp","floor":4.0},{"not_picked":["Slimebound:FinishingTackle","Slimebound:ComboTackle"],"picked":"Slimebound:SplitBruiser","floor":5.0},{"not_picked":["Slimebound:Dissolve","Slimebound:SlimeSpikes"],"picked":"Slimebound:HauntingLick","floor":8.0},{"not_picked":["Slimebound:RollThrough","Slimebound:Nibble"],"picked":"Slimebound:DuplicatedForm","floor":10.0},{"not_picked":["Slimebound:GrowthPunch","Slimebound:SamplingLick"],"picked":"Slimebound:RainOfGoop","floor":11.0},{"not_picked":["Slimebound:PressTheAttack","Slimebound:SplitLeeching"],"picked":"Slimebound:LevelUp","floor":12.0},{"not_picked":["Slimebound:ForwardTackle","Slimebound:Grow"],"picked":"Slimebound:Schlurp","floor":13.0},{"not_picked":["Slimebound:ItLooksTasty","Slimebound:SlimeTap"],"picked":"Slimebound:MassFeed","floor":14.0},{"not_picked":["Slimebound:SplitLeeching","Slimebound:SamplingLick"],"picked":"Slimebound:Repurpose","floor":15.0},{"not_picked":["Slimebound:SlimeSlap","Slimebound:RallyTheTroops"],"picked":"Slimebound:LeechLife","floor":16.0},{"not_picked":["Slimebound:HauntingLick","Slimebound:SlimeSpikes"],"picked":"Slimebound:RejuvenatingLick+1","floor":20.0},{"not_picked":["Slimebound:ForwardTackle","Slimebound:LivingWall"],"picked":"Slimebound:SamplingLick+1","floor":21.0},{"not_picked":["Slimebound:GoopTackle","Slimebound:PressTheAttack"],"picked":"Slimebound:MassRepurpose","floor":22.0},{"not_picked":["Slimebound:FormOfPuddle","Slimebound:LeechingTouch"],"picked":"Slimebound:GoopSpray","floor":23.0},{"not_picked":["Slimebound:AcidTongue","Slimebound:ServeAndProtect","Slimebound:PressTheAttack"],"picked":"SKIP","floor":26.0},{"not_picked":["Slimebound:ComboTackle","Slimebound:FlameTackle"],"picked":"Slimebound:Repurpose+1","floor":27.0},{"not_picked":["Slimebound:SlimeTap","Slimebound:FlameTackle","Slimebound:AcidTongue"],"picked":"SKIP","floor":28.0},{"not_picked":["Slimebound:PressTheAttack","Slimebound:ComboTackle+1"],"picked":"Slimebound:SplitBruiser","floor":30.0},{"not_picked":["Slimebound:SlimeSpikes","Slimebound:RejuvenatingLick"],"picked":"Slimebound:LivingWall+1","floor":31.0},{"not_picked":["Slimebound:PressTheAttack","Slimebound:LeechEnergy","Slimebound:Schlurp"],"picked":"SKIP","floor":32.0},{"not_picked":["Slimebound:MassFeed","Slimebound:SlimeSlap"],"picked":"Slimebound:DouseInSlime","floor":33.0},{"not_picked":["Slimebound:LeechEnergy+1","Slimebound:SplitAcid+1"],"picked":"Slimebound:SplitBruiser+1","floor":36.0},{"not_picked":["Slimebound:LivingWall+1","Slimebound:FinishingTackle"],"picked":"Slimebound:SplitMire+1","floor":37.0},{"not_picked":["Slimebound:LeechingTouch+1","Slimebound:FinishingTackle+1"],"picked":"Slimebound:HauntingLick+1","floor":38.0},{"not_picked":["Slimebound:Grow+1","Slimebound:ComboTackle+1"],"picked":"Slimebound:SlimeBrawl","floor":39.0},{"not_picked":["Slimebound:GoopTackle+1","Slimebound:AcidTongue","Slimebound:SplitAcid"],"picked":"SKIP","floor":40.0},{"not_picked":["Slimebound:SplitBruiser","Slimebound:FlameTackle"],"picked":"Slimebound:Prepare","floor":42.0},{"not_picked":["Slimebound:MassFeed","Slimebound:ViciousTackle"],"picked":"Slimebound:LevelUp+1","floor":43.0},{"not_picked":["Slimebound:LeechEnergy+1","Slimebound:Prepare","Slimebound:FlameTackle"],"picked":"SKIP","floor":45.0},{"not_picked":["Slimebound:Repurpose+1","Slimebound:Nibble","Slimebound:PressTheAttack+1"],"picked":"SKIP","floor":46.0},{"not_picked":["Slimebound:DivideAndConquer","Slimebound:AcidTongue+1","Slimebound:LeechingTouch"],"picked":"SKIP","floor":48.0},{"not_picked":["Slimebound:SplitBruiser+1","Slimebound:AcidTongue"],"picked":"Slimebound:SamplingLick+1","floor":49.0}],"player_experience":236292,"relics_obtained":[{"floor":8.0,"key":"Sundial"},{"floor":11.0,"key":"Centennial Puzzle"},{"floor":24.0,"key":"MealTicket"},{"floor":26.0,"key":"Calipers"},{"floor":31.0,"key":"Mercury Hourglass"},{"floor":40.0,"key":"Omamori"},{"floor":41.0,"key":"Anchor"},{"floor":43.0,"key":"Potion Belt"}],"event_choices":[{"damage_healed":0.0,"max_hp_gain":0.0,"max_hp_loss":0.0,"gold_gain":0.0,"event_name":"Scrap Ooze","player_choice":"Success","floor":9.0,"gold_loss":0.0,"damage_taken":7.0,"relics_obtained":["Dream Catcher"]}],"is_beta":false,"boss_relics":[{"not_picked":["Fusion Hammer","Astrolabe"],"picked":"Coffee Dripper"},{"not_picked":["Slimebound:TarBlob","Velvet Choker"],"picked":"Pandora\u0027s Box"}],"items_purged_floors":[37,47],"is_endless":false,"potions_floor_spawned":[2,3,8,11,16,23,27,28,31,32,33,36,40,43,45,46,48],"ascension_level":1}}