{"host":"bakf0s4odzu8z5xt","time":1613196788,"event":{"mods":["2.2 Compatiblity","BaseMod","Downfall","Friendly Minions","Minty Spire (QoL Compilation)","StSLib"],"gold_per_floor":[99,119,133,133,153,153,153,183,193,29,62,62,79,113,129,226,226,26,43,54,54,73,73,73,73],"floor_reached":23,"language":"ENG","playtime":1414,"items_purged":[],"score":302,"play_id":"aacbf5e8-0e0c-4cc4-9b30-04d73b566eae","local_time":"20210213001308","is_ascension_mode":true,"campfire_choices":[{"data":"hexamod:SwordOfDarkness","floor":1,"key":"SMITH"},{"floor":12,"key":"RECALL"},{"data":"hexamod:FlameSwitch","floor":18,"key":"SMITH"}],"circlet_count":0,"master_deck":["hexamod:Strike","hexamod:Strike","hexamod:Strike","hexamod:Strike","hexamod:Defend","hexamod:Defend","hexamod:Defend","hexamod:Defend","hexamod:Sear","hexamod:Float","hexamod:SwordOfDarkness+1","hexamod:Hexaguard","hexamod:ShieldOfDarkness","hexamod:ExtraCrispy","hexamod:EmpoweredFlame","hexamod:HauntingEcho","hexamod:EmpoweredFlame","hexamod:FlameSwitch+1","hexamod:ApocalypticArmor","hexamod:FirstSeal","Writhe","hexamod:PhantomCloak"],"relics":["hexamod:SpiritBrand","Question Card","Oddly Smooth Stone","Sling","Eternal Feather","Mummified Hand","Black Star","downfall:HeartBlessingRed","downfall:HeartBlessingGreen","Molten Egg 2"],"acts_visited":["Exordium","TheCity"],"potions_floor_usage":[8,14,16,19,19,23],"damage_taken":[{"damage":0,"enemies":"2 Louse","floor":2,"turns":2},{"damage":0,"enemies":"Cultist","floor":3,"turns":3},{"damage":0,"enemies":"Jaw Worm","floor":5,"turns":3},{"damage":0,"enemies":"3 Sentries","floor":8,"turns":5},{"damage":1,"enemies":"Large Slime","floor":9,"turns":6},{"damage":0,"enemies":"downfall:FleeingMerchant","floor":10,"turns":4},{"damage":0,"enemies":"Lagavulin","floor":11,"turns":6},{"damage":0,"enemies":"2 Fungi Beasts","floor":13,"turns":4},{"damage":1,"enemies":"3 Sentries","floor":14,"turns":5},{"damage":0,"enemies":"Exordium Wildlife","floor":15,"turns":3},{"damage":6,"enemies":"IC_STATUS_ARCHETYPE","floor":16,"turns":7},{"damage":14,"enemies":"3 Byrds","floor":19,"turns":5},{"damage":6,"enemies":"Snecko","floor":20,"turns":5},{"damage":22,"enemies":"Snake Plant","floor":22,"turns":5},{"damage":48,"enemies":"Slavers","floor":23,"turns":5}],"seed_played":"2793314894829053878","potions_obtained":[{"floor":2,"key":"Dexterity Potion"},{"floor":6,"key":"ColorlessPotion"},{"floor":6,"key":"SkillPotion"},{"floor":11,"key":"DistilledChaos"},{"floor":13,"key":"PowerPotion"},{"floor":15,"key":"BlessingOfTheForge"},{"floor":16,"key":"hexamod:InfernoChargePotion"}],"is_trial":false,"path_per_floor":["R","M","M","?","M","?","T","E","M","$","E","R","M","E","M","B",null,"R","M","M","?","M","E"],"character_chosen":"THE_SPIRIT","items_purchased":["Sling"],"campfire_rested":0,"item_purchase_floors":[10],"current_hp_per_floor":[70,70,70,70,70,70,70,70,69,69,69,70,70,69,69,63,70,70,56,57,57,42,0,0,0],"gold":73,"neow_bonus":"THREE_CARDS","is_daily":false,"chose_seed":false,"campfire_upgraded":2,"win_rate":0.0,"timestamp":1613196788,"path_taken":["R","M","M","?","M","?","T","E","M","$","E","R","M","E","M","BOSS","R","M","M","?","M","E"],"items_purchased_type":["Relic"],"build_version":"2020-12-22","purchased_purges":0,"victory":false,"max_hp_per_floor":[70,70,70,70,70,70,70,70,70,70,70,70,70,70,70,70,70,70,70,70,70,70,70,70,70],"card_choices":[{"not_picked":["hexamod:AdvancingGuard","hexamod:ShieldOfDarkness"],"picked":"hexamod:SwordOfDarkness","floor":0},{"not_picked":["hexamod:NecessarySacrifice","hexamod:NightmareGuise"],"picked":"hexamod:Hexaguard","floor":2},{"not_picked":["hexamod:Again","hexamod:NecessarySacrifice"],"picked":"hexamod:ShieldOfDarkness","floor":3},{"not_picked":["hexamod:AdvancingGuard","hexamod:RainOfEmbers"],"picked":"hexamod:ExtraCrispy","floor":5},{"not_picked":["hexamod:NightmareStrike","hexamod:HeatMetal","hexamod:SkipABeat","hexamod:BacktrackSmack"],"picked":"SKIP","floor":8},{"not_picked":["hexamod:NightmareStrike","hexamod:PowerFromBeyond","hexamod:Firestarter"],"picked":"hexamod:EmpoweredFlame","floor":9},{"not_picked":["hexamod:SpectersWail","hexamod:HeatCrush","hexamod:NightmareGuise"],"picked":"hexamod:HauntingEcho","floor":10},{"not_picked":["hexamod:HeatMetal","hexamod:Again","hexamod:Incineration"],"picked":"hexamod:EmpoweredFlame","floor":11},{"not_picked":["hexamod:GhostLash","hexamod:SkipABeat","hexamod:GhostShield","hexamod:SuperheatedStrike"],"picked":"SKIP","floor":13},{"not_picked":["hexamod:RainOfEmbers","hexamod:NightmareStrike","hexamod:GhostLash","hexamod:GhostShield"],"picked":"SKIP","floor":14},{"not_picked":["hexamod:SpectersWail","hexamod:EmpoweredFlame","hexamod:SpectralSpark"],"picked":"hexamod:FlameSwitch","floor":15},{"not_picked":["hexamod:SearingWound","hexamod:UnlimitedPower","hexamod:GhostflameInferno"],"picked":"hexamod:ApocalypticArmor","floor":16},{"not_picked":["hexamod:SuperheatedStrike","hexamod:Hexaguard","hexamod:SpectersWail"],"picked":"hexamod:FirstSeal","floor":19},{"not_picked":["hexamod:HeatMetal","hexamod:NightmareGuise","hexamod:ThermalTransfer","hexamod:SwordOfDarkness"],"picked":"SKIP","floor":20},{"not_picked":["hexamod:ShieldOfDarkness","hexamod:SwordOfDarkness+1","hexamod:GhostShield"],"picked":"hexamod:PhantomCloak","floor":22}],"player_experience":2166439,"relics_obtained":[{"floor":7,"key":"Question Card"},{"floor":8,"key":"Oddly Smooth Stone"},{"floor":11,"key":"Eternal Feather"},{"floor":14,"key":"Mummified Hand"}],"event_choices":[{"damage_healed":0,"gold_gain":0,"player_choice":"Got Potions","damage_taken":0,"max_hp_gain":0,"max_hp_loss":0,"event_name":"Lab","floor":6,"gold_loss":0}],"is_beta":false,"boss_relics":[{"not_picked":["Velvet Choker","bronze:MakeshiftBattery"],"picked":"Black Star"}],"items_purged_floors":[],"is_endless":false,"potions_floor_spawned":[2,11,13,15,16],"killed_by":"Slavers","ascension_level":3}}