{"host":"7gewg82ormp6yt4e","time":1613213838,"event":{"mods":["BaseMod","Block Reminder","Colored Map","DeckTracker","Highlight Path","Minty Spire (QoL Compilation)","Relic Stats","StSLib","ojb\u0027s Info Mod"],"gold_per_floor":[109,125,139,9,9,56,56,83,83,97,113,113,177,207,207,282,282,293,208,208,219,63,63,79,90,90,50,81,93,93,93,93,170,170,188,58,58,58,72,72,72],"floor_reached":40,"language":"JPN","playtime":2454,"items_purged":["Defend_P"],"score":858,"play_id":"192df2a6-1b18-4815-bb66-0e998375fb68","local_time":"20210213195718","is_ascension_mode":true,"campfire_choices":[{"data":"BattleHymn","floor":7.0,"key":"SMITH"},{"data":"MentalFortress","floor":12.0,"key":"SMITH"},{"data":"ForeignInfluence","floor":15.0,"key":"SMITH"},{"floor":23.0,"key":"REST"},{"floor":30.0,"key":"REST"},{"data":"MentalFortress","floor":32.0,"key":"SMITH"}],"circlet_count":0,"master_deck":["AscendersBane","Strike_P","Strike_P","Strike_P","Defend_P","Defend_P","Defend_P","Eruption+1","Vigilance","ForeignInfluence+1","BattleHymn+1","MentalFortress+1","FearNoEvil","InnerPeace","FlurryOfBlows","MentalFortress+1","CutThroughFate","Vengeance","Establishment","FearNoEvil","WheelKick","WheelKick","Tantrum","Omniscience","Adaptation","Ragnarok","CurseOfTheBell","EmptyMind","Wireheading","DeceiveReality"],"relics":["PureWater","NeowsBlessing","Turnip","StrikeDummy","Shuriken","Toy Ornithopter","Sundial","Snecko Eye","Happy Flower","Yang","Red Mask","Calling Bell","Vajra","Question Card","Dead Branch"],"acts_visited":["Exordium","TheCity","TheBeyond"],"potions_floor_usage":[],"damage_taken":[{"damage":0.0,"enemies":"Cultist","floor":1.0,"turns":1.0},{"damage":0.0,"enemies":"Small Slimes","floor":2.0,"turns":2.0},{"damage":0.0,"enemies":"Jaw Worm","floor":3.0,"turns":1.0},{"damage":2.0,"enemies":"3 Sentries","floor":6.0,"turns":4.0},{"damage":16.0,"enemies":"Gremlin Nob","floor":8.0,"turns":3.0},{"damage":6.0,"enemies":"Exordium Thugs","floor":10.0,"turns":4.0},{"damage":3.0,"enemies":"Blue Slaver","floor":11.0,"turns":3.0},{"damage":7.0,"enemies":"Gremlin Nob","floor":13.0,"turns":3.0},{"damage":0.0,"enemies":"Lagavulin","floor":14.0,"turns":4.0},{"damage":14.0,"enemies":"The Guardian","floor":16.0,"turns":8.0},{"damage":13.0,"enemies":"Shell Parasite","floor":18.0,"turns":2.0},{"damage":30.0,"enemies":"Chosen","floor":21.0,"turns":4.0},{"damage":14.0,"enemies":"Snake Plant","floor":24.0,"turns":4.0},{"damage":0.0,"enemies":"Centurion and Healer","floor":25.0,"turns":5.0},{"damage":0.0,"enemies":"Masked Bandits","floor":28.0,"turns":2.0},{"damage":0.0,"enemies":"Snecko","floor":29.0,"turns":3.0},{"damage":35.0,"enemies":"Collector","floor":33.0,"turns":8.0},{"damage":12.0,"enemies":"Orb Walker","floor":35.0,"turns":2.0},{"damage":14,"enemies":"3 Shapes","floor":39,"turns":4},{"damage":51,"enemies":"Writhing Mass","floor":40,"turns":1}],"seed_played":"6232048079691946079","potions_obtained":[{"floor":3.0,"key":"BlessingOfTheForge"},{"floor":6.0,"key":"DuplicationPotion"},{"floor":11.0,"key":"DuplicationPotion"},{"floor":13.0,"key":"AttackPotion"},{"floor":14.0,"key":"BlessingOfTheForge"},{"floor":21.0,"key":"Block Potion"},{"floor":39,"key":"Strength Potion"}],"is_trial":false,"path_per_floor":["M","M","M","$","?","E","R","E","T","M","M","R","?","E","R","B",null,"M","?","?","M","$","R","M","M","T","$","?","M","R","$","R","B",null,"M","$","?","?","M","M"],"character_chosen":"WATCHER","items_purchased":["FearNoEvil","AttackPotion","DuplicationPotion","Tantrum","Wireheading","DeceiveReality"],"campfire_rested":2,"item_purchase_floors":[4,4,22,27,36,36],"current_hp_per_floor":[61,61,61,61,61,59,59,43,43,37,34,34,27,32,32,23,57,44,44,44,14,14,34,20,20,20,20,20,20,40,40,40,15,55,43,43,43,43,29,0,0],"gold":72,"neow_bonus":"THREE_ENEMY_KILL","is_daily":false,"chose_seed":false,"campfire_upgraded":4,"win_rate":0.0,"timestamp":1613213838,"path_taken":["M","M","M","$","?","E","R","E","T","M","?","R","?","E","R","BOSS","M","?","?","M","$","R","M","?","T","$","?","M","R","?","R","BOSS","M","$","?","?","M","M"],"items_purchased_type":["Card","Potion","Potion","Card","Card","Card"],"build_version":"2020-12-22","purchased_purges":1,"victory":false,"max_hp_per_floor":[68,68,68,68,68,68,68,68,68,68,68,68,68,68,68,68,68,68,68,68,68,68,68,68,68,68,68,68,68,68,68,68,68,68,68,68,65,65,65,65,65],"relic_stats":{"Happy Flower":[11],"counters":[20,68],"Shuriken":[29],"Sundial":[6],"Dead Branch":[10],"Snecko Eye":[62,70,62,76],"Yang":[51],"Turnip":[14],"Question Card":2,"obtain_stats":[{"NeowsBlessing":0,"Happy Flower":19,"Dead Branch":34,"Vajra":34,"Yang":26,"Question Card":34,"Calling Bell":34,"Shuriken":9,"Sundial":14,"Snecko Eye":17,"Turnip":6,"Red Mask":28,"PureWater":0,"StrikeDummy":8,"Toy Ornithopter":13},{"NeowsBlessing":0,"Happy Flower":11,"Dead Branch":17,"Vajra":17,"Yang":14,"Question Card":17,"Calling Bell":17,"Shuriken":5,"Sundial":9,"Snecko Eye":10,"Turnip":4,"Red Mask":15,"PureWater":0,"StrikeDummy":5,"Toy Ornithopter":8},{"NeowsBlessing":0,"Happy Flower":35,"Dead Branch":61,"Vajra":61,"Yang":48,"Question Card":61,"Calling Bell":61,"Shuriken":11,"Sundial":25,"Snecko Eye":33,"Turnip":8,"Red Mask":50,"PureWater":0,"StrikeDummy":11,"Toy Ornithopter":21}],"Toy Ornithopter":20},"card_choices":[{"not_picked":["Evaluate","JustLucky"],"picked":"ForeignInfluence","floor":1.0},{"not_picked":["Crescendo","ThirdEye"],"picked":"BattleHymn","floor":2.0},{"not_picked":["JustLucky","CutThroughFate"],"picked":"MentalFortress","floor":3.0},{"not_picked":["JustLucky","ClearTheMind"],"picked":"InnerPeace","floor":6.0},{"not_picked":["Consecrate","PathToVictory"],"picked":"FlurryOfBlows","floor":8.0},{"not_picked":["Devotion","CrushJoints"],"picked":"MentalFortress","floor":10.0},{"not_picked":["Protect","CrushJoints","ReachHeaven"],"picked":"SKIP","floor":11.0},{"not_picked":["Swivel","Halt"],"picked":"CutThroughFate","floor":13.0},{"not_picked":["Pray","JustLucky"],"picked":"Vengeance","floor":14.0},{"not_picked":["ConjureBlade","Blasphemy"],"picked":"Establishment","floor":16.0},{"not_picked":["CarveReality","ThirdEye"],"picked":"FearNoEvil","floor":18.0},{"not_picked":["SashWhip","Consecrate"],"picked":"WheelKick","floor":21.0},{"not_picked":["LikeWater","Nirvana"],"picked":"WheelKick","floor":24.0},{"not_picked":["Fasting2+1","FlurryOfBlows","PathToVictory"],"picked":"SKIP","floor":25.0},{"not_picked":["Swivel","EmptyBody"],"picked":"Omniscience","floor":28.0},{"not_picked":["BowlingBash","CutThroughFate"],"picked":"Adaptation","floor":29.0},{"not_picked":["DeusExMachina","MasterReality"],"picked":"Ragnarok","floor":33.0},{"not_picked":["Fasting2","CrushJoints","JustLucky"],"picked":"EmptyMind","floor":35.0},{"not_picked":["FlyingSleeves+1","ThirdEye","Crescendo+1","CutThroughFate"],"picked":"SKIP","floor":39}],"player_experience":2848477,"relics_obtained":[{"floor":6.0,"key":"Turnip"},{"floor":8.0,"key":"StrikeDummy"},{"floor":9.0,"key":"Shuriken"},{"floor":13.0,"key":"Toy Ornithopter"},{"floor":14.0,"key":"Sundial"},{"floor":26.0,"key":"Yang"},{"floor":28.0,"key":"Red Mask"},{"floor":34.0,"key":"Vajra"},{"floor":34.0,"key":"Question Card"},{"floor":34.0,"key":"Dead Branch"}],"event_choices":[{"damage_healed":0.0,"max_hp_gain":0.0,"max_hp_loss":0.0,"gold_gain":0.0,"event_name":"Upgrade Shrine","player_choice":"Upgraded","floor":5.0,"gold_loss":0.0,"damage_taken":0.0,"cards_upgraded":["Eruption"]},{"damage_healed":0.0,"max_hp_gain":0.0,"max_hp_loss":0.0,"gold_gain":30.0,"event_name":"Dead Adventurer","player_choice":"Searched \u00273\u0027 times","floor":13.0,"gold_loss":0.0,"damage_taken":0.0},{"damage_healed":0.0,"max_hp_gain":0.0,"max_hp_loss":0.0,"gold_gain":0.0,"event_name":"Addict","player_choice":"Obtained Relic","floor":19.0,"gold_loss":85.0,"damage_taken":0.0,"relics_obtained":["Happy Flower"]},{"cards_removed":["Strike_P"],"damage_healed":0.0,"max_hp_gain":0.0,"max_hp_loss":0.0,"gold_gain":0.0,"event_name":"Purifier","player_choice":"Purged","floor":20.0,"gold_loss":0.0,"damage_taken":0.0},{"damage_healed":0.0,"max_hp_gain":0.0,"max_hp_loss":0.0,"gold_gain":0.0,"event_name":"Masked Bandits","player_choice":"Fought Bandits","floor":28.0,"gold_loss":0.0,"damage_taken":0.0},{"damage_healed":0.0,"max_hp_gain":0.0,"max_hp_loss":3.0,"gold_gain":0.0,"event_name":"Winding Halls","player_choice":"Max HP","floor":37.0,"gold_loss":0.0,"damage_taken":0.0},{"damage_healed":0,"gold_gain":0,"player_choice":"Ignored","damage_taken":0,"max_hp_gain":0,"max_hp_loss":0,"event_name":"Mysterious Sphere","floor":38,"gold_loss":0}],"is_beta":false,"boss_relics":[{"not_picked":["VioletLotus","HolyWater"],"picked":"Snecko Eye"},{"not_picked":["SlaversCollar","Coffee Dripper"],"picked":"Calling Bell"}],"items_purged_floors":[22],"is_endless":false,"potions_floor_spawned":[3,6,11,13,14,21,25,39],"killed_by":"Writhing Mass","ascension_level":20}}