{"host":"6x209i0a4oi7swrc","time":1613214477,"event":{"mods":["Abigail Mod","BaseMod","Better Match","Marisa????????","Mathemortician","Minty Spire (QoL Compilation)","StSLib"],"gold_per_floor":[116,116,37,49,49,75,75,92,115,126,139,139,171,171,171,266,266,278,278,278],"floor_reached":19,"language":"ENG","playtime":2285,"items_purged":[],"score":177,"play_id":"12e29543-8500-4908-b225-d463ebdac5ba","local_time":"20210213060757","is_ascension_mode":false,"campfire_choices":[{"floor":7.0,"key":"REST"},{"floor":12.0,"key":"REST"},{"floor":15.0,"key":"REST"}],"circlet_count":0,"master_deck":["AbbyMod:Ab_Strike","AbbyMod:Ab_Strike","AbbyMod:Ab_Strike","AbbyMod:Ab_Strike","AbbyMod:Ab_Defend","AbbyMod:Ab_Defend","AbbyMod:Ab_Defend","AbbyMod:FleetingSanity","AbbyMod:ForeheadBeam+1","AbbyMod:Keyblade","AbbyMod:LifeSentence","AbbyMod:MeltBrain","AbbyMod:FamiliarShield","AbbyMod:AdultWords","AbbyMod:ExposeNavel","AbbyMod:ChocoKey","AbbyMod:VoidPriest","AbbyMod:Kuroboshi"],"relics":["AbbyMod:Salem_Diary","Anchor","MealTicket","Shovel","Snecko Eye"],"acts_visited":["TheCity"],"potions_floor_usage":[],"damage_taken":[{"damage":0.0,"enemies":"Small Slimes","floor":1.0,"turns":4.0},{"damage":6.0,"enemies":"Cultist","floor":4.0,"turns":3.0},{"damage":6.0,"enemies":"Lagavulin","floor":6.0,"turns":8.0},{"damage":0.0,"enemies":"Jaw Worm","floor":8.0,"turns":5.0},{"damage":14.0,"enemies":"3 Louse","floor":10.0,"turns":3.0},{"damage":16.0,"enemies":"Red Slaver","floor":11.0,"turns":6.0},{"damage":18.0,"enemies":"3 Sentries","floor":13.0,"turns":6.0},{"damage":34.0,"enemies":"Slime Boss","floor":16.0,"turns":10.0},{"damage":10,"enemies":"2 Thieves","floor":18,"turns":3},{"damage":58,"enemies":"Spheric Guardian","floor":19,"turns":10}],"seed_played":"-6461384971138510523","potions_obtained":[{"floor":0.0,"key":"DistilledChaos"},{"floor":0.0,"key":"Block Potion"},{"floor":0.0,"key":"EssenceOfSteel"},{"floor":10.0,"key":"BlessingOfTheForge"},{"floor":16.0,"key":"Dexterity Potion"}],"is_trial":false,"path_per_floor":["M","?","$","M","$","E","R","M","T","M","M","R","E","?","R","B",null,"M","M"],"character_chosen":"Ab_Foreigner","items_purchased":["AbbyMod:LifeSentence"],"campfire_rested":3,"item_purchase_floors":[3],"current_hp_per_floor":[60,60,60,54,54,48,60,60,60,46,30,48,30,35,54,20,65,55,0,0],"gold":278,"neow_bonus":"THREE_SMALL_POTIONS","is_daily":false,"chose_seed":false,"campfire_upgraded":0,"win_rate":0.0,"timestamp":1613214477,"path_taken":["M","?","?","?","$","E","R","M","T","M","M","R","E","?","R","BOSS","M","M"],"items_purchased_type":["Card"],"build_version":"2020-12-22","purchased_purges":0,"victory":false,"max_hp_per_floor":[60,60,60,60,60,60,60,60,60,60,60,60,60,65,65,65,65,65,65,65],"card_choices":[{"not_picked":["AbbyMod:ChocoKey","AbbyMod:AdultWords"],"picked":"AbbyMod:Keyblade","floor":1.0},{"not_picked":["AbbyMod:EyesOfMadness","AbbyMod:SuperMuscular"],"picked":"AbbyMod:MeltBrain","floor":4.0},{"not_picked":["AbbyMod:WormHole","AbbyMod:WitchTrial"],"picked":"AbbyMod:WorldStrongest","floor":6.0},{"not_picked":["AbbyMod:EyesOfMadness","AbbyMod:OldOneLimb"],"picked":"AbbyMod:FamiliarShield","floor":8.0},{"not_picked":["AbbyMod:PowerGamer","AbbyMod:MysteryKey"],"picked":"AbbyMod:AdultWords","floor":10.0},{"not_picked":["AbbyMod:EyesOfMadness","AbbyMod:PapaProtection"],"picked":"AbbyMod:ExposeNavel","floor":11.0},{"not_picked":["AbbyMod:Takeuchi","AbbyMod:Memocide"],"picked":"AbbyMod:ChocoKey","floor":13.0},{"not_picked":["AbbyMod:VoidHeretic","AbbyMod:GudaGudaParticle"],"picked":"AbbyMod:VoidPriest","floor":16.0},{"not_picked":["AbbyMod:Dabigail","AbbyMod:FatalEntropy+1"],"picked":"AbbyMod:Kuroboshi","floor":18}],"player_experience":201409,"relics_obtained":[{"floor":6.0,"key":"Anchor"},{"floor":9.0,"key":"MealTicket"},{"floor":13.0,"key":"Shovel"}],"event_choices":[{"damage_healed":0.0,"max_hp_gain":0.0,"max_hp_loss":0.0,"gold_gain":0.0,"event_name":"Upgrade Shrine","player_choice":"Upgraded","floor":2.0,"gold_loss":0.0,"damage_taken":0.0,"cards_upgraded":["AbbyMod:ForeheadBeam"]},{"damage_healed":0.0,"max_hp_gain":5.0,"max_hp_loss":0.0,"gold_gain":0.0,"event_name":"Big Fish","player_choice":"Donut","floor":14.0,"gold_loss":0.0,"damage_taken":0.0}],"is_beta":false,"boss_relics":[{"not_picked":["Philosopher\u0027s Stone","Coffee Dripper"],"picked":"Snecko Eye"}],"items_purged_floors":[],"is_endless":false,"potions_floor_spawned":[1,4,10,16],"killed_by":"Spheric Guardian","ascension_level":0}}