{"host":"f9ntswufr8mq3t4y","time":1613201406,"event":{"mods":["AchievementEnabler","BaseMod","Best Route Mod","Block Reminder","Colored Map","Colored Powertips","Curses Come First","DeckTracker","Displayed Cursed Tome","Highlight Path","Minty Spire (QoL Compilation)","Permanent Neow","Quick Restart","Slay-I","StSLib"],"gold_per_floor":[361,361,374,65,75,75,25,25,25,43,43,43,56,69,69,199,199,223,239,264,118,131,167,167,190,235,235,235,195,195,208,208,337,337,358,376,439,452,452,452,492,492,516,516,516],"floor_reached":44,"language":"ENG","playtime":1658,"items_purged":[],"score":585,"play_id":"78dfd202-631f-42d1-a106-5f08dd5a0326","local_time":"20210213103006","is_ascension_mode":true,"campfire_choices":[{"data":"Uppercut","floor":6.0,"key":"SMITH"},{"data":"Cleave","floor":8.0,"key":"SMITH"},{"data":"Bash","floor":11.0,"key":"SMITH"},{"data":"Uppercut","floor":15.0,"key":"SMITH"},{"floor":24.0,"key":"REST"},{"floor":28.0,"key":"REST"},{"data":"Iron Wave","floor":30.0,"key":"SMITH"},{"data":"Ghostly Armor","floor":32.0,"key":"SMITH"},{"floor":40,"key":"REST"},{"data":"Ghostly Armor","floor":42,"key":"SMITH"}],"circlet_count":0,"master_deck":["Strike_R","Strike_R","Strike_R","Strike_R","Defend_R","Defend_R","Defend_R","Defend_R","Bash+1","Cleave+1","Uppercut+1","Iron Wave+1","Dropkick","Uppercut+1","Double Tap+1","Ghostly Armor+1","Armaments+1","Metallicize+1","Feed","Ghostly Armor+1","Inflame+1","Rage+1"],"relics":["Burning Blood","Mercury Hourglass","Ice Cream","Matryoshka","Golden Idol","Sozu","ClockworkSouvenir","Gambling Chip","Anchor","Boot","Philosopher\u0027s Stone","Dead Branch","Pen Nib","Art of War","PreservedInsect"],"acts_visited":["TheCity","TheBeyond"],"potions_floor_usage":[],"damage_taken":[{"damage":5.0,"enemies":"Jaw Worm","floor":1.0,"turns":7.0},{"damage":5.0,"enemies":"Small Slimes","floor":3.0,"turns":3.0},{"damage":0.0,"enemies":"Cultist","floor":5.0,"turns":3.0},{"damage":4.0,"enemies":"3 Louse","floor":10.0,"turns":2.0},{"damage":5.0,"enemies":"Red Slaver","floor":13.0,"turns":2.0},{"damage":2.0,"enemies":"Looter","floor":14.0,"turns":3.0},{"damage":3.0,"enemies":"Slime Boss","floor":16.0,"turns":8.0},{"damage":6.0,"enemies":"Spheric Guardian","floor":18.0,"turns":3.0},{"damage":9.0,"enemies":"Shell Parasite","floor":19.0,"turns":4.0},{"damage":21.0,"enemies":"3 Cultists","floor":20.0,"turns":4.0},{"damage":16.0,"enemies":"Snake Plant","floor":22.0,"turns":4.0},{"damage":31.0,"enemies":"Slavers","floor":23.0,"turns":4.0},{"damage":11.0,"enemies":"Shelled Parasite and Fungi","floor":25.0,"turns":3.0},{"damage":7.0,"enemies":"Sentry and Sphere","floor":31.0,"turns":3.0},{"damage":60.0,"enemies":"Champ","floor":33.0,"turns":12.0},{"damage":8.0,"enemies":"Orb Walker","floor":35.0,"turns":3.0},{"damage":7,"enemies":"3 Shapes","floor":36,"turns":3},{"damage":15,"enemies":"Mind Bloom Boss Battle","floor":37,"turns":8},{"damage":9,"enemies":"Transient","floor":38,"turns":5},{"damage":33,"enemies":"Reptomancer","floor":41,"turns":5},{"damage":56,"enemies":"Nemesis","floor":44,"turns":6}],"seed_played":"4365142414877291835","potions_obtained":[{"floor":1.0,"key":"GamblersBrew"},{"floor":10.0,"key":"Dexterity Potion"},{"floor":14.0,"key":"BlessingOfTheForge"},{"floor":16.0,"key":"LiquidBronze"}],"is_trial":false,"path_per_floor":["M","?","M","$","M","R","?","R","T","M","R","?","M","M","R","B",null,"M","M","M","$","M","E","R","M","T","$","R","?","R","M","R","B",null,"M","M","?","M","?","R","E","R","T","E"],"character_chosen":"IRONCLAD","items_purchased":["Ice Cream","ClockworkSouvenir"],"campfire_rested":3,"item_purchase_floors":[4,21],"current_hp_per_floor":[52,34,35,35,41,41,41,41,41,43,43,43,44,48,48,51,73,73,70,55,55,45,20,44,39,39,39,63,63,63,62,62,8,62,63,65,56,53,53,78,51,51,51,0,0],"gold":516,"neow_bonus":"TWO_FIFTY_GOLD","is_daily":false,"chose_seed":false,"campfire_upgraded":7,"win_rate":0.0,"timestamp":1613201406,"path_taken":["M","?","M","$","M","R","?","R","T","M","R","?","M","M","R","BOSS","M","M","M","$","M","E","R","M","T","$","R","?","R","M","R","BOSS","M","M","?","M","?","R","E","R","T","E"],"items_purchased_type":["Relic","Relic"],"build_version":"2020-12-22","purchased_purges":0,"victory":false,"max_hp_per_floor":[80,80,80,80,80,80,80,80,80,80,80,80,80,80,80,80,80,80,80,80,80,80,80,80,80,80,80,80,80,80,80,80,80,80,83,86,86,86,86,86,86,86,86,86,86],"card_choices":[{"not_picked":["Second Wind","Havoc"],"picked":"Cleave","floor":1.0},{"not_picked":["Bloodletting","Body Slam"],"picked":"Uppercut","floor":3.0},{"not_picked":["Sever Soul","Warcry","Clash"],"picked":"SKIP","floor":5.0},{"not_picked":["Demon Form","Clash"],"picked":"Iron Wave","floor":10.0},{"not_picked":["Anger","Carnage"],"picked":"Dropkick","floor":13.0},{"not_picked":["Iron Wave","Pommel Strike"],"picked":"Uppercut","floor":14.0},{"not_picked":["Reaper","Barricade"],"picked":"Double Tap","floor":16.0},{"not_picked":["Pommel Strike","Fire Breathing","Carnage+1"],"picked":"SKIP","floor":18.0},{"not_picked":["Havoc","Anger"],"picked":"Ghostly Armor","floor":19.0},{"not_picked":["Body Slam","Clash+1","Sword Boomerang+1"],"picked":"SKIP","floor":20.0},{"not_picked":["Shockwave","Clothesline","Searing Blow+1"],"picked":"SKIP","floor":22.0},{"not_picked":["Bloodletting","Searing Blow+1"],"picked":"Armaments+1","floor":23.0},{"not_picked":["Wild Strike","Disarm+1"],"picked":"Metallicize+1","floor":25.0},{"not_picked":["Armaments+1","Havoc+1","Heavy Blade"],"picked":"SKIP","floor":31.0},{"not_picked":["Barricade","Fiend Fire"],"picked":"Feed","floor":33.0},{"not_picked":["Iron Wave","Spot Weakness+1"],"picked":"Ghostly Armor","floor":35.0},{"not_picked":["Searing Blow+1","Rampage"],"picked":"Inflame+1","floor":36},{"not_picked":["Havoc","Disarm","Heavy Blade+1"],"picked":"SKIP","floor":38},{"not_picked":["Rampage","Sword Boomerang"],"picked":"Rage+1","floor":41}],"player_experience":427209,"relics_obtained":[{"floor":9.0,"key":"Matryoshka"},{"floor":23.0,"key":"Gambling Chip"},{"floor":26.0,"key":"Anchor"},{"floor":26.0,"key":"Boot"},{"floor":37,"key":"Dead Branch"},{"floor":41,"key":"Pen Nib"},{"floor":43,"key":"Art of War"},{"floor":43,"key":"PreservedInsect"}],"event_choices":[{"damage_healed":0.0,"max_hp_gain":0.0,"max_hp_loss":0.0,"gold_gain":0.0,"event_name":"Scrap Ooze","player_choice":"Success","floor":2.0,"gold_loss":0.0,"damage_taken":18.0,"relics_obtained":["Mercury Hourglass"]},{"cards_removed":["Strike_R"],"damage_healed":0.0,"max_hp_gain":0.0,"max_hp_loss":0.0,"gold_gain":0.0,"event_name":"The Cleric","player_choice":"Card Removal","floor":7.0,"gold_loss":50.0,"damage_taken":0.0},{"damage_healed":0.0,"max_hp_gain":0.0,"max_hp_loss":0.0,"gold_gain":0.0,"event_name":"Golden Idol","player_choice":"Take Wound","floor":12.0,"gold_loss":0.0,"damage_taken":0.0,"relics_obtained":["Golden Idol"],"cards_obtained":["Injury"]},{"damage_healed":0.0,"max_hp_gain":0.0,"max_hp_loss":0.0,"gold_gain":0.0,"event_name":"Designer","player_choice":"Upgrade","floor":29.0,"gold_loss":40.0,"damage_taken":0.0,"cards_upgraded":["Double Tap"]},{"damage_healed":0,"gold_gain":0,"player_choice":"Fight","damage_taken":0,"max_hp_gain":0,"max_hp_loss":0,"event_name":"MindBloom","floor":37,"gold_loss":0},{"cards_removed":["Injury"],"damage_healed":0,"gold_gain":0,"player_choice":"Purged","damage_taken":0,"max_hp_gain":0,"max_hp_loss":0,"event_name":"Purifier","floor":39,"gold_loss":0}],"is_beta":false,"boss_relics":[{"not_picked":["Snecko Eye","Mark of Pain"],"picked":"Sozu"},{"not_picked":["SacredBark","Black Star"],"picked":"Philosopher\u0027s Stone"}],"items_purged_floors":[],"is_endless":false,"potions_floor_spawned":[1,10,14,16,19,20,25,31,35,38],"killed_by":"Nemesis","ascension_level":6}}