{"host":"rb2p2z6v6vieend5","time":1613257877,"event":{"mods":["BaseMod","Block Reminder","Colored Map","DeckTracker","Highlight Path","Minty Spire (QoL Compilation)","Random Character Button","Relic Stats"],"gold_per_floor":[118,118,134,149,28,28,45,64,64,81,81,91,91,106,106,207,207,220,234,134,134,134,134,150,167,190,206,231,231,29,40,40,145,145,164,164,174,224,244,244,264,264,310,310,310,320,320,320],"floor_reached":47,"language":"ENG","playtime":2751,"items_purged":["Strike_B","Defend_B"],"score":571,"play_id":"be6f8773-2089-4e13-a3aa-887ef2675acd","local_time":"20210214001117","is_ascension_mode":true,"campfire_choices":[{"data":"Zap","floor":6,"key":"SMITH"},{"data":"Redo","floor":13,"key":"SMITH"},{"floor":15,"key":"REST"},{"data":"Go for the Eyes","floor":23,"key":"SMITH"},{"floor":29,"key":"REST"},{"floor":32,"key":"REST"},{"data":"Loop","floor":40,"key":"SMITH"},{"floor":42,"key":"REST"},{"floor":44,"key":"REST"}],"circlet_count":0,"master_deck":["Defend_B+1","Defend_B+1","Zap+1","Dualcast","Steam","Gash","Steam","Redo+1","Redo","Gash","Go for the Eyes+1","Beam Cell","Hologram","Biased Cognition","Conserve Battery+1","Stack+1","Redo+1","Gash","Leap","Fission","Electrodynamics","Conserve Battery","Loop+1","Steam","Static Discharge+1"],"relics":["Runic Pyramid","Astrolabe","Nloth\u0027s Gift","Lantern","Blood Vial","Pen Nib","Empty Cage","Lizard Tail","Regal Pillow"],"acts_visited":["Exordium","TheCity","TheBeyond"],"potions_floor_usage":[16,18,31,47],"damage_taken":[{"damage":0,"enemies":"Small Slimes","floor":1,"turns":3},{"damage":7,"enemies":"2 Louse","floor":3,"turns":2},{"damage":0,"enemies":"Cultist","floor":4,"turns":4},{"damage":2,"enemies":"Gremlin Gang","floor":7,"turns":6},{"damage":1,"enemies":"2 Fungi Beasts","floor":8,"turns":4},{"damage":5,"enemies":"Blue Slaver","floor":10,"turns":3},{"damage":1,"enemies":"Red Slaver","floor":12,"turns":3},{"damage":12,"enemies":"Exordium Wildlife","floor":14,"turns":5},{"damage":18,"enemies":"Hexaghost","floor":16,"turns":7},{"damage":6,"enemies":"3 Byrds","floor":18,"turns":3},{"damage":0,"enemies":"Shell Parasite","floor":19,"turns":4},{"damage":5,"enemies":"Cultist and Chosen","floor":24,"turns":7},{"damage":12,"enemies":"Chosen and Byrds","floor":25,"turns":5},{"damage":37,"enemies":"Centurion and Healer","floor":27,"turns":6},{"damage":28,"enemies":"Snecko","floor":31,"turns":6},{"damage":22,"enemies":"Champ","floor":33,"turns":11},{"damage":22,"enemies":"Orb Walker","floor":35,"turns":5},{"damage":12,"enemies":"3 Shapes","floor":37,"turns":8},{"damage":6,"enemies":"Mind Bloom Boss Battle","floor":38,"turns":8},{"damage":17,"enemies":"3 Darklings","floor":39,"turns":5},{"damage":43,"enemies":"Spire Growth","floor":41,"turns":6},{"damage":30,"enemies":"Sphere and 2 Shapes","floor":46,"turns":6},{"damage":42,"enemies":"Transient","floor":47,"turns":3}],"seed_played":"-6014511464189090555","potions_obtained":[{"floor":1,"key":"Energy Potion"},{"floor":8,"key":"PowerPotion"},{"floor":10,"key":"GamblersBrew"},{"floor":18,"key":"BlessingOfTheForge"},{"floor":37,"key":"FearPotion"},{"floor":41,"key":"FearPotion"}],"is_trial":false,"path_per_floor":["M","?","M","M","$","R","M","M","T","M","?","M","R","M","R","B",null,"M","M","$","?","?","R","M","M","T","M","T","R","$","M","R","B",null,"M","?","M","?","M","R","M","R","T","R","?","M","M"],"character_chosen":"DEFECT","items_purchased":["Steam","Leap","Pen Nib"],"campfire_rested":5,"item_purchase_floors":[5,30,30],"current_hp_per_floor":[68,53,46,46,46,46,44,43,43,38,38,37,37,25,47,49,69,65,67,67,67,67,67,62,50,50,13,13,35,35,9,31,11,59,39,39,29,25,10,10,6,28,28,65,65,37,0,0],"gold":320,"neow_bonus":"BOSS_RELIC","is_daily":false,"chose_seed":false,"campfire_upgraded":4,"win_rate":0.0,"timestamp":1613257877,"path_taken":["M","?","M","M","$","R","M","M","T","M","?","?","R","M","R","BOSS","M","?","$","?","?","R","M","?","T","M","?","R","$","M","R","BOSS","M","?","M","?","M","R","M","R","T","R","?","M","M"],"items_purchased_type":["Card","Card","Relic"],"build_version":"2020-12-22","purchased_purges":2,"victory":false,"max_hp_per_floor":[75,75,75,75,75,75,75,75,75,75,75,75,75,75,75,75,75,75,75,75,75,75,75,75,75,75,75,75,75,75,75,75,75,75,75,75,75,75,75,75,75,75,75,75,71,71,71,71],"relic_stats":{"Blood Vial":18,"Lizard Tail":37,"Regal Pillow":15,"counters":[23,120],"Astrolabe":["Conserve Battery","Stack","Tempest"],"Pen Nib":[7],"Nloth\u0027s Gift":1,"obtain_stats":[{"Blood Vial":28,"Lantern":26,"Lizard Tail":38,"Regal Pillow":43,"Bird Faced Urn":9,"Astrolabe":17,"Pen Nib":30,"Nloth\u0027s Gift":22,"Cracked Core":0,"Empty Cage":34,"Runic Pyramid":0},{"Blood Vial":14,"Lantern":13,"Lizard Tail":19,"Regal Pillow":21,"Bird Faced Urn":5,"Astrolabe":9,"Pen Nib":14,"Nloth\u0027s Gift":11,"Cracked Core":0,"Empty Cage":16,"Runic Pyramid":0},{"Blood Vial":62,"Lantern":56,"Lizard Tail":100,"Regal Pillow":111,"Bird Faced Urn":19,"Astrolabe":37,"Pen Nib":62,"Nloth\u0027s Gift":44,"Cracked Core":0,"Empty Cage":79,"Runic Pyramid":0}]},"card_choices":[{"not_picked":["Recycle","Beam Cell"],"picked":"Steam","floor":1},{"not_picked":["Stack","Barrage","Redo"],"picked":"SKIP","floor":3},{"not_picked":["Loop","Blizzard"],"picked":"Gash","floor":4},{"not_picked":["Rebound","Turbo"],"picked":"Redo","floor":7},{"not_picked":["Turbo","Sunder"],"picked":"Redo","floor":8},{"not_picked":["Turbo","Multi-Cast"],"picked":"Gash","floor":10},{"not_picked":["Ball Lightning","Go for the Eyes"],"picked":"Beam Cell","floor":12},{"not_picked":["Static Discharge","Beam Cell"],"picked":"Hologram","floor":14},{"not_picked":["Rainbow","Meteor Strike"],"picked":"Biased Cognition","floor":16},{"not_picked":["Sunder","Ball Lightning+1","Hello World"],"picked":"SKIP","floor":18},{"not_picked":["Undo","Rebound","Stack"],"picked":"SKIP","floor":19},{"not_picked":["Ball Lightning","Rebound"],"picked":"Redo+1","floor":24},{"not_picked":["Tempest","Aggregate+1"],"picked":"Consume","floor":25},{"not_picked":["Leap+1","Beam Cell+1"],"picked":"Gash","floor":27},{"not_picked":["Leap","Go for the Eyes","Hologram"],"picked":"SKIP","floor":31},{"not_picked":["Core Surge","Machine Learning"],"picked":"Fission","floor":33},{"not_picked":["Undo+1","Heatsinks+1"],"picked":"Capacitor+1","floor":35},{"not_picked":["Rebound+1","Aggregate+1"],"picked":"Electrodynamics","floor":37},{"not_picked":["Leap+1","Go for the Eyes"],"picked":"Conserve Battery","floor":38},{"not_picked":["Go for the Eyes","Stack+1"],"picked":"Loop","floor":39},{"not_picked":["Rebound","Sweeping Beam"],"picked":"Steam","floor":41},{"not_picked":["Stack+1","Streamline"],"picked":"Static Discharge+1","floor":46}],"player_experience":738357,"relics_obtained":[{"floor":9,"key":"Bird Faced Urn"},{"floor":26,"key":"Lantern"},{"floor":28,"key":"Blood Vial"},{"floor":38,"key":"Lizard Tail"},{"floor":43,"key":"Regal Pillow"}],"event_choices":[{"damage_healed":0,"gold_gain":0,"player_choice":"Entered Light","damage_taken":15,"max_hp_gain":0,"max_hp_loss":0,"event_name":"Shining Light","floor":2,"gold_loss":0,"cards_upgraded":["Defend_B","Defend_B"]},{"damage_healed":0,"gold_gain":0,"cards_transformed":["Strike_B"],"player_choice":"Transformed","damage_taken":0,"max_hp_gain":0,"max_hp_loss":0,"event_name":"Transmorgrifier","floor":11,"gold_loss":0,"cards_obtained":["Go for the Eyes"]},{"damage_healed":0,"gold_gain":0,"player_choice":"Ignored","damage_taken":0,"max_hp_gain":0,"max_hp_loss":0,"event_name":"Vampires","floor":21,"gold_loss":0},{"damage_healed":0,"gold_gain":0,"player_choice":"Traded Relic","damage_taken":0,"relics_obtained":["Nloth\u0027s Gift"],"max_hp_gain":0,"max_hp_loss":0,"event_name":"N\u0027loth","floor":22,"relics_lost":["Bird Faced Urn"],"gold_loss":0},{"cards_removed":["Capacitor"],"damage_healed":0,"gold_gain":0,"player_choice":"Removed Power","damage_taken":0,"max_hp_gain":0,"max_hp_loss":0,"event_name":"Falling","floor":36,"gold_loss":0},{"damage_healed":0,"gold_gain":0,"player_choice":"Fight","damage_taken":0,"max_hp_gain":0,"max_hp_loss":0,"event_name":"MindBloom","floor":38,"gold_loss":0},{"damage_healed":0,"gold_gain":0,"player_choice":"Max HP","damage_taken":0,"max_hp_gain":0,"max_hp_loss":4,"event_name":"Winding Halls","floor":45,"gold_loss":0}],"is_beta":false,"boss_relics":[{"not_picked":["Runic Dome","Snecko Eye"],"picked":"Astrolabe"},{"not_picked":["Fusion Hammer","Busted Crown"],"picked":"Empty Cage"}],"items_purged_floors":[5,20],"is_endless":false,"potions_floor_spawned":[1,8,10,18,37,41,46],"killed_by":"Transient","ascension_level":7}}