{"host":"wigzp3lx6ef0oefy","time":1613235759,"event":{"mods":["AchievementEnabler","BaseMod","Card Forge","Colored Map","Colored Powertips","GifTheSpireLib","HexUI Lib","Highlight Path","Minty Spire (QoL Compilation)","Permanent Neow","Quick Restart","Shop Mod","StSLib","Weighted Paths"],"gold_per_floor":[115,115,37,62,81,122,122,160,160,179,179,198,236,236,236,367,367,392,392,405,320,343,343,343],"floor_reached":23,"language":"ENG","playtime":1081,"items_purged":[],"score":257,"play_id":"f71cc06b-465d-4438-8be3-678bf5bd4376","local_time":"20210213170239","is_ascension_mode":true,"campfire_choices":[{"data":"Good Instincts","floor":7.0,"key":"SMITH"},{"floor":11,"key":"REST"},{"floor":15,"key":"REST"}],"circlet_count":0,"master_deck":["Strike_R","Strike_R+1","Strike_R","Strike_R","Strike_R","Defend_R","Defend_R","Defend_R","Defend_R","Bash","Good Instincts+1","Heavy Blade","Injury","Thunderclap","Shrug It Off","Anger","Seeing Red","Thunderclap","Anger","True Grit","Anger+1","Feed","Flex","Spot Weakness","Iron Wave","Reckless Charge"],"relics":["Burning Blood","Hammer of Thor","Seething Fire","Anvil of the Gods","Golden Idol","Strawberry","Mango","Eternal Feather","Self Forming Clay","Sozu","MealTicket"],"acts_visited":["Exordium","TheCity"],"potions_floor_usage":[13,13,16],"damage_taken":[{"damage":0.0,"enemies":"Cultist","floor":1.0,"turns":4.0},{"damage":5.0,"enemies":"Small Slimes","floor":4.0,"turns":3.0},{"damage":7.0,"enemies":"2 Louse","floor":5.0,"turns":3.0},{"damage":27.0,"enemies":"Gremlin Nob","floor":6.0,"turns":5.0},{"damage":35.0,"enemies":"Lagavulin","floor":8.0,"turns":8.0},{"damage":0,"enemies":"Exordium Wildlife","floor":10,"turns":3},{"damage":0,"enemies":"2 Fungi Beasts","floor":12,"turns":3},{"damage":25,"enemies":"3 Sentries","floor":13,"turns":11},{"damage":68,"enemies":"The Guardian","floor":16,"turns":11},{"damage":19,"enemies":"3 Byrds","floor":18,"turns":6},{"damage":37,"enemies":"Spheric Guardian","floor":20,"turns":6},{"damage":19,"enemies":"Shelled Parasite and Fungi","floor":22,"turns":4},{"damage":32,"enemies":"Book of Stabbing","floor":23,"turns":5}],"seed_played":"-2876675490075876796","potions_obtained":[{"floor":1.0,"key":"Energy Potion"},{"floor":8.0,"key":"GamblersBrew"},{"floor":12,"key":"AttackPotion"},{"floor":13,"key":"SkillPotion"}],"is_trial":false,"path_per_floor":["M","?","$","M","M","E","R","E","T","M","R","M","E","?","R","B",null,"M","?","M","?","M","E"],"character_chosen":"IRONCLAD","items_purchased":["Thunderclap","Shrug It Off"],"campfire_rested":2,"item_purchase_floors":[3,3],"current_hp_per_floor":[80,80,80,80,79,65,65,50,50,56,98,101,82,62,101,39,101,91,91,60,60,50,18,18],"gold":343,"neow_bonus":"RANDOM_COLORLESS","is_daily":false,"chose_seed":false,"campfire_upgraded":1,"win_rate":0.0,"timestamp":1613235759,"path_taken":["M","?","$","M","M","E","R","E","T","M","R","M","E","?","R","BOSS","M","?","M","?","M","E"],"items_purchased_type":["Card","Card"],"build_version":"2020-12-22","purchased_purges":0,"victory":false,"max_hp_per_floor":[80,80,80,80,80,87,87,101,101,101,101,101,101,101,101,101,101,104,104,104,104,107,107,107],"card_choices":[{"not_picked":["Madness","Purity"],"picked":"Good Instincts","floor":0.0},{"not_picked":["Body Slam","Clothesline"],"picked":"Heavy Blade","floor":1.0},{"not_picked":["Twin Strike","Pommel Strike"],"picked":"Anger","floor":4.0},{"not_picked":["Immolate","Iron Wave"],"picked":"Seeing Red","floor":5.0},{"not_picked":["Rage","Sword Boomerang"],"picked":"Thunderclap","floor":6.0},{"not_picked":["Corruption","Carnage"],"picked":"Anger","floor":8.0},{"not_picked":["Intimidate","Sentinel"],"picked":"True Grit","floor":10},{"not_picked":["Burning Pact","Entrench","Armaments"],"picked":"SKIP","floor":12},{"not_picked":["Thunderclap","Clothesline"],"picked":"Anger","floor":13},{"not_picked":["Fiend Fire","Corruption"],"picked":"Feed","floor":16},{"not_picked":["Headbutt+1","Thunderclap"],"picked":"Flex","floor":18},{"not_picked":["Wild Strike+1","Sword Boomerang+1"],"picked":"Iron Wave","floor":20},{"not_picked":["Berserk","True Grit"],"picked":"Reckless Charge","floor":22}],"player_experience":57564,"relics_obtained":[{"floor":6.0,"key":"Strawberry"},{"floor":8.0,"key":"Mango"},{"floor":9.0,"key":"Eternal Feather"},{"floor":13,"key":"Self Forming Clay"}],"event_choices":[{"damage_healed":0.0,"max_hp_gain":0.0,"max_hp_loss":0.0,"gold_gain":0.0,"event_name":"Golden Idol","player_choice":"Take Wound","floor":2.0,"gold_loss":0.0,"damage_taken":0.0,"relics_obtained":["Golden Idol"],"cards_obtained":["Injury"]},{"damage_healed":0,"gold_gain":0,"player_choice":"Entered Light","damage_taken":20,"max_hp_gain":0,"max_hp_loss":0,"event_name":"Shining Light","floor":14,"gold_loss":0,"cards_upgraded":["Anger","Strike_R"]},{"damage_healed":0,"gold_gain":0,"player_choice":"Read","damage_taken":0,"max_hp_gain":0,"max_hp_loss":0,"event_name":"The Library","floor":19,"gold_loss":0,"cards_obtained":["Spot Weakness"]},{"damage_healed":0,"gold_gain":0,"player_choice":"Obtained Relic","damage_taken":0,"relics_obtained":["MealTicket"],"max_hp_gain":0,"max_hp_loss":0,"event_name":"Addict","floor":21,"gold_loss":85}],"is_beta":false,"boss_relics":[{"not_picked":["Philosopher\u0027s Stone","Ectoplasm"],"picked":"Sozu"}],"items_purged_floors":[],"is_endless":false,"potions_floor_spawned":[1,8,12,13,20,22],"killed_by":"Book of Stabbing","ascension_level":2}}