{"host":"8d3fefv2347kqkpz","time":1613258974,"event":{"mods":["AchievementEnabler","Act Like it!","BaseMod","Better Vampires","Colored Map","Colored Powertips","Downfall","GifTheSpireLib","Highlight Path","Minty Spire (QoL Compilation)","Quick Restart","Rare Cards Sparkle","Relic Stats","Replay The Spire","Spicy Shops","StSLib","Waifu the Spire"],"gold_per_floor":[99,116,132,150,167,77,103,13,29,179,179,195,213,213,226,226,226,226],"floor_reached":16,"language":"ZHS","playtime":611,"items_purged":["sneckomod:Strike","Writhe","sneckomod:Strike"],"score":96,"play_id":"7f8e4ef1-1e10-4eb5-bf1e-144806f33dd5","local_time":"20210214072934","is_ascension_mode":false,"campfire_choices":[{"data":"sneckomod:TailWhip","floor":1,"key":"SMITH"}],"circlet_count":0,"master_deck":["sneckomod:Strike","sneckomod:Defend","sneckomod:Defend","sneckomod:Defend","sneckomod:TailWhip+1","sneckomod:SnekBite","sneckomod:Unknown","sneckomod:Unknown","sneckomod:Unknown0Cost","sneckomod:UnknownUncommonAttack","sneckomod:UnknownRarePower","downfall:Icky"],"relics":["sneckomod:SneckoSoul","sneckomod:LoadedDie","Anchor","ReplayTheSpireMod:CursedCoin","downfall:BrokenWingStatue"],"acts_visited":["Exordium"],"potions_floor_usage":[],"damage_taken":[{"damage":0,"enemies":"Cultist","floor":2,"turns":3},{"damage":3,"enemies":"Jaw Worm","floor":3,"turns":3},{"damage":0,"enemies":"Small Slimes","floor":4,"turns":2},{"damage":6,"enemies":"Exordium Thugs","floor":5,"turns":4},{"damage":0,"enemies":"downfall:FleeingMerchant","floor":6,"turns":4},{"damage":5,"enemies":"downfall:FleeingMerchant","floor":8,"turns":4},{"damage":10,"enemies":"Exordium Wildlife","floor":9,"turns":4},{"damage":3,"enemies":"Large Slime","floor":12,"turns":7},{"damage":1,"enemies":"Red Slaver","floor":13,"turns":4},{"damage":6,"enemies":"3 Louse","floor":15,"turns":3},{"damage":67,"enemies":"WA_ARCHETYPE_RETAIN","floor":16,"turns":9}],"seed_played":"1649086312376346243","potions_obtained":[{"floor":3,"key":"Strength Potion"},{"floor":4,"key":"Block Potion"},{"floor":5,"key":"BlessingOfTheForge"}],"is_trial":false,"path_per_floor":["R","M","M","M","M","$","T","$","M","?","?","M","M","?","M","B"],"character_chosen":"THE_SNECKO","items_purchased":["ReplayTheSpireMod:CursedCoin"],"campfire_rested":0,"item_purchase_floors":[8],"current_hp_per_floor":[90,90,87,87,81,81,81,76,66,66,66,63,62,62,56,0,0,0],"gold":226,"neow_bonus":"RANDOM_COMMON_RELIC","is_daily":false,"chose_seed":false,"campfire_upgraded":1,"win_rate":0.0,"timestamp":1613258974,"path_taken":["R","M","M","?","M","$","T","$","M","?","?","M","?","?","M","BOSS"],"items_purchased_type":["Relic"],"build_version":"2020-12-22","purchased_purges":3,"victory":false,"max_hp_per_floor":[90,90,90,90,90,90,90,90,90,90,90,90,90,90,90,90,90,90],"relic_stats":{"counters":[11,46],"obtain_stats":[{"Anchor":7,"downfall:BrokenWingStatue":11,"sneckomod:LoadedDie":0,"ReplayTheSpireMod:CursedCoin":8,"sneckomod:SneckoSoul":0},{"Anchor":5,"downfall:BrokenWingStatue":7,"sneckomod:LoadedDie":0,"ReplayTheSpireMod:CursedCoin":6,"sneckomod:SneckoSoul":0},{"Anchor":16,"downfall:BrokenWingStatue":24,"sneckomod:LoadedDie":0,"ReplayTheSpireMod:CursedCoin":20,"sneckomod:SneckoSoul":0}]},"card_choices":[{"not_picked":["sneckomod:SoulCleanse","sneckomod:UnknownBlock"],"picked":"sneckomod:Unknown0Cost","floor":2},{"not_picked":["sneckomod:WideSting","sneckomod:DiceCrush","sneckomod:UnendingSupply"],"picked":"SKIP","floor":3},{"not_picked":["sneckomod:CheapStock","sneckomod:Nope","sneckomod:SoulRoll"],"picked":"SKIP","floor":4},{"not_picked":["sneckomod:SnekBeam","sneckomod:MasterEye"],"picked":"sneckomod:UnknownUncommonAttack","floor":5},{"not_picked":["sneckomod:UnknownDraw","sneckomod:DiceBlock","sneckomod:UnendingSupply"],"picked":"SKIP","floor":6},{"not_picked":["sneckomod:SoulCleanse","sneckomod:DefensiveFlair"],"picked":"sneckomod:UnknownRarePower","floor":8},{"not_picked":["sneckomod:UnknownWeak","sneckomod:QuickMove","sneckomod:DefensiveFlair"],"picked":"SKIP","floor":9},{"not_picked":["sneckomod:SoulRoll","sneckomod:SoulDraw","sneckomod:UnknownDraw"],"picked":"SKIP","floor":12},{"not_picked":["sneckomod:SoulRoll","sneckomod:SoulDraw","sneckomod:ImprovisedAttack"],"picked":"SKIP","floor":13},{"not_picked":["sneckomod:UnknownVulnerable","sneckomod:Unknown0Cost","sneckomod:RainOfDice"],"picked":"SKIP","floor":15}],"player_experience":368287,"relics_obtained":[{"floor":7,"key":"Anchor"}],"event_choices":[{"cards_removed":["ReplayTheSpireMod:Restless Dread"],"damage_healed":0,"gold_gain":0,"player_choice":"Card Removal","damage_taken":0,"max_hp_gain":0,"max_hp_loss":0,"event_name":"The Cleric","floor":14,"gold_loss":0}],"is_beta":false,"boss_relics":[],"items_purged_floors":[6,8,8],"is_endless":false,"potions_floor_spawned":[3,4,5,9,12],"killed_by":"WA_ARCHETYPE_RETAIN","ascension_level":0}}