{"host":"8b9ba58w9pmbqmpe","time":1613241583,"event":{"mods":["BaseMod","Downfall","Minty Spire (QoL Compilation)","StSLib"],"gold_per_floor":[99,119,119,132,145,61,80,94,94,129,29,29,29,48,48,65,85,85,85,85],"floor_reached":18,"language":"ENG","playtime":1256,"items_purged":[],"score":122,"play_id":"b5fe8ba6-1f3b-40ad-a9cb-55cac740fe4d","local_time":"20210213193943","is_ascension_mode":true,"campfire_choices":[{"data":"bronze:BronzeOrb","floor":1,"key":"SMITH"},{"floor":11,"key":"RECALL"},{"data":"bronze:InfiniteBeams","floor":13,"key":"SMITH"}],"circlet_count":0,"master_deck":["bronze:Strike","bronze:Strike","bronze:Strike","bronze:Strike","bronze:Defend","bronze:Defend+1","bronze:Defend","bronze:Defend","bronze:Replicate+1","bronze:Goto","bronze:BronzeOrb+1","bronze:FollowUp","bronze:Overload","bronze:Constructor","bronze:FineTuning","bronze:Terminator+1","bronze:InfiniteBeams+1","bronze:WildBeam","bronze:Flail","bronze:MaxOutput","downfall:Malfunctioning","bronze:ItsAFeature","bronze:BugBarrage"],"relics":["bronze:BronzeCore","Anchor","downfall:HeartBlessingGreen","Question Card"],"acts_visited":["Exordium"],"potions_floor_usage":[18],"damage_taken":[{"damage":0,"enemies":"Cultist","floor":2,"turns":3},{"damage":0,"enemies":"Small Slimes","floor":4,"turns":3},{"damage":2,"enemies":"Jaw Worm","floor":5,"turns":3},{"damage":1,"enemies":"downfall:FleeingMerchant","floor":6,"turns":4},{"damage":13,"enemies":"Exordium Thugs","floor":7,"turns":5},{"damage":0,"enemies":"Blue Slaver","floor":8,"turns":4},{"damage":13,"enemies":"3 Sentries","floor":10,"turns":8},{"damage":0,"enemies":"3 Louse","floor":14,"turns":3},{"damage":0,"enemies":"Red Slaver","floor":16,"turns":2},{"damage":0,"enemies":"downfall:LooterAlt","floor":17,"turns":3},{"damage":41,"enemies":"IC_STATUS_ARCHETYPE","floor":18,"turns":4}],"seed_played":"3747078577233254815","potions_obtained":[{"floor":3,"key":"AttackPotion"},{"floor":3,"key":"DuplicationPotion"},{"floor":3,"key":"Regen Potion"},{"floor":4,"key":"Fire Potion"}],"is_trial":false,"path_per_floor":["R","M","?","M","M","$","M","M","T","E","R","?","R","M","?","M","M","B"],"character_chosen":"THE_AUTOMATON","items_purchased":["bronze:Terminator"],"campfire_rested":0,"item_purchase_floors":[6],"current_hp_per_floor":[70,70,70,70,68,67,54,54,54,41,41,38,38,38,38,38,38,0,0,0],"gold":85,"neow_bonus":"THREE_CARDS","is_daily":false,"chose_seed":false,"campfire_upgraded":2,"win_rate":0.0,"timestamp":1613241583,"path_taken":["R","M","?","M","?","$","M","M","T","E","R","?","R","M","?","?","M","BOSS"],"items_purchased_type":["Card"],"build_version":"2020-12-22","purchased_purges":0,"victory":false,"max_hp_per_floor":[70,70,70,70,70,70,70,70,70,70,70,70,70,70,70,70,70,70,70,70],"card_choices":[{"not_picked":["bronze:Shield","bronze:CutThrough"],"picked":"bronze:BronzeOrb","floor":0},{"not_picked":["bronze:Separator","bronze:Return"],"picked":"bronze:FollowUp","floor":2},{"not_picked":["bronze:Constructor","bronze:Shield"],"picked":"bronze:Overload","floor":4},{"not_picked":["bronze:Iterate","bronze:DelayedSlice"],"picked":"bronze:Constructor","floor":5},{"not_picked":["bronze:Frontload","bronze:Backtrace"],"picked":"bronze:FineTuning","floor":6},{"not_picked":["bronze:CutThrough","bronze:DelayedSlice"],"picked":"bronze:InfiniteBeams","floor":7},{"not_picked":["bronze:BuggyMess","bronze:DelayedSlice"],"picked":"bronze:WildBeam","floor":8},{"not_picked":["bronze:Terminator","bronze:FineTuning"],"picked":"bronze:Flail","floor":10},{"not_picked":["bronze:FollowUp","bronze:Safeguard","bronze:DarkDash"],"picked":"bronze:MaxOutput","floor":14},{"not_picked":["bronze:Return","bronze:Shell","bronze:Repulsor"],"picked":"bronze:ItsAFeature","floor":16},{"not_picked":["bronze:InfiniteLoop","bronze:Safeguard","bronze:Separator"],"picked":"bronze:BugBarrage","floor":17}],"player_experience":294014,"relics_obtained":[{"floor":10,"key":"Anchor"}],"event_choices":[{"damage_healed":0,"gold_gain":0,"player_choice":"Got Potions","damage_taken":0,"max_hp_gain":0,"max_hp_loss":0,"event_name":"Lab","floor":3,"gold_loss":0},{"damage_healed":0,"gold_gain":0,"player_choice":"Success","damage_taken":3,"relics_obtained":["Question Card"],"max_hp_gain":0,"max_hp_loss":0,"event_name":"Scrap Ooze","floor":12,"gold_loss":0}],"is_beta":false,"boss_relics":[],"items_purged_floors":[],"is_endless":false,"potions_floor_spawned":[4,10,14],"killed_by":"IC_STATUS_ARCHETYPE","ascension_level":1}}