{"host":"a5lz0e76zb3fcwkm","time":1613231316,"event":{"mods":["AchievementEnabler","BaseMod","Colored Map","Colored Powertips","Minty Spire (QoL Compilation)","StSLib","SuperFastMode"],"gold_per_floor":[119,44,2,2,2,2,28,54,109,164,191,227,277,308,320,416,428,453,494,540,552,489,501,548,571,583,595,595],"floor_reached":27,"language":"KOR","playtime":511,"items_purged":[],"score":552,"play_id":"fc3b6542-7270-48f1-8df3-d3fbf2f3d8c7","local_time":"20210214004836","is_ascension_mode":true,"campfire_choices":[{"data":"Dualcast","floor":6.0,"key":"SMITH"},{"data":"Loop","floor":15.0,"key":"SMITH"},{"floor":23.0,"key":"REST"}],"circlet_count":0,"master_deck":["AscendersBane","Strike_B","Strike_B","Defend_B","Defend_B+1","Defend_B","Defend_B+1","Zap","Dualcast+1","Ball Lightning","FTL","Loop+1","Cold Snap","Coolheaded","Capacitor","Biased Cognition","Barrage+1","Capacitor","Capacitor"],"relics":["Cracked Core","NeowsBlessing","Gremlin Horn","Lizard Tail","CeramicFish","MawBank","War Paint","Sundial","Cursed Key","Red Mask","Lantern"],"acts_visited":["Exordium","TheCity"],"potions_floor_usage":[27,27],"damage_taken":[{"damage":0.0,"enemies":"Jaw Worm","floor":1.0,"turns":1.0},{"damage":0.0,"enemies":"Gremlin Nob","floor":7.0,"turns":1.0},{"damage":0.0,"enemies":"2 Louse","floor":8.0,"turns":1.0},{"damage":20.0,"enemies":"Lagavulin","floor":10.0,"turns":6.0},{"damage":0.0,"enemies":"Cultist","floor":11.0,"turns":3.0},{"damage":4.0,"enemies":"Lots of Slimes","floor":12.0,"turns":3.0},{"damage":7.0,"enemies":"Gremlin Nob","floor":13.0,"turns":3.0},{"damage":6.0,"enemies":"3 Louse","floor":14.0,"turns":3.0},{"damage":7.0,"enemies":"Hexaghost","floor":16.0,"turns":9.0},{"damage":19.0,"enemies":"2 Thieves","floor":18.0,"turns":4.0},{"damage":19.0,"enemies":"Shell Parasite","floor":19.0,"turns":4.0},{"damage":16.0,"enemies":"Masked Bandits","floor":20.0,"turns":4.0},{"damage":37.0,"enemies":"Book of Stabbing","floor":24.0,"turns":5.0},{"damage":15.0,"enemies":"Shelled Parasite and Fungi","floor":25.0,"turns":6.0},{"damage":6,"enemies":"Sentry and Sphere","floor":27,"turns":3}],"seed_played":"-8259218408438078888","potions_obtained":[{"floor":1.0,"key":"Dexterity Potion"},{"floor":11.0,"key":"DuplicationPotion"},{"floor":12.0,"key":"PowerPotion"},{"floor":16.0,"key":"Energy Potion"},{"floor":24.0,"key":"PotionOfCapacity"}],"is_trial":false,"path_per_floor":["M","?","$","?","T","R","E","M","T","E","M","M","E","M","R","B",null,"M","M","?","?","?","R","E","M","T","M"],"character_chosen":"DEFECT","items_purchased":["FTL"],"campfire_rested":1,"item_purchase_floors":[3],"current_hp_per_floor":[64,64,64,53,53,53,53,53,53,33,33,29,22,16,16,9,56,37,18,2,2,2,23,21,6,6,0,0],"gold":595,"neow_bonus":"THREE_ENEMY_KILL","is_daily":false,"chose_seed":false,"campfire_upgraded":2,"win_rate":0.0,"timestamp":1613231316,"path_taken":["M","?","$","?","?","R","E","?","T","E","M","M","E","?","R","BOSS","M","M","?","?","?","R","E","M","T","M"],"items_purchased_type":["Card"],"build_version":"2020-12-22","purchased_purges":0,"victory":false,"max_hp_per_floor":[71,71,71,71,71,71,71,71,71,71,71,71,71,71,71,71,71,71,71,71,71,71,71,71,71,71,71,71],"card_choices":[{"not_picked":["Stack","Turbo"],"picked":"Ball Lightning","floor":1.0},{"not_picked":["Darkness","Steam","Gash"],"picked":"SKIP","floor":7.0},{"not_picked":["Heatsinks","Hello World"],"picked":"Loop","floor":8.0},{"not_picked":["Ball Lightning","Hologram"],"picked":"Cold Snap","floor":10.0},{"not_picked":["Go for the Eyes","Conserve Battery","Aggregate"],"picked":"SKIP","floor":11.0},{"not_picked":["Conserve Battery","Amplify"],"picked":"Coolheaded","floor":12.0},{"not_picked":["Leap","Rebound"],"picked":"Capacitor","floor":13.0},{"not_picked":["Conserve Battery","Gash","Rebound"],"picked":"SKIP","floor":14.0},{"not_picked":["Buffer","Amplify"],"picked":"Biased Cognition","floor":16.0},{"not_picked":["Leap","Gash","Hologram"],"picked":"SKIP","floor":18.0},{"not_picked":["Beam Cell","Stack"],"picked":"Barrage+1","floor":19.0},{"not_picked":["Steam+1","Turbo"],"picked":"Capacitor","floor":20.0},{"not_picked":["Compile Driver","Barrage"],"picked":"Capacitor","floor":24.0},{"not_picked":["Auto Shields","Rebound","Barrage"],"picked":"SKIP","floor":25.0}],"player_experience":1886132,"relics_obtained":[{"floor":5.0,"key":"Lizard Tail"},{"floor":7.0,"key":"CeramicFish"},{"floor":9.0,"key":"MawBank"},{"floor":10.0,"key":"War Paint"},{"floor":13.0,"key":"Sundial"},{"floor":20.0,"key":"Red Mask"},{"floor":24.0,"key":"Lantern"}],"event_choices":[{"cards_removed":["Strike_B"],"damage_healed":0.0,"max_hp_gain":0.0,"max_hp_loss":0.0,"gold_gain":0.0,"event_name":"The Cleric","player_choice":"Card Removal","floor":2.0,"gold_loss":75.0,"damage_taken":0.0},{"damage_healed":0.0,"max_hp_gain":0.0,"max_hp_loss":0.0,"gold_gain":0.0,"event_name":"Scrap Ooze","player_choice":"Success","floor":4.0,"gold_loss":0.0,"damage_taken":11.0,"relics_obtained":["Gremlin Horn"]},{"damage_healed":0.0,"max_hp_gain":0.0,"max_hp_loss":0.0,"gold_gain":0.0,"event_name":"Masked Bandits","player_choice":"Fought Bandits","floor":20.0,"gold_loss":0.0,"damage_taken":0.0},{"damage_healed":0.0,"max_hp_gain":0.0,"max_hp_loss":0.0,"gold_gain":0.0,"event_name":"The Mausoleum","player_choice":"Ignored","floor":21.0,"gold_loss":0.0,"damage_taken":0.0},{"cards_removed":["Strike_B"],"damage_healed":0.0,"max_hp_gain":0.0,"max_hp_loss":0.0,"gold_gain":0.0,"event_name":"Beggar","player_choice":"Gave Gold","floor":22.0,"gold_loss":75.0,"damage_taken":0.0}],"is_beta":false,"boss_relics":[{"not_picked":["Busted Crown","Runic Pyramid"],"picked":"Cursed Key"}],"items_purged_floors":[],"is_endless":false,"potions_floor_spawned":[1,11,12,16,24,25],"killed_by":"Sentry and Sphere","ascension_level":20}}