{"host":"7yyoe0ei0fseceei","time":1613245761,"event":{"mods":["BaseMod","Colored Map","Highlight Path","Minty Spire (QoL Compilation)","Quick Restart"],"gold_per_floor":[110,110,129,139,149,149,176,176,476,503,518,483,554,618,618,695,695,711,51,51,51],"floor_reached":20,"language":"ENG","playtime":677,"items_purged":[],"score":364,"play_id":"39c28cae-ec24-4a5a-8e7f-344607f9095b","local_time":"20210213204921","is_ascension_mode":true,"campfire_choices":[{"data":"Capacitor","floor":6,"key":"SMITH"},{"floor":8,"key":"REST"},{"floor":15,"key":"REST"}],"circlet_count":0,"master_deck":["AscendersBane","Strike_B","Strike_B","Strike_B","Strike_B","Defend_B","Defend_B+1","Defend_B","Defend_B","Zap+1","Dualcast+1","Capacitor+1","Tempest","Conserve Battery","Ball Lightning","White Noise","BootSequence","Melter","Ball Lightning","Rainbow+1","CurseOfTheBell"],"relics":["Cracked Core","Pocketwatch","Old Coin","FossilizedHelix","Centennial Puzzle","Calling Bell","Tiny Chest","Question Card","Shovel","Chemical X","War Paint","Torii"],"acts_visited":["Exordium","TheCity"],"potions_floor_usage":[7,7,14,20],"damage_taken":[{"damage":8,"enemies":"2 Louse","floor":1,"turns":3},{"damage":5,"enemies":"Small Slimes","floor":3,"turns":4},{"damage":12,"enemies":"Jaw Worm","floor":4,"turns":2},{"damage":9,"enemies":"Blue Slaver","floor":5,"turns":3},{"damage":18,"enemies":"Lagavulin","floor":7,"turns":7},{"damage":28,"enemies":"3 Sentries","floor":10,"turns":7},{"damage":0,"enemies":"2 Fungi Beasts","floor":11,"turns":4},{"damage":0,"enemies":"3 Sentries","floor":14,"turns":6},{"damage":14,"enemies":"Slime Boss","floor":16,"turns":7},{"damage":30,"enemies":"Shell Parasite","floor":18,"turns":5},{"damage":34,"enemies":"Masked Bandits","floor":20,"turns":3}],"seed_played":"1568773753327169332","potions_obtained":[{"floor":1,"key":"FocusPotion"},{"floor":4,"key":"CultistPotion"},{"floor":10,"key":"Block Potion"},{"floor":16,"key":"LiquidBronze"},{"floor":18,"key":"SpeedPotion"}],"is_trial":false,"path_per_floor":["M","?","M","M","M","R","E","R","T","E","M","?","?","?","R","B",null,"M","$","?"],"character_chosen":"DEFECT","items_purchased":["Chemical X","War Paint","Torii"],"campfire_rested":2,"item_purchase_floors":[19,19,19],"current_hp_per_floor":[56,56,51,39,30,30,12,33,33,5,5,22,22,22,43,29,61,31,31,0,0],"gold":51,"neow_bonus":"UPGRADE_CARD","is_daily":false,"chose_seed":false,"campfire_upgraded":1,"win_rate":0.0,"timestamp":1613245761,"path_taken":["M","?","M","M","M","R","E","R","T","E","M","?","?","?","R","BOSS","M","$","?"],"items_purchased_type":["Relic","Relic","Relic"],"build_version":"2020-12-22","purchased_purges":0,"victory":false,"max_hp_per_floor":[71,71,71,71,71,71,71,71,71,71,71,71,71,71,71,71,71,71,71,71,71],"card_choices":[{"not_picked":["Loop","Fusion"],"picked":"Capacitor","floor":1},{"not_picked":["Beam Cell","Ball Lightning"],"picked":"Tempest","floor":3},{"not_picked":["Redo","Streamline"],"picked":"Conserve Battery","floor":4},{"not_picked":["Barrage","Steam"],"picked":"Ball Lightning","floor":5},{"not_picked":["Beam Cell","Conserve Battery"],"picked":"White Noise","floor":7},{"not_picked":["Rebound","Go for the Eyes"],"picked":"BootSequence","floor":10},{"not_picked":["Leap","All For One"],"picked":"Melter","floor":11},{"not_picked":["Rebound","Doom and Gloom"],"picked":"Ball Lightning","floor":14},{"not_picked":["Hyperbeam","Machine Learning"],"picked":"Rainbow","floor":16},{"not_picked":["Cold Snap","Redo","Coolheaded","Heatsinks"],"picked":"SKIP","floor":18}],"player_experience":916324,"relics_obtained":[{"floor":7,"key":"Pocketwatch"},{"floor":9,"key":"Old Coin"},{"floor":10,"key":"FossilizedHelix"},{"floor":14,"key":"Centennial Puzzle"},{"floor":17,"key":"Tiny Chest"},{"floor":17,"key":"Question Card"},{"floor":17,"key":"Shovel"}],"event_choices":[{"damage_healed":0,"gold_gain":0,"player_choice":"Grow","damage_taken":0,"max_hp_gain":0,"max_hp_loss":0,"event_name":"Living Wall","floor":2,"gold_loss":0,"cards_upgraded":["Zap"]},{"damage_healed":17,"gold_gain":0,"player_choice":"Healed","damage_taken":0,"max_hp_gain":0,"max_hp_loss":0,"event_name":"The Cleric","floor":12,"gold_loss":35},{"damage_healed":0,"gold_gain":71,"player_choice":"Gained Gold","damage_taken":0,"max_hp_gain":0,"max_hp_loss":0,"event_name":"Golden Wing","floor":13,"gold_loss":0},{"damage_healed":0,"gold_gain":0,"player_choice":"Searched \u00271\u0027 times","damage_taken":0,"max_hp_gain":0,"max_hp_loss":0,"event_name":"Dead Adventurer","floor":14,"gold_loss":0},{"damage_healed":0,"gold_gain":0,"player_choice":"Fought Bandits","damage_taken":0,"max_hp_gain":0,"max_hp_loss":0,"event_name":"Masked Bandits","floor":20,"gold_loss":0}],"is_beta":false,"boss_relics":[{"not_picked":["SacredBark","Pandora\u0027s Box"],"picked":"Calling Bell"}],"items_purged_floors":[],"is_endless":false,"potions_floor_spawned":[1,4,5,10,16,18],"killed_by":"Masked Bandits","ascension_level":20}}