{"host":"y36bp6mnm73x3iob","time":1613218360,"event":{"mods":["2.2 Compatiblity","Aspiration","BaseMod","Bossed Relics","Downfall","GifTheSpireLib","Hermit","Minty Spire (QoL Compilation)","Reliquary","StSLib"],"gold_per_floor":[114,192,192,206,218,218,218,218],"floor_reached":7,"language":"ENG","playtime":544,"items_purged":[],"score":45,"play_id":"1beecd3a-1371-4317-8e8f-61bff4654bb8","local_time":"20210213141240","is_ascension_mode":true,"campfire_choices":[{"data":"hermit:Determination","floor":6,"key":"SMITH"}],"circlet_count":0,"master_deck":["hermit:Strike_Hermit","hermit:Strike_Hermit","hermit:Strike_Hermit","hermit:Strike_Hermit","hermit:Defend_Hermit","hermit:Defend_Hermit","hermit:Defend_Hermit","hermit:Defend_Hermit","hermit:Snapshot","hermit:Covet","hermit:Cheat","hermit:Cheat","hermit:Determination+1"],"relics":["hermit:Momento","Torii","aspiration:DSix"],"acts_visited":["Exordium"],"potions_floor_usage":[7],"damage_taken":[{"damage":0,"enemies":"2 Louse","floor":1,"turns":2},{"damage":0,"enemies":"Small Slimes","floor":4,"turns":3},{"damage":13,"enemies":"Jaw Worm","floor":5,"turns":5},{"damage":54,"enemies":"Lagavulin","floor":7,"turns":7}],"seed_played":"3857271007684166135","potions_obtained":[{"floor":1,"key":"bronze:BurnAndBuffPotion"},{"floor":4,"key":"sneckomod:MuddlingPotion"}],"is_trial":false,"path_per_floor":["M","?","?","M","M","R","E"],"character_chosen":"HERMIT","items_purchased":[],"campfire_rested":0,"item_purchase_floors":[],"current_hp_per_floor":[54,54,51,51,38,38,0,0],"gold":218,"neow_bonus":"ONE_RARE_RELIC","is_daily":false,"chose_seed":false,"campfire_upgraded":1,"win_rate":0.0,"timestamp":1613218360,"path_taken":["M","?","?","?","M","R","E"],"items_purchased_type":[],"build_version":"2020-12-22","purchased_purges":0,"victory":false,"max_hp_per_floor":[75,75,75,75,75,75,75,75],"card_choices":[{"not_picked":["hermit:Dive","hermit:ItchyTrigger"],"picked":"hermit:Cheat","floor":1},{"not_picked":["hermit:DeadMansHand","hermit:HighCaliber"],"picked":"hermit:Cheat","floor":4},{"not_picked":["hermit:Gestalt","hermit:SprayPray"],"picked":"hermit:Determination","floor":5}],"player_experience":572153,"relics_obtained":[],"event_choices":[{"damage_healed":0,"gold_gain":78,"player_choice":"Gained Gold","damage_taken":0,"max_hp_gain":0,"max_hp_loss":0,"event_name":"Golden Wing","floor":2,"gold_loss":0},{"damage_healed":0,"gold_gain":0,"player_choice":"Success","damage_taken":3,"relics_obtained":["aspiration:DSix"],"max_hp_gain":0,"max_hp_loss":0,"event_name":"Scrap Ooze","floor":3,"gold_loss":0}],"is_beta":false,"boss_relics":[],"items_purged_floors":[],"is_endless":false,"potions_floor_spawned":[1,4],"killed_by":"Lagavulin","ascension_level":2}}