{"host":"lg1lbglystyxcosi","time":1613224343,"event":{"mods":["AchievementEnabler","BaseMod","Better Third Choice","BetterRewards","Colored Powertips","Minty Spire (QoL Compilation)","Quick Restart","Shop Mod","StSLib","¡¾ÒÅÎï¿¨ÅÆ¡¿REMEMod"],"gold_per_floor":[72,172,186,201,221,221,233,233,313,348,378,378,233,245,245,345,345,361,167,167,214,214,214,232,232,232,157,157,82,99,115,115,220,220,236,136,236,67,81,81,97,146,169,169,183,58,58,69,69,99],"floor_reached":51,"language":"ZHS","playtime":1850,"items_purged":["Clash","Strike_R","Strike_R"],"score":978,"play_id":"a704bc2c-435f-4866-b456-b459e3bb81ad","local_time":"20210213215223","is_ascension_mode":true,"campfire_choices":[{"floor":6.0,"key":"REST"},{"data":"1","floor":8.0,"key":"LIFT"},{"floor":15.0,"key":"REST"},{"floor":23.0,"key":"REST"},{"data":"2","floor":25.0,"key":"LIFT"},{"data":"3","floor":28.0,"key":"LIFT"},{"data":"REME_Fury","floor":32.0,"key":"SMITH"},{"data":"REME_BattleFury","floor":40.0,"key":"SMITH"},{"floor":44.0,"key":"REST"},{"floor":49.0,"key":"REST"}],"circlet_count":0,"master_deck":["AscendersBane","Strike_R","Strike_R","Strike_R","Defend_R","Defend_R","Defend_R","Defend_R","Bash","Phantasmal Killer+1","REME_Cut","Rampage","REME_Cut","Reaper","REME_Fury+1","REME_HeartOfCthun","Necronomicurse","REME_BattleFury+1"],"relics":["Burning Blood","REME_ComplimentaryCards","Girya","Dead Branch","Pear","REME_IWantAll","Busted Crown","Necronomicon","Ginger","REME_ChargedStone","Regal Pillow"],"acts_visited":["Exordium","TheCity","TheBeyond"],"potions_floor_usage":[50],"damage_taken":[{"damage":1.0,"enemies":"Cultist","floor":1.0,"turns":4.0},{"damage":7.0,"enemies":"2 Louse","floor":3.0,"turns":4.0},{"damage":9.0,"enemies":"Small Slimes","floor":4.0,"turns":4.0},{"damage":27.0,"enemies":"Exordium Thugs","floor":5.0,"turns":4.0},{"damage":8.0,"enemies":"3 Louse","floor":7.0,"turns":4.0},{"damage":32.0,"enemies":"Gremlin Nob","floor":10.0,"turns":4.0},{"damage":28.0,"enemies":"Exordium Wildlife","floor":14.0,"turns":4.0},{"damage":68.0,"enemies":"The Guardian","floor":16.0,"turns":8.0},{"damage":12.0,"enemies":"Chosen","floor":18.0,"turns":2.0},{"damage":27.0,"enemies":"Shell Parasite","floor":21.0,"turns":4.0},{"damage":17.0,"enemies":"Snecko","floor":24.0,"turns":4.0},{"damage":21.0,"enemies":"Centurion and Healer","floor":30.0,"turns":3.0},{"damage":22.0,"enemies":"Shelled Parasite and Fungi","floor":31.0,"turns":3.0},{"damage":53.0,"enemies":"Collector","floor":33.0,"turns":6.0},{"damage":30.0,"enemies":"Orb Walker","floor":35.0,"turns":3.0},{"damage":0.0,"enemies":"3 Darklings","floor":39.0,"turns":1.0},{"damage":0.0,"enemies":"4 Shapes","floor":41.0,"turns":1.0},{"damage":39.0,"enemies":"Sphere and 2 Shapes","floor":42.0,"turns":3.0},{"damage":38.0,"enemies":"Maw","floor":45.0,"turns":4.0},{"damage":40.0,"enemies":"Transient","floor":48.0,"turns":5.0},{"damage":115,"enemies":"Awakened One","floor":50,"turns":6}],"seed_played":"-5122554855246851862","potions_obtained":[{"floor":3.0,"key":"DuplicationPotion"},{"floor":4.0,"key":"Regen Potion"},{"floor":7.0,"key":"Ancient Potion"},{"floor":16.0,"key":"REME_GoldPotion"},{"floor":30.0,"key":"Explosive Potion"},{"floor":35.0,"key":"Dexterity Potion"},{"floor":39.0,"key":"REME_GoldPotion"},{"floor":45.0,"key":"SneckoOil"},{"floor":48.0,"key":"REME_GoldPotion"}],"is_trial":false,"path_per_floor":["M","?","M","M","M","R","M","R","T","E","?","?","$","M","R","B",null,"M","$","?","M","?","R","M","R","T","$","R","?","M","M","R","B",null,"M","$","?","$","M","R","M","M","T","R","M","$","?","M","R","B",null],"character_chosen":"IRONCLAD","items_purchased":["REME_Cut","Reaper","Clash","REME_HeartOfCthun","REME_BattleFury"],"campfire_rested":5,"item_purchase_floors":[0,13,19,19,38],"current_hp_per_floor":[53,53,52,49,40,64,62,62,72,46,46,46,46,46,73,35,76,70,70,70,49,33,60,63,63,63,63,63,63,48,65,65,83,88,64,64,64,64,70,70,76,43,43,85,53,53,53,47,89,34],"gold":99,"neow_bonus":"","is_daily":false,"chose_seed":false,"campfire_upgraded":2,"win_rate":0.0,"timestamp":1613224343,"path_taken":["M","?","?","M","M","R","M","R","T","E","?","?","$","M","R","BOSS","M","$","?","M","?","R","M","R","T","?","R","?","M","M","R","BOSS","M","$","?","$","?","R","M","M","T","R","?","?","?","M","R","BOSS"],"items_purchased_type":["Card","Card","Card","Card","Card"],"build_version":"2020-12-22","purchased_purges":3,"victory":true,"max_hp_per_floor":[80,80,80,80,80,80,80,80,90,90,90,90,90,90,90,90,90,90,90,90,90,90,90,90,90,90,90,90,90,90,90,90,90,90,90,90,90,90,90,90,90,90,90,90,90,90,90,90,90,90],"card_choices":[{"not_picked":["Shockwave","Carnage"],"picked":"Rampage","floor":1.0},{"not_picked":["Clothesline","Pummel","Warcry"],"picked":"SKIP","floor":3.0},{"not_picked":["Perfected Strike","Thunderclap"],"picked":"REME_Cut","floor":4.0},{"not_picked":["Thunderclap","True Grit"],"picked":"Clash","floor":5.0},{"not_picked":["Clothesline","Heavy Blade","Havoc"],"picked":"SKIP","floor":7.0},{"not_picked":["Body Slam","Intimidate","Cleave"],"picked":"SKIP","floor":10.0},{"not_picked":["Flex","Shrug It Off","Reaper"],"picked":"SKIP","floor":14.0},{"not_picked":["Juggernaut","Brutality"],"picked":"REME_Fury","floor":16.0},{"not_picked":["Reckless Charge"],"picked":"SKIP","floor":18.0},{"not_picked":["Hemokinesis+1"],"picked":"SKIP","floor":21.0},{"not_picked":["Perfected Strike"],"picked":"SKIP","floor":24.0},{"not_picked":["Dropkick+1"],"picked":"SKIP","floor":30.0},{"not_picked":["Entrench+1"],"picked":"SKIP","floor":31.0},{"not_picked":["Thunderclap"],"picked":"SKIP","floor":35.0},{"not_picked":["Thunderclap"],"picked":"SKIP","floor":39.0},{"not_picked":["Wild Strike"],"picked":"SKIP","floor":41.0},{"not_picked":["Sever Soul+1"],"picked":"SKIP","floor":42.0},{"not_picked":["Wild Strike"],"picked":"SKIP","floor":45.0},{"not_picked":["Carnage"],"picked":"SKIP","floor":48.0}],"player_experience":124341,"relics_obtained":[{"floor":9.0,"key":"Pear"},{"floor":10.0,"key":"REME_IWantAll"},{"floor":22.0,"key":"Necronomicon"},{"floor":26.0,"key":"Ginger"},{"floor":43.0,"key":"Regal Pillow"}],"event_choices":[{"damage_healed":0.0,"max_hp_gain":0.0,"max_hp_loss":0.0,"gold_gain":100.0,"event_name":"Golden Shrine","player_choice":"Pray","floor":2.0,"gold_loss":0.0,"damage_taken":0.0},{"damage_healed":0.0,"max_hp_gain":0.0,"max_hp_loss":0.0,"gold_gain":30.0,"event_name":"Dead Adventurer","player_choice":"Searched \u00271\u0027 times","floor":11.0,"gold_loss":0.0,"damage_taken":0.0},{"damage_healed":0.0,"max_hp_gain":0.0,"max_hp_loss":0.0,"gold_gain":0.0,"event_name":"Accursed Blacksmith","player_choice":"Forge","floor":12.0,"gold_loss":0.0,"damage_taken":0.0,"cards_upgraded":["Phantasmal Killer"]},{"damage_healed":0.0,"max_hp_gain":0.0,"max_hp_loss":0.0,"gold_gain":0.0,"event_name":"Vampires","player_choice":"Ignored","floor":20.0,"gold_loss":0.0,"damage_taken":0.0},{"damage_healed":0.0,"max_hp_gain":0.0,"max_hp_loss":0.0,"gold_gain":0.0,"event_name":"Cursed Tome","player_choice":"Obtained Book","floor":22.0,"gold_loss":0.0,"damage_taken":16.0},{"cards_removed":["Clash"],"damage_healed":0.0,"max_hp_gain":0.0,"max_hp_loss":0.0,"gold_gain":0.0,"event_name":"Beggar","player_choice":"Gave Gold","floor":29.0,"gold_loss":75.0,"damage_taken":0.0},{"damage_healed":0.0,"max_hp_gain":0.0,"max_hp_loss":0.0,"gold_gain":100.0,"event_name":"Golden Shrine","player_choice":"Pray","floor":37.0,"gold_loss":0.0,"damage_taken":0.0},{"damage_healed":0.0,"max_hp_gain":0.0,"max_hp_loss":0.0,"gold_gain":0.0,"event_name":"The Woman in Blue","player_choice":"Bought 0 Potions","floor":47.0,"gold_loss":0.0,"damage_taken":0.0}],"is_beta":false,"boss_relics":[{"not_picked":["Sozu","Runic Pyramid"],"picked":"Busted Crown"},{"not_picked":["Runic Dome","SlaversCollar"],"picked":"REME_ChargedStone"}],"items_purged_floors":[27,36,46],"is_endless":false,"potions_floor_spawned":[3,4,7,16,18,30,35,39,45,48],"ascension_level":11}}