{"host":"ZYF","time":1613197155,"event":{"mods":["BaseMod","GungeonMod","Minty Spire (QoL Compilation)","Reliquary","Replay The Spire","StSLib"],"gold_per_floor":[117,117,117,117,42,59,75,100,100,135,135,135,135,135,155,155,155,155,155],"floor_reached":18,"language":"ZHS","playtime":7389,"items_purged":["DemoMod:Strike_Huntress"],"score":118,"play_id":"b87a6348-8b5d-47c0-8192-984a609b6f00","local_time":"20210213141915","is_ascension_mode":false,"campfire_choices":[{"data":"DemoMod:LifeOrb","floor":9,"key":"SMITH"},{"floor":12,"key":"REST"},{"data":"DemoMod:Elimentaler","floor":14,"key":"SMITH"},{"data":"DemoMod:FastSwitch","floor":17,"key":"SMITH"}],"circlet_count":0,"master_deck":["DemoMod:Defend_Huntress","DemoMod:Defend_Huntress","DemoMod:Defend_Huntress","DemoMod:Defend_Huntress","DemoMod:Roll","DemoMod:ManualReload","DemoMod:CrossBow","DemoMod:SuppressiveFire","DemoMod:FastSwitch+1","DemoMod:AC15","DemoMod:LifeOrb+1","DemoMod:Desperate","DemoMod:Elimentaler+1","Amnesia","DemoMod:ProbeStrike","DemoMod:Purify"],"relics":["DemoMod:Dog","DemoMod:WhiteGuonStone","DemoMod:ResourcefulSack","Bottled Flame"],"acts_visited":["Exordium"],"potions_floor_usage":[10,10,10],"damage_taken":[{"damage":5,"enemies":"Small Slimes","floor":1,"turns":9},{"damage":0,"enemies":"2 Louse","floor":6,"turns":4},{"damage":7,"enemies":"Jaw Worm","floor":7,"turns":7},{"damage":29,"enemies":"Lagavulin","floor":8,"turns":5},{"damage":15,"enemies":"Gremlin Nob","floor":10,"turns":4},{"damage":5,"enemies":"Blue Slaver","floor":15,"turns":4},{"damage":60,"enemies":"Slime Boss","floor":18,"turns":10}],"seed_played":"7200247030282743399","potions_obtained":[{"floor":6,"key":"DuplicationPotion"},{"floor":7,"key":"DuplicationPotion"}],"is_trial":false,"path_per_floor":["M","?","PTL","PTL","$","M","M","E","R","E","T","R","?","R","M","?","R","B"],"character_chosen":"HUNTRESS","items_purchased":[],"campfire_rested":1,"item_purchase_floors":[],"current_hp_per_floor":[65,65,65,65,65,65,58,29,29,14,14,35,70,70,65,58,58,0,0],"gold":155,"neow_bonus":"RANDOM_EVENT","is_daily":false,"chose_seed":false,"campfire_upgraded":3,"win_rate":0.0,"timestamp":1613197155,"path_taken":["M","?","PTL","PTL","$","M","M","E","R","E","T","R","?","R","M","?","R","BOSS"],"items_purchased_type":[],"build_version":"2020-12-18","purchased_purges":1,"victory":false,"max_hp_per_floor":[70,70,70,70,70,70,70,70,70,70,70,70,70,70,70,70,70,70,70],"card_choices":[{"not_picked":["DemoMod:BoxingGlove","DemoMod:DoubleSwitch"],"picked":"DemoMod:FastSwitch","floor":1},{"not_picked":["DemoMod:PotionOfGunFriendShip","DemoMod:JK47"],"picked":"DemoMod:AC15","floor":6},{"not_picked":["DemoMod:EasyReloadBullets","DemoMod:Ejector"],"picked":"DemoMod:LifeOrb","floor":7},{"not_picked":["DemoMod:Ejector","DemoMod:SniperShot"],"picked":"DemoMod:Desperate","floor":8},{"not_picked":["DemoMod:BoxingGlove","DemoMod:GunstockTap"],"picked":"DemoMod:Elimentaler","floor":10},{"not_picked":["DemoMod:GunShield","DemoMod:TeaPot"],"picked":"DemoMod:ProbeStrike","floor":15},{"not_picked":["DemoMod:ConditionalReflex","DemoMod:BattleInHaste"],"picked":"DemoMod:Purify","floor":15}],"player_experience":40550,"relics_obtained":[{"floor":8,"key":"DemoMod:WhiteGuonStone"},{"floor":10,"key":"DemoMod:ResourcefulSack"},{"floor":11,"key":"Bottled Flame"}],"event_choices":[{"damage_healed":0,"gold_gain":0,"cards_transformed":["DemoMod:Strike_Huntress"],"player_choice":"Change","damage_taken":0,"max_hp_gain":0,"max_hp_loss":0,"event_name":"Living Wall","floor":0,"gold_loss":0,"cards_obtained":["DemoMod:SuppressiveFire"]},{"cards_removed":["DemoMod:RustySidearm"],"damage_healed":0,"gold_gain":0,"player_choice":"Card Removal","damage_taken":7,"max_hp_gain":0,"max_hp_loss":0,"event_name":"Golden Wing","floor":16,"gold_loss":0}],"is_beta":true,"boss_relics":[],"items_purged_floors":[5],"is_endless":false,"potions_floor_spawned":[6,7],"killed_by":"Slime Boss","ascension_level":0}}