{"host":"61scwtj8sjvayefi","time":1613187296,"event":{"mods":["2.2 Compatiblity","BaseMod","Downfall","Koishi","Marisa????????","Minty Spire (QoL Compilation)","Remilia??????","StSLib","The Bug Knight","The Senshi","The Servant 0.9.4"],"gold_per_floor":[117,132,132,150,167,196,196,210,210,236,236,262,279,32,32,135,135,153,170,20,40,55,55,55,89,89,107,107,107,137,157,157,157,157],"floor_reached":33,"language":"ENG","playtime":3482,"items_purged":["theSenshi:SailorBlock"],"score":299,"play_id":"cc8aa12d-a942-4ecf-9c03-5919cae5adf4","local_time":"20210212213456","is_ascension_mode":false,"campfire_choices":[{"floor":7,"key":"REST"},{"floor":11,"key":"REST"},{"floor":15,"key":"REST"},{"floor":23,"key":"REST"},{"floor":29,"key":"REST"},{"floor":32,"key":"REST"}],"circlet_count":0,"master_deck":["theSenshi:SailorKick","theSenshi:SailorKick","theSenshi:SailorKick","theSenshi:SailorKick+1","theSenshi:SailorBlock","theSenshi:SailorBlock","theSenshi:SailorBlock","theSenshi:RoseThrow","theSenshi:MoonPrismPowerMakeUp","theSenshi:TuxedoSmokingBomber","theSenshi:SailorPlanetPower+1","theSenshi:SailorV+1","theSenshi:SailorChibiMoonAssists","theSenshi:SailorNeptuneAssists","theSenshi:SchoolBag+1","theSenshi:LunaSensingAllies","theSenshi:MoonPrincessHalation","theSenshi:SailorMercuryAssists","theSenshi:SailorMarsAssists","theSenshi:StudyParty","theSenshi:MoonTwilightFlash","theSenshi:SailorMarsAssists","theSenshi:MoonPunch","theSenshi:MoonSpiralHeartAttack","theSenshi:EncouragingSpeech","theSenshi:MoonsReflection+1","theSenshi:SupersonicWaves+1"],"relics":["theSenshi:TransformationBroochRelic","NeowsBlessing","Kunai","PreservedInsect","Whetstone","Anchor","TheAbacus","Busted Crown","Ornamental Fan","theSenshi:SailorFukuRelic","theSenshi:CrescentMoonWandRelic","War Paint"],"acts_visited":["Exordium","TheCity"],"potions_floor_usage":[5,16,18,22,30,31,31],"damage_taken":[{"damage":0,"enemies":"2 Louse","floor":1,"turns":2},{"damage":0,"enemies":"Jaw Worm","floor":2,"turns":1},{"damage":0,"enemies":"Cultist","floor":4,"turns":1},{"damage":7,"enemies":"Large Slime","floor":5,"turns":6},{"damage":29,"enemies":"Lagavulin","floor":6,"turns":8},{"damage":17,"enemies":"Exordium Wildlife","floor":8,"turns":5},{"damage":10,"enemies":"HollowMod:MossKnight","floor":12,"turns":8},{"damage":9,"enemies":"3 Louse","floor":13,"turns":4},{"damage":10,"enemies":"Hexaghost","floor":16,"turns":8},{"damage":7,"enemies":"3 Byrds","floor":18,"turns":5},{"damage":7,"enemies":"Shell Parasite","floor":19,"turns":5},{"damage":0,"enemies":"Chosen and Byrds","floor":21,"turns":5},{"damage":25,"enemies":"Snecko","floor":22,"turns":6},{"damage":29,"enemies":"Slavers","floor":25,"turns":4},{"damage":17,"enemies":"Centurion and Healer","floor":27,"turns":8},{"damage":15,"enemies":"HollowMod:Nosk","floor":30,"turns":7},{"damage":10,"enemies":"Snake Plant","floor":31,"turns":4},{"damage":29,"enemies":"Champ","floor":33,"turns":10}],"seed_played":"-2817412936780073020","potions_obtained":[{"floor":1,"key":"Fire Potion"},{"floor":5,"key":"DuplicationPotion"},{"floor":6,"key":"SmokeBomb"},{"floor":13,"key":"CultistPotion"},{"floor":21,"key":"Fruit Juice"},{"floor":25,"key":"champ:CounterPotion"},{"floor":27,"key":"Strength Potion"},{"floor":30,"key":"ColorlessPotion"}],"is_trial":false,"path_per_floor":["M","M","?","M","M","E","R","M","T","T","R","E","M","$","R","B",null,"M","M","$","M","M","R","?","E","T","M","T","R","E","M","R","B"],"character_chosen":"THE_SENSHI","items_purchased":["theSenshi:SailorMercuryAssists","theSenshi:SailorMarsAssists","TheAbacus","theSenshi:SailorMarsAssists","theSenshi:MoonPunch"],"campfire_rested":6,"item_purchase_floors":[14,14,14,20,20],"current_hp_per_floor":[75,75,75,75,68,39,61,44,44,44,66,56,47,47,69,59,75,68,61,61,61,41,65,50,21,21,4,4,29,14,4,29,0,0],"gold":157,"neow_bonus":"THREE_ENEMY_KILL","is_daily":false,"chose_seed":false,"campfire_upgraded":0,"win_rate":0.0,"timestamp":1613187296,"path_taken":["M","M","?","M","M","E","R","M","T","?","R","E","M","$","R","BOSS","M","M","$","M","?","R","?","E","T","M","?","R","E","M","R","BOSS"],"items_purchased_type":["Card","Card","Relic","Card","Card"],"build_version":"2020-12-22","purchased_purges":1,"victory":false,"max_hp_per_floor":[75,75,75,75,75,75,75,75,75,75,75,75,75,75,75,75,75,75,75,75,75,80,80,85,85,85,85,85,85,85,85,85,85,85],"card_choices":[{"not_picked":["theSenshi:RainbowMoonHeartAche","theSenshi:MoonlightKnight"],"picked":"theSenshi:TuxedoSmokingBomber","floor":1},{"not_picked":["theSenshi:SailorStarMakerAssists","theSenshi:LunasBite"],"picked":"theSenshi:SailorPlanetPower","floor":2},{"not_picked":["theSenshi:GatheringStrength","theSenshi:TuxedoSmokingBomber"],"picked":"theSenshi:SailorV","floor":4},{"not_picked":["theSenshi:NeptunesGrace","theSenshi:LateForSchool"],"picked":"theSenshi:SailorChibiMoonAssists","floor":5},{"not_picked":["theSenshi:SchoolBag","theSenshi:SailorStarFighterAssists"],"picked":"theSenshi:SailorNeptuneAssists","floor":6},{"not_picked":["theSenshi:EncouragingSpeech","theSenshi:SupersonicWaves"],"picked":"theSenshi:SchoolBag","floor":8},{"not_picked":["theSenshi:LunaWiseMentor","theSenshi:SailorPlanetAttack"],"picked":"theSenshi:LunaSensingAllies","floor":12},{"not_picked":["theSenshi:LunasBite","theSenshi:SailorPlanetAttack"],"picked":"theSenshi:MoonPrincessHalation","floor":13},{"not_picked":["theSenshi:SailorCosmosAssists","theSenshi:GlimpseOfThePast"],"picked":"theSenshi:StudyParty","floor":16},{"not_picked":[],"picked":"theSenshi:MoonTwilightFlash","floor":18},{"not_picked":["theSenshi:HesSoDreamy"],"picked":"SKIP","floor":19},{"not_picked":[],"picked":"theSenshi:MoonSpiralHeartAttack","floor":21},{"not_picked":["theSenshi:TuxedoSmokingBomber"],"picked":"SKIP","floor":22},{"not_picked":["theSenshi:DramaticEntrance"],"picked":"SKIP","floor":25},{"not_picked":[],"picked":"theSenshi:EncouragingSpeech","floor":27},{"not_picked":[],"picked":"theSenshi:MoonsReflection+1","floor":30},{"not_picked":[],"picked":"theSenshi:SupersonicWaves+1","floor":31}],"player_experience":54071,"relics_obtained":[{"floor":6,"key":"Kunai"},{"floor":9,"key":"PreservedInsect"},{"floor":10,"key":"Whetstone"},{"floor":12,"key":"Anchor"},{"floor":25,"key":"Ornamental Fan"},{"floor":26,"key":"theSenshi:SailorFukuRelic"},{"floor":28,"key":"theSenshi:CrescentMoonWandRelic"},{"floor":30,"key":"War Paint"}],"event_choices":[{"damage_healed":0,"gold_gain":0,"player_choice":"Ignored","damage_taken":0,"max_hp_gain":0,"max_hp_loss":0,"event_name":"Liars Game","floor":3,"gold_loss":0},{"damage_healed":0,"gold_gain":0,"player_choice":"Shed Blood","damage_taken":20,"max_hp_gain":5,"max_hp_loss":0,"event_name":"Forgotten Altar","floor":24,"gold_loss":0}],"is_beta":false,"boss_relics":[{"not_picked":["Astrolabe","Ectoplasm"],"picked":"Busted Crown"}],"items_purged_floors":[20],"is_endless":false,"potions_floor_spawned":[1,5,6,13,21,25,27,30],"killed_by":"Champ","ascension_level":0}}