{"host":"xb2tau8pgi8aflss","time":1613216751,"event":{"mods":["AchievementEnabler","BaseMod","Hermit","Minty Spire (QoL Compilation)","StSLib","SuperFastMode"],"gold_per_floor":[115,169,10,10,33,77,77,113,113,113,154,154,60,74,74,194,194,215,140,153,153,153,153,171,202,202,202,222,23,23,44,44,173,173,191,191,191],"floor_reached":36,"language":"KOR","playtime":1586,"items_purged":[],"score":557,"play_id":"788b1905-526d-4877-af68-cf1b4d972ea8","local_time":"20210213204551","is_ascension_mode":true,"campfire_choices":[{"floor":7.0,"key":"REST"},{"floor":10.0,"key":"REST"},{"data":"Survivor","floor":15.0,"key":"SMITH"},{"data":"Setup","floor":23.0,"key":"SMITH"},{"data":"Eviscerate","floor":27.0,"key":"SMITH"},{"data":"Burst","floor":30.0,"key":"SMITH"},{"data":"Calculated Gamble","floor":32.0,"key":"SMITH"}],"circlet_count":0,"master_deck":["Survivor+1","Neutralize","Acrobatics","Dagger Spray","Escape Plan","PiercingWail","Predator","Reflex","Underhanded Strike","Underhanded Strike","Calculated Gamble+1","Glass Knife+1","Sucker Punch","Setup+1","Blade Dance","Eviscerate+1","Night Terror","Quick Slash","Leg Sweep","Backflip","Reflex","Blur","Burst+1","Caltrops","Unload"],"relics":["Ring of the Snake","Bag of Preparation","Golden Idol","StoneCalendar","Regal Pillow","Blood Vial","Akabeko","Eternal Feather","Pandora\u0027s Box","Enchiridion","Ginger","Matryoshka","SlaversCollar"],"acts_visited":["Exordium","TheCity","TheBeyond"],"potions_floor_usage":[],"damage_taken":[{"damage":0.0,"enemies":"Cultist","floor":1.0,"turns":4.0},{"damage":1.0,"enemies":"Jaw Worm","floor":5.0,"turns":4.0},{"damage":26.0,"enemies":"3 Sentries","floor":6.0,"turns":7.0},{"damage":32.0,"enemies":"Lagavulin","floor":8.0,"turns":7.0},{"damage":23.0,"enemies":"Gremlin Nob","floor":11.0,"turns":5.0},{"damage":0.0,"enemies":"Small Slimes","floor":14.0,"turns":3.0},{"damage":17.0,"enemies":"Hexaghost","floor":16.0,"turns":12.0},{"damage":6.0,"enemies":"Shell Parasite","floor":18.0,"turns":3.0},{"damage":3.0,"enemies":"3 Byrds","floor":20.0,"turns":4.0},{"damage":3.0,"enemies":"Snecko","floor":24.0,"turns":3.0},{"damage":12.0,"enemies":"Gremlin Leader","floor":25.0,"turns":7.0},{"damage":26.0,"enemies":"Snake Plant","floor":28.0,"turns":2.0},{"damage":1.0,"enemies":"Cultist and Chosen","floor":31.0,"turns":6.0},{"damage":36.0,"enemies":"Champ","floor":33.0,"turns":10.0},{"damage":11.0,"enemies":"3 Shapes","floor":35.0,"turns":7.0},{"damage":48,"enemies":"3 Darklings","floor":36,"turns":5}],"seed_played":"5821997674468498229","potions_obtained":[{"floor":6.0,"key":"Poison Potion"},{"floor":14.0,"key":"LiquidMemories"},{"floor":16.0,"key":"AttackPotion"},{"floor":18.0,"key":"AttackPotion"},{"floor":20.0,"key":"SneckoOil"},{"floor":35.0,"key":"DuplicationPotion"}],"is_trial":false,"path_per_floor":["M","T","$","?","M","E","R","E","T","R","E","?","?","M","R","B",null,"M","?","M","?","?","R","M","E","T","R","M","$","R","M","R","B",null,"M","M"],"character_chosen":"THE_SILENT","items_purchased":["Dagger Spray","Escape Plan","PiercingWail","Burst","Caltrops"],"campfire_rested":2,"item_purchase_floors":[3,3,3,29,29],"current_hp_per_floor":[63,63,63,48,47,21,39,7,7,40,19,19,19,21,30,15,51,47,47,46,30,30,42,41,31,31,43,19,19,31,32,44,10,50,41,0,0],"gold":191,"neow_bonus":"REMOVE_TWO","is_daily":false,"chose_seed":false,"campfire_upgraded":5,"win_rate":0.0,"timestamp":1613216751,"path_taken":["M","?","$","?","M","E","R","E","T","R","E","?","?","M","R","BOSS","M","?","M","?","?","R","M","E","T","R","?","?","R","M","R","BOSS","M","M"],"items_purchased_type":["Card","Card","Card","Card","Card"],"build_version":"2020-12-22","purchased_purges":0,"victory":false,"max_hp_per_floor":[63,63,63,63,63,63,63,63,63,63,63,63,63,63,63,63,63,63,63,63,63,63,63,63,63,63,63,63,63,63,63,63,63,63,63,63,63],"card_choices":[{"not_picked":["Quick Slash","Flechettes"],"picked":"Acrobatics","floor":1.0},{"not_picked":["Distraction","Heel Hook"],"picked":"Predator","floor":5.0},{"not_picked":["Bane","Backstab"],"picked":"Reflex","floor":6.0},{"not_picked":["Blade Dance","Noxious Fumes"],"picked":"Underhanded Strike","floor":8.0},{"not_picked":["PiercingWail","Blade Dance"],"picked":"Underhanded Strike","floor":11.0},{"not_picked":["Leg Sweep","Finisher"],"picked":"Calculated Gamble","floor":14.0},{"not_picked":["Malaise","Doppelganger"],"picked":"Glass Knife","floor":16.0},{"not_picked":["Skewer","Blade Dance"],"picked":"Backflip","floor":18.0},{"not_picked":["Terror","All Out Attack"],"picked":"Reflex","floor":20.0},{"not_picked":["Bane","Cloak And Dagger","Quick Slash"],"picked":"SKIP","floor":24.0},{"not_picked":["Bane","Skewer"],"picked":"Blur","floor":25.0},{"not_picked":["Setup","Catalyst","Expertise"],"picked":"SKIP","floor":28.0},{"not_picked":["Outmaneuver","Noxious Fumes","Blade Dance"],"picked":"SKIP","floor":31.0},{"not_picked":["Die Die Die","Grand Finale"],"picked":"Unload","floor":33.0},{"not_picked":["Outmaneuver","Dodge and Roll","Quick Slash"],"picked":"SKIP","floor":35.0},{"not_picked":["Outmaneuver","Dodge and Roll","Quick Slash"],"picked":"SKIP","floor":35.0}],"player_experience":831341,"relics_obtained":[{"floor":2.0,"key":"Bag of Preparation"},{"floor":6.0,"key":"StoneCalendar"},{"floor":8.0,"key":"Regal Pillow"},{"floor":9.0,"key":"Blood Vial"},{"floor":11.0,"key":"Akabeko"},{"floor":21.0,"key":"Enchiridion"},{"floor":25.0,"key":"Ginger"},{"floor":26.0,"key":"Matryoshka"}],"event_choices":[{"damage_healed":0.0,"max_hp_gain":0.0,"max_hp_loss":0.0,"gold_gain":0.0,"event_name":"Golden Idol","player_choice":"Take Damage","floor":4.0,"gold_loss":0.0,"damage_taken":15.0,"relics_obtained":["Golden Idol"]},{"damage_healed":0.0,"max_hp_gain":0.0,"max_hp_loss":0.0,"gold_gain":0.0,"event_name":"Shining Light","player_choice":"Ignored","floor":12.0,"gold_loss":0.0,"damage_taken":0.0},{"damage_healed":0.0,"max_hp_gain":0.0,"max_hp_loss":0.0,"gold_gain":0.0,"event_name":"WeMeetAgain","player_choice":"Paid Gold","floor":13.0,"gold_loss":94.0,"damage_taken":0.0,"relics_obtained":["Eternal Feather"]},{"cards_removed":["Riddle With Holes"],"damage_healed":0.0,"max_hp_gain":0.0,"max_hp_loss":0.0,"gold_gain":0.0,"event_name":"Beggar","player_choice":"Gave Gold","floor":19.0,"gold_loss":75.0,"damage_taken":0.0},{"damage_healed":0.0,"max_hp_gain":0.0,"max_hp_loss":0.0,"gold_gain":0.0,"event_name":"Cursed Tome","player_choice":"Obtained Book","floor":21.0,"gold_loss":0.0,"damage_taken":16.0},{"damage_healed":0.0,"max_hp_gain":0.0,"max_hp_loss":0.0,"gold_gain":0.0,"event_name":"Upgrade Shrine","player_choice":"Upgraded","floor":22.0,"gold_loss":0.0,"damage_taken":0.0,"cards_upgraded":["Glass Knife"]}],"is_beta":false,"boss_relics":[{"not_picked":["WristBlade","Fusion Hammer"],"picked":"Pandora\u0027s Box"},{"not_picked":["Snecko Eye","Black Star"],"picked":"SlaversCollar"}],"items_purged_floors":[],"is_endless":false,"potions_floor_spawned":[6,14,16,18,20,35],"killed_by":"3 Darklings","ascension_level":8}}