{"host":"ga4s3hj9m6nkn6gp","time":1613211537,"event":{"mods":["AchievementEnabler","BaseMod","Bestiary","Colored Powertips","Highlight Path","Minty Spire (QoL Compilation)","Relic Stats","everything is the same but u backflip on backflip"],"gold_per_floor":[99,99,99,99,71,71,71,71,71,71,71,71,56,56,56,56,56],"floor_reached":16,"language":"ENG","playtime":468,"items_purged":[],"score":241,"play_id":"3c8386d7-fae6-4266-8c63-280aeb45fc96","local_time":"20210213111857","is_ascension_mode":true,"campfire_choices":[{"data":"Conclude","floor":7.0,"key":"SMITH"},{"data":"CrushJoints","floor":11.0,"key":"SMITH"},{"data":"SpiritShield","floor":15,"key":"SMITH"}],"circlet_count":0,"master_deck":["Strike_P","Strike_P","Strike_P","Strike_P","Defend_P","Defend_P","Defend_P","Eruption+1","Vigilance","FlurryOfBlows+1","Conclude+1","CrushJoints+1","Consecrate","FlurryOfBlows","DeusExMachina","Tantrum","SpiritShield+1","CutThroughFate"],"relics":["Ectoplasm","Whetstone","Matryoshka","Mango","Omamori"],"acts_visited":["Exordium"],"potions_floor_usage":[16],"damage_taken":[{"damage":2.0,"enemies":"Jaw Worm","floor":1.0,"turns":4.0},{"damage":0.0,"enemies":"Small Slimes","floor":2.0,"turns":3.0},{"damage":0.0,"enemies":"Cultist","floor":3.0,"turns":2.0},{"damage":0.0,"enemies":"3 Louse","floor":4.0,"turns":2.0},{"damage":20.0,"enemies":"3 Sentries","floor":6.0,"turns":5.0},{"damage":0.0,"enemies":"Gremlin Nob","floor":10.0,"turns":2.0},{"damage":0.0,"enemies":"Lagavulin","floor":12.0,"turns":2.0},{"damage":6,"enemies":"Looter","floor":13,"turns":2},{"damage":0,"enemies":"Large Slime","floor":14,"turns":3},{"damage":54,"enemies":"The Guardian","floor":16,"turns":4}],"seed_played":"7539229074948122302","potions_obtained":[{"floor":4.0,"key":"FearPotion"},{"floor":10.0,"key":"DistilledChaos"},{"floor":13,"key":"PowerPotion"}],"is_trial":false,"path_per_floor":["M","M","M","M","?","E","R","?","T","E","R","E","M","M","R","B"],"character_chosen":"WATCHER","items_purchased":[],"campfire_rested":0,"item_purchase_floors":[],"current_hp_per_floor":[63,63,63,63,63,43,43,36,36,50,50,50,44,44,44,0,0],"gold":56,"neow_bonus":"BOSS_RELIC","is_daily":false,"chose_seed":false,"campfire_upgraded":3,"win_rate":0.0,"timestamp":1613211537,"path_taken":["M","M","M","M","?","E","R","?","T","E","R","E","?","M","R","BOSS"],"items_purchased_type":[],"build_version":"2020-12-22","purchased_purges":0,"victory":false,"max_hp_per_floor":[72,72,72,72,72,72,72,72,72,86,86,86,86,86,86,86,86],"relic_stats":{"counters":[10,29],"Ectoplasm":185,"Whetstone":["FlurryOfBlows","Eruption"],"obtain_stats":[{"Matryoshka":9,"Mango":10,"Ectoplasm":0,"Omamori":12,"Whetstone":6,"PureWater":0},{"Matryoshka":5,"Mango":6,"Ectoplasm":0,"Omamori":7,"Whetstone":5,"PureWater":0},{"Matryoshka":16,"Mango":18,"Ectoplasm":0,"Omamori":20,"Whetstone":16,"PureWater":0}]},"card_choices":[{"not_picked":["ClearTheMind","LikeWater"],"picked":"FlurryOfBlows","floor":1.0},{"not_picked":["Consecrate","Crescendo"],"picked":"Conclude","floor":2.0},{"not_picked":["SashWhip","Weave"],"picked":"CrushJoints","floor":3.0},{"not_picked":["WindmillStrike","Weave"],"picked":"Consecrate","floor":4.0},{"not_picked":["WindmillStrike","ClearTheMind"],"picked":"FlurryOfBlows","floor":6.0},{"not_picked":["EmptyFist","PathToVictory"],"picked":"DeusExMachina","floor":10.0},{"not_picked":["ClearTheMind","SashWhip"],"picked":"Tantrum","floor":12.0},{"not_picked":["EmptyFist","WindmillStrike"],"picked":"SpiritShield","floor":13},{"not_picked":["Study","JustLucky"],"picked":"CutThroughFate","floor":14}],"player_experience":768137,"relics_obtained":[{"floor":6.0,"key":"Whetstone"},{"floor":9.0,"key":"Matryoshka"},{"floor":10.0,"key":"Mango"},{"floor":12.0,"key":"Omamori"}],"event_choices":[{"damage_healed":0.0,"max_hp_gain":0.0,"max_hp_loss":0.0,"gold_gain":0.0,"event_name":"World of Goop","player_choice":"Left Gold","floor":5.0,"gold_loss":28.0,"damage_taken":0.0},{"cards_removed":["Defend_P"],"damage_healed":0.0,"max_hp_gain":0.0,"max_hp_loss":0.0,"gold_gain":0.0,"event_name":"Golden Wing","player_choice":"Card Removal","floor":8.0,"gold_loss":0.0,"damage_taken":7.0}],"is_beta":false,"boss_relics":[],"items_purged_floors":[],"is_endless":false,"potions_floor_spawned":[4,10,13],"killed_by":"The Guardian","ascension_level":8}}