{"host":"2hea6pl5vmah38iy","time":1613223664,"event":{"mods":["AchievementEnabler","BaseMod","Colored Map","DeckTracker","Keyboard Shortcuts","Minty Spire (QoL Compilation)","Rare Cards Sparkle","StSLib","SuperFastMode","everything is the same but u backflip on backflip"],"gold_per_floor":[114,125,125,125,10,36,36,48,48,60,60,79,79,95,95,166,166,185,105,121,56,76,76,92,110,110,35,35,0,0,0,0],"floor_reached":31,"language":"KOR","playtime":968,"items_purged":["Strike_R","Strike_R"],"score":511,"play_id":"b430c88f-a3d1-41ee-8a3c-c43624fa4529","local_time":"20210213224104","is_ascension_mode":true,"campfire_choices":[{"data":"Searing Blow","floor":7.0,"key":"SMITH"},{"data":"Searing Blow+1","floor":11.0,"key":"SMITH"},{"data":"Searing Blow+2","floor":13.0,"key":"SMITH"},{"data":"Searing Blow+3","floor":15.0,"key":"SMITH"},{"data":"Searing Blow+4","floor":23.0,"key":"SMITH"},{"data":"Searing Blow+5","floor":28,"key":"SMITH"},{"data":"Searing Blow+6","floor":30,"key":"SMITH"}],"circlet_count":0,"master_deck":["AscendersBane","Strike_R+1","Strike_R","Defend_R","Defend_R+1","Defend_R","Defend_R","Bash","Twin Strike","Searing Blow+7","Ghostly Armor","True Grit","Feed","Shrug It Off","Second Wind","Armaments","Battle Trance"],"relics":["Burning Blood","NeowsBlessing","Incense Burner","The Courier","Coffee Dripper"],"acts_visited":["Exordium","TheCity"],"potions_floor_usage":[31],"damage_taken":[{"damage":0.0,"enemies":"Small Slimes","floor":1.0,"turns":1.0},{"damage":0.0,"enemies":"Jaw Worm","floor":2.0,"turns":1.0},{"damage":0.0,"enemies":"3 Sentries","floor":6.0,"turns":2.0},{"damage":0.0,"enemies":"2 Louse","floor":8.0,"turns":3.0},{"damage":12.0,"enemies":"Blue Slaver","floor":10.0,"turns":5.0},{"damage":6.0,"enemies":"Red Slaver","floor":12.0,"turns":3.0},{"damage":1.0,"enemies":"2 Fungi Beasts","floor":14.0,"turns":3.0},{"damage":39.0,"enemies":"Slime Boss","floor":16.0,"turns":7.0},{"damage":2.0,"enemies":"Chosen","floor":18.0,"turns":4.0},{"damage":29.0,"enemies":"Shell Parasite","floor":20.0,"turns":6.0},{"damage":18.0,"enemies":"3 Cultists","floor":22.0,"turns":6.0},{"damage":36.0,"enemies":"Sentry and Sphere","floor":24.0,"turns":10.0},{"damage":11.0,"enemies":"Snecko","floor":25.0,"turns":5.0},{"damage":4,"enemies":"Gremlin Leader","floor":31,"turns":3}],"seed_played":"5459293918985153731","potions_obtained":[{"floor":6.0,"key":"SpeedPotion"},{"floor":8.0,"key":"PowerPotion"},{"floor":10.0,"key":"Swift Potion"},{"floor":24.0,"key":"GamblersBrew"},{"floor":25,"key":"BlessingOfTheForge"}],"is_trial":false,"path_per_floor":["M","M","?","?","$","E","R","M","T","M","R","M","R","M","R","B",null,"M","$","M","$","M","R","M","M","T","?","R","?","R","E"],"character_chosen":"IRONCLAD","items_purchased":["Ghostly Armor","Second Wind"],"campfire_rested":0,"item_purchase_floors":[5,21],"current_hp_per_floor":[74,75,75,52,52,58,58,64,64,58,58,58,58,63,63,33,67,74,74,54,54,42,42,12,10,10,10,10,10,10,6,6],"gold":0,"neow_bonus":"THREE_ENEMY_KILL","is_daily":false,"chose_seed":false,"campfire_upgraded":7,"win_rate":0.0,"timestamp":1613223664,"path_taken":["M","M","?","?","?","E","R","M","T","M","R","M","R","M","R","BOSS","M","$","M","$","M","R","M","M","T","?","R","?","R","E"],"items_purchased_type":["Card","Card"],"build_version":"2020-12-22","purchased_purges":2,"victory":false,"max_hp_per_floor":[75,75,75,75,75,75,75,75,75,75,75,75,75,75,75,78,78,81,81,84,84,84,84,84,87,87,87,87,87,87,87,87],"card_choices":[{"not_picked":["Thunderclap","Entrench"],"picked":"Twin Strike","floor":1.0},{"not_picked":["Wild Strike","Armaments"],"picked":"Searing Blow","floor":2.0},{"not_picked":["Inflame","Anger","Twin Strike"],"picked":"SKIP","floor":6.0},{"not_picked":["Rupture","Havoc","Hemokinesis"],"picked":"SKIP","floor":8.0},{"not_picked":["Clothesline","Wild Strike","Cleave"],"picked":"SKIP","floor":10.0},{"not_picked":["Heavy Blade","Metallicize"],"picked":"True Grit","floor":12.0},{"not_picked":["Havoc","Headbutt"],"picked":"Feed","floor":14.0},{"not_picked":["Flex+1","Pommel Strike","Havoc"],"picked":"SKIP","floor":18.0},{"not_picked":["Sever Soul","Clash"],"picked":"Shrug It Off","floor":20.0},{"not_picked":["Twin Strike","Infernal Blade"],"picked":"Armaments","floor":22.0},{"not_picked":["Seeing Red","Twin Strike+1"],"picked":"Battle Trance","floor":24.0},{"not_picked":["Headbutt","Thunderclap","Perfected Strike"],"picked":"SKIP","floor":25}],"player_experience":574270,"relics_obtained":[{"floor":6.0,"key":"Incense Burner"},{"floor":9.0,"key":"The Courier"}],"event_choices":[{"damage_healed":0.0,"max_hp_gain":0.0,"max_hp_loss":0.0,"gold_gain":0.0,"event_name":"Liars Game","player_choice":"Ignored","floor":3.0,"gold_loss":0.0,"damage_taken":0.0},{"damage_healed":0.0,"max_hp_gain":0.0,"max_hp_loss":0.0,"gold_gain":0.0,"event_name":"Shining Light","player_choice":"Entered Light","floor":4.0,"gold_loss":0.0,"damage_taken":23.0,"cards_upgraded":["Defend_R","Strike_R"]},{"cards_removed":["Strike_R"],"damage_healed":0,"gold_gain":0,"player_choice":"Gave Gold","damage_taken":0,"max_hp_gain":0,"max_hp_loss":0,"event_name":"Beggar","floor":27,"gold_loss":75},{"damage_healed":0,"gold_gain":0,"player_choice":"Paid Fearfully","damage_taken":0,"max_hp_gain":0,"max_hp_loss":0,"event_name":"Masked Bandits","floor":29,"gold_loss":35}],"is_beta":false,"boss_relics":[{"not_picked":["Astrolabe","Fusion Hammer"],"picked":"Coffee Dripper"}],"items_purged_floors":[5,19],"is_endless":false,"potions_floor_spawned":[6,8,10,24,25],"killed_by":"Gremlin Leader","ascension_level":19}}