{"host":"a6pjfiz7lhls3cu7","time":1613203500,"event":{"mods":["AchievementEnabler","BaseMod","Colored Map","Colored Powertips","Highlight Path","Minty Spire (QoL Compilation)","Random Character Button","Relic Stats"],"gold_per_floor":[112,212,225,245,245,277,291,316,394,394,409,409,422,436,436,537,537,549,549,259,273,273,273,305,305,305,305,305,318,318,329,329,432,432,450,450,450,450,464,464,464],"floor_reached":40,"language":"ENG","playtime":2522,"items_purged":[],"score":549,"play_id":"d85f47da-9995-4773-a39c-4491aac72b04","local_time":"20210213010500","is_ascension_mode":true,"campfire_choices":[{"floor":10,"key":"REST"},{"floor":15,"key":"RECALL"},{"floor":23,"key":"REST"},{"floor":25,"key":"REST"},{"floor":32,"key":"REST"}],"circlet_count":0,"master_deck":["Strike_R+1","Strike_R+1","Strike_R+1","Strike_R+1","Strike_R+1","Defend_R+1","Defend_R+1","Defend_R+1","Defend_R+1","Bash","Clash","Heavy Blade","Metallicize","Perfected Strike","Carnage","Heavy Blade+1","Anger","Rampage+1","Flex+1","Cleave+1","Twin Strike+1","Flex+1","Enlightenment","Dramatic Entrance","Whirlwind"],"relics":["Burning Blood","Kunai","TungstenRod","Paper Frog","Fusion Hammer","Incense Burner","Blood Vial","SacredBark"],"acts_visited":["Exordium","TheCity","TheBeyond"],"potions_floor_usage":[6,8,24,24,33,40],"damage_taken":[{"damage":18,"enemies":"Jaw Worm","floor":1,"turns":4},{"damage":1,"enemies":"Cultist","floor":3,"turns":3},{"damage":17,"enemies":"Small Slimes","floor":4,"turns":4},{"damage":37,"enemies":"Lagavulin","floor":6,"turns":7},{"damage":5,"enemies":"3 Louse","floor":7,"turns":3},{"damage":5,"enemies":"Gremlin Nob","floor":8,"turns":3},{"damage":27,"enemies":"Gremlin Gang","floor":11,"turns":5},{"damage":10,"enemies":"Red Slaver","floor":13,"turns":4},{"damage":7,"enemies":"Blue Slaver","floor":14,"turns":4},{"damage":10,"enemies":"Slime Boss","floor":16,"turns":10},{"damage":23,"enemies":"2 Thieves","floor":18,"turns":4},{"damage":5,"enemies":"Spheric Guardian","floor":21,"turns":3},{"damage":19,"enemies":"Slavers","floor":24,"turns":6},{"damage":0,"enemies":"Cultist and Chosen","floor":29,"turns":4},{"damage":23,"enemies":"Centurion and Healer","floor":31,"turns":4},{"damage":106,"enemies":"Automaton","floor":33,"turns":11},{"damage":4,"enemies":"Orb Walker","floor":35,"turns":2},{"damage":42,"enemies":"3 Darklings","floor":39,"turns":7},{"damage":64,"enemies":"Nemesis","floor":40,"turns":4}],"seed_played":"7797343802066950353","potions_obtained":[{"floor":4,"key":"DistilledChaos"},{"floor":6,"key":"SteroidPotion"},{"floor":11,"key":"BlessingOfTheForge"},{"floor":13,"key":"FairyPotion"},{"floor":14,"key":"SneckoOil"},{"floor":21,"key":"LiquidBronze"},{"floor":24,"key":"Swift Potion"},{"floor":39,"key":"SteroidPotion"}],"is_trial":false,"path_per_floor":["M","?","M","M","?","E","M","E","T","R","M","?","M","M","R","B",null,"M","?","$","M","?","R","E","R","T","?","?","M","?","M","R","B",null,"M","?","?","?","M","E"],"character_chosen":"IRONCLAD","items_purchased":["Incense Burner"],"campfire_rested":4,"item_purchase_floors":[20],"current_hp_per_floor":[84,84,89,78,78,47,48,49,49,77,56,56,52,51,51,47,96,79,79,79,80,80,96,83,96,96,78,78,86,86,71,101,36,101,101,97,97,96,60,0,0],"gold":464,"neow_bonus":"TWENTY_PERCENT_HP_BONUS","is_daily":false,"chose_seed":false,"campfire_upgraded":0,"win_rate":0.0,"timestamp":1613203500,"path_taken":["M","?","M","?","?","E","M","E","T","R","M","?","?","M","R","BOSS","M","?","$","M","?","R","E","R","T","?","?","?","?","?","R","BOSS","M","?","?","?","M","E"],"items_purchased_type":["Relic"],"build_version":"2020-12-22","purchased_purges":0,"victory":false,"max_hp_per_floor":[96,96,96,96,96,96,96,96,96,96,96,96,96,96,96,96,96,96,96,96,96,96,96,96,96,96,101,101,101,101,101,101,101,101,101,101,101,96,96,96,96],"relic_stats":{"Blood Vial":6,"counters":[19,92],"Kunai":[27],"obtain_stats":[{"Blood Vial":24,"SacredBark":34,"Fusion Hammer":17,"Incense Burner":20,"Kunai":6,"Burning Blood":0,"TungstenRod":8,"Paper Frog":9},{"Blood Vial":13,"SacredBark":16,"Fusion Hammer":10,"Incense Burner":11,"Kunai":4,"Burning Blood":0,"TungstenRod":6,"Paper Frog":6},{"Blood Vial":60,"SacredBark":79,"Fusion Hammer":47,"Incense Burner":51,"Kunai":18,"Burning Blood":0,"TungstenRod":24,"Paper Frog":24}],"Burning Blood":106,"TungstenRod":40},"card_choices":[{"not_picked":["Warcry","Sword Boomerang"],"picked":"Clash","floor":1},{"not_picked":["Exhume","Armaments"],"picked":"Heavy Blade","floor":3},{"not_picked":["Power Through","Armaments"],"picked":"Metallicize","floor":4},{"not_picked":["Sentinel","Hemokinesis"],"picked":"Perfected Strike","floor":6},{"not_picked":["Shrug It Off","Second Wind"],"picked":"Carnage","floor":7},{"not_picked":["Sword Boomerang","Second Wind"],"picked":"Heavy Blade","floor":8},{"not_picked":["Burning Pact","Cleave"],"picked":"Anger","floor":11},{"not_picked":["Heavy Blade","Havoc"],"picked":"Rampage","floor":13},{"not_picked":["Rupture","Warcry","Havoc"],"picked":"SKIP","floor":14},{"not_picked":["Warcry","Ghostly Armor"],"picked":"Flex+1","floor":18},{"not_picked":["Pommel Strike","Sword Boomerang"],"picked":"Cleave+1","floor":21},{"not_picked":["Fire Breathing","Uppercut+1"],"picked":"Twin Strike+1","floor":24},{"not_picked":["Dark Embrace","Clothesline","Evolve+1"],"picked":"SKIP","floor":29},{"not_picked":["Havoc+1","Headbutt","Spot Weakness+1"],"picked":"SKIP","floor":31},{"not_picked":["Second Wind","Whirlwind+1"],"picked":"Flex+1","floor":35},{"not_picked":["Trip","Panacea"],"picked":"Enlightenment","floor":36},{"not_picked":["Panacea","Discovery"],"picked":"Dramatic Entrance","floor":36},{"not_picked":["True Grit+1","Heavy Blade+1"],"picked":"Whirlwind","floor":39}],"player_experience":298351,"relics_obtained":[{"floor":6,"key":"Kunai"},{"floor":8,"key":"TungstenRod"},{"floor":9,"key":"Paper Frog"},{"floor":24,"key":"Blood Vial"}],"event_choices":[{"damage_healed":0,"gold_gain":100,"player_choice":"Pray","damage_taken":0,"max_hp_gain":0,"max_hp_loss":0,"event_name":"Golden Shrine","floor":2,"gold_loss":0},{"cards_removed":["Writhe"],"damage_healed":0,"gold_gain":0,"player_choice":"Forget","damage_taken":0,"max_hp_gain":0,"max_hp_loss":0,"event_name":"Living Wall","floor":5,"gold_loss":0},{"damage_healed":0,"gold_gain":0,"player_choice":"0 cards matched","damage_taken":0,"max_hp_gain":0,"max_hp_loss":0,"event_name":"Match and Keep!","floor":12,"gold_loss":0,"cards_obtained":[]},{"damage_healed":0,"gold_gain":0,"player_choice":"Ignored","damage_taken":0,"max_hp_gain":0,"max_hp_loss":0,"event_name":"Vampires","floor":19,"gold_loss":0},{"damage_healed":0,"gold_gain":0,"player_choice":"Simplicity","damage_taken":0,"max_hp_gain":0,"max_hp_loss":0,"event_name":"Back to Basics","floor":22,"gold_loss":0,"cards_upgraded":["Strike_R","Strike_R","Strike_R","Strike_R","Strike_R","Defend_R","Defend_R","Defend_R","Defend_R"]},{"damage_healed":0,"gold_gain":0,"player_choice":"Shed Blood","damage_taken":24,"max_hp_gain":5,"max_hp_loss":0,"event_name":"Forgotten Altar","floor":27,"gold_loss":0},{"damage_healed":0,"gold_gain":0,"player_choice":"Forge","damage_taken":0,"max_hp_gain":0,"max_hp_loss":0,"event_name":"Accursed Blacksmith","floor":28,"gold_loss":0,"cards_upgraded":["Heavy Blade"]},{"damage_healed":0,"gold_gain":0,"player_choice":"Upgraded","damage_taken":0,"max_hp_gain":0,"max_hp_loss":0,"event_name":"Upgrade Shrine","floor":30,"gold_loss":0,"cards_upgraded":["Rampage"]},{"damage_healed":0,"gold_gain":0,"player_choice":"Memory 2","damage_taken":5,"max_hp_gain":0,"max_hp_loss":0,"event_name":"SensoryStone","floor":36,"gold_loss":0},{"damage_healed":0,"gold_gain":0,"player_choice":"Ignored","damage_taken":0,"max_hp_gain":0,"max_hp_loss":0,"event_name":"Tomb of Lord Red Mask","floor":37,"gold_loss":0},{"damage_healed":0,"gold_gain":0,"player_choice":"Max HP","damage_taken":0,"max_hp_gain":0,"max_hp_loss":5,"event_name":"Winding Halls","floor":38,"gold_loss":0}],"is_beta":false,"boss_relics":[{"not_picked":["Pandora\u0027s Box","Astrolabe"],"picked":"Fusion Hammer"},{"not_picked":["SlaversCollar","Cursed Key"],"picked":"SacredBark"}],"items_purged_floors":[],"is_endless":false,"potions_floor_spawned":[4,6,11,13,14,21,24,39],"killed_by":"Nemesis","ascension_level":4}}