{"host":"i09pxcjttd31eh4q","time":1613194457,"event":{"mods":["AchievementEnabler","BaseMod","Colored Map","Keyboard Shortcuts","Minty Spire (QoL Compilation)","StSLib","SuperFastMode"],"gold_per_floor":[109,34,109,109,109,142,142,183,183,183,224,238,238,251,251,251,251],"floor_reached":16,"language":"KOR","playtime":153,"items_purged":["Strike_P"],"score":332,"play_id":"89bb2f40-ca58-4076-87e8-b381ba3335aa","local_time":"20210213143417","is_ascension_mode":true,"campfire_choices":[{"data":"Eruption","floor":7.0,"key":"SMITH"},{"data":"CrushJoints","floor":10.0,"key":"SMITH"},{"data":"BowlingBash","floor":13.0,"key":"SMITH"},{"data":"Vigilance","floor":15.0,"key":"SMITH"}],"circlet_count":0,"master_deck":["AscendersBane","Strike_P","Strike_P","Strike_P","Defend_P","Defend_P","Defend_P","Defend_P","Eruption+1","Vigilance+1","CrushJoints+1","BowlingBash+1"],"relics":["PureWater","NeowsBlessing","Golden Idol","Lantern","Happy Flower","Frozen Egg 2","Eternal Feather"],"acts_visited":["Exordium"],"potions_floor_usage":[16,16],"damage_taken":[{"damage":0.0,"enemies":"Small Slimes","floor":1.0,"turns":1.0},{"damage":0.0,"enemies":"Lagavulin","floor":6.0,"turns":1.0},{"damage":0.0,"enemies":"Gremlin Nob","floor":8.0,"turns":1.0},{"damage":17.0,"enemies":"3 Sentries","floor":11.0,"turns":4.0},{"damage":3.0,"enemies":"2 Louse","floor":12.0,"turns":2.0},{"damage":0.0,"enemies":"Jaw Worm","floor":14.0,"turns":2.0},{"damage":43,"enemies":"Hexaghost","floor":16,"turns":2}],"seed_played":"-4219163886001429143","potions_obtained":[{"floor":8.0,"key":"SneckoOil"},{"floor":12.0,"key":"FearPotion"}],"is_trial":false,"path_per_floor":["M","$","?","?","?","E","R","E","T","R","E","M","R","M","R","B"],"character_chosen":"WATCHER","items_purchased":[],"campfire_rested":0,"item_purchase_floors":[],"current_hp_per_floor":[61,61,50,50,50,50,50,50,50,50,33,30,36,36,42,0,0],"gold":251,"neow_bonus":"THREE_ENEMY_KILL","is_daily":false,"chose_seed":false,"campfire_upgraded":4,"win_rate":0.0,"timestamp":1613194457,"path_taken":["M","$","?","?","?","E","R","E","T","R","E","?","R","M","R","BOSS"],"items_purchased_type":[],"build_version":"2020-12-22","purchased_purges":1,"victory":false,"max_hp_per_floor":[68,68,68,62,62,62,62,62,62,62,62,62,62,62,62,62,62],"card_choices":[{"not_picked":["Prostrate","ClearTheMind"],"picked":"CrushJoints","floor":1.0},{"not_picked":["Worship","Perseverance"],"picked":"BowlingBash","floor":6.0},{"not_picked":["BattleHymn","Ragnarok","Crescendo"],"picked":"SKIP","floor":8.0},{"not_picked":["CrushJoints","MasterReality+1","FollowUp"],"picked":"SKIP","floor":11.0},{"not_picked":["SashWhip","EmptyBody","Indignation"],"picked":"SKIP","floor":12.0},{"not_picked":["ReachHeaven","Weave","Sanctity"],"picked":"SKIP","floor":14.0}],"player_experience":905286,"relics_obtained":[{"floor":6.0,"key":"Lantern"},{"floor":8.0,"key":"Happy Flower"},{"floor":9.0,"key":"Frozen Egg 2"},{"floor":11.0,"key":"Eternal Feather"}],"event_choices":[{"damage_healed":0.0,"max_hp_gain":0.0,"max_hp_loss":0.0,"gold_gain":75.0,"event_name":"World of Goop","player_choice":"Gather Gold","floor":3.0,"gold_loss":0.0,"damage_taken":11.0},{"damage_healed":0.0,"max_hp_gain":0.0,"max_hp_loss":6.0,"gold_gain":0.0,"event_name":"Golden Idol","player_choice":"Lose Max HP","floor":4.0,"gold_loss":0.0,"damage_taken":0.0,"relics_obtained":["Golden Idol"]},{"damage_healed":0.0,"max_hp_gain":0.0,"max_hp_loss":0.0,"gold_gain":0.0,"event_name":"Liars Game","player_choice":"Ignored","floor":5.0,"gold_loss":0.0,"damage_taken":0.0}],"is_beta":false,"boss_relics":[],"items_purged_floors":[2],"is_endless":false,"potions_floor_spawned":[8,12],"killed_by":"Hexaghost","ascension_level":20}}