{"host":"qrt7o4dq2qslzw13","time":1613248051,"event":{"mods":["AchievementEnabler","BaseMod","Colored Map","Colored Powertips","Minty Spire (QoL Compilation)","Quick Restart","StSLib","SuperFastMode"],"gold_per_floor":[10,10,28,178,253,253,271,271,271,271,291,291,291,306,306,381,381,392,317,317,47,47,47,59,59,59,136,136,136,136],"floor_reached":29,"language":"ENG","playtime":328,"items_purged":[],"score":418,"play_id":"7dff8e4d-70a6-4403-951c-acab264750bb","local_time":"20210213152731","is_ascension_mode":true,"campfire_choices":[{"data":"Demon Form","floor":6.0,"key":"SMITH"},{"data":"Fiend Fire","floor":8.0,"key":"SMITH"},{"data":"Bash","floor":10.0,"key":"SMITH"},{"floor":15.0,"key":"REST"},{"data":"Corruption","floor":23.0,"key":"SMITH"},{"floor":25,"key":"REST"},{"data":"Trip","floor":28,"key":"SMITH"}],"circlet_count":0,"master_deck":["AscendersBane","Strike_R","Strike_R+1","Strike_R","Strike_R","Strike_R","Defend_R","Defend_R+1","Defend_R","Defend_R","Bash+1","Demon Form+1","Heavy Blade+1","Cleave","Fiend Fire+1","Blood for Blood","Brutality","CurseOfTheBell","Corruption+1","Demon Form+1","Trip+1"],"relics":["Burning Blood","Mercury Hourglass","Self Forming Clay","Calling Bell","MealTicket","Gremlin Horn","Thread and Needle","DollysMirror","StrikeDummy","Meat on the Bone"],"acts_visited":["Exordium","TheCity"],"potions_floor_usage":[],"damage_taken":[{"damage":6.0,"enemies":"Cultist","floor":1.0,"turns":4.0},{"damage":9.0,"enemies":"2 Louse","floor":3.0,"turns":3.0},{"damage":7.0,"enemies":"Small Slimes","floor":7.0,"turns":3.0},{"damage":16.0,"enemies":"Blue Slaver","floor":11.0,"turns":3.0},{"damage":0.0,"enemies":"Exordium Wildlife","floor":14.0,"turns":3.0},{"damage":30.0,"enemies":"Slime Boss","floor":16.0,"turns":6.0},{"damage":18.0,"enemies":"Spheric Guardian","floor":18.0,"turns":5.0},{"damage":43,"enemies":"3 Byrds","floor":24,"turns":5},{"damage":65,"enemies":"Book of Stabbing","floor":29,"turns":5}],"seed_played":"6841913226069638091","potions_obtained":[{"floor":1.0,"key":"Strength Potion"},{"floor":11.0,"key":"FearPotion"}],"is_trial":false,"path_per_floor":["M","?","M","?","?","R","M","R","T","R","M","?","T","M","R","B",null,"M","?","?","$","?","R","M","R","T","T","R","E"],"character_chosen":"IRONCLAD","items_purchased":["DollysMirror","Trip"],"campfire_rested":2,"item_purchase_floors":[21,21],"current_hp_per_floor":[68,68,65,65,54,54,53,53,53,53,43,20,20,26,48,24,62,50,50,50,65,75,75,38,60,60,60,60,0,0],"gold":136,"neow_bonus":"THREE_RARE_CARDS","is_daily":false,"chose_seed":false,"campfire_upgraded":5,"win_rate":0.0,"timestamp":1613248051,"path_taken":["M","?","M","?","?","R","M","R","T","R","M","?","?","M","R","BOSS","M","?","?","$","?","R","M","R","T","?","R","E"],"items_purchased_type":["Relic","Card"],"build_version":"2020-12-22","purchased_purges":0,"victory":false,"max_hp_per_floor":[75,75,75,75,75,75,75,75,75,75,75,75,75,75,75,75,75,75,75,75,75,75,75,75,75,75,75,75,75,75],"card_choices":[{"not_picked":["Corruption","Juggernaut"],"picked":"Demon Form","floor":0.0},{"not_picked":["Feel No Pain","Flex"],"picked":"Heavy Blade","floor":1.0},{"not_picked":["Fire Breathing","Sword Boomerang"],"picked":"Cleave","floor":3.0},{"not_picked":["Clash","True Grit"],"picked":"Fiend Fire","floor":7.0},{"not_picked":["Cleave","Sentinel"],"picked":"Blood for Blood","floor":11.0},{"not_picked":["Perfected Strike","Body Slam","True Grit"],"picked":"SKIP","floor":14.0},{"not_picked":["Fiend Fire","Impervious"],"picked":"Brutality","floor":16.0},{"not_picked":["Heavy Blade","Armaments"],"picked":"Corruption","floor":18.0},{"not_picked":["Sentinel","Havoc","Thunderclap"],"picked":"SKIP","floor":24}],"player_experience":633877,"relics_obtained":[{"floor":9.0,"key":"Mercury Hourglass"},{"floor":13.0,"key":"Self Forming Clay"},{"floor":17.0,"key":"MealTicket"},{"floor":17.0,"key":"Gremlin Horn"},{"floor":17.0,"key":"Thread and Needle"},{"floor":26,"key":"StrikeDummy"},{"floor":27,"key":"Meat on the Bone"}],"event_choices":[{"damage_healed":0.0,"max_hp_gain":0.0,"max_hp_loss":0.0,"gold_gain":0.0,"event_name":"Living Wall","player_choice":"Grow","floor":2.0,"gold_loss":0.0,"damage_taken":0.0,"cards_upgraded":["Heavy Blade"]},{"damage_healed":0.0,"max_hp_gain":0.0,"max_hp_loss":0.0,"gold_gain":150.0,"event_name":"Liars Game","player_choice":"AGREE","floor":4.0,"gold_loss":0.0,"damage_taken":0.0,"cards_obtained":["Doubt"]},{"damage_healed":0.0,"max_hp_gain":0.0,"max_hp_loss":0.0,"gold_gain":75.0,"event_name":"World of Goop","player_choice":"Gather Gold","floor":5.0,"gold_loss":0.0,"damage_taken":11.0},{"damage_healed":0.0,"max_hp_gain":0.0,"max_hp_loss":0.0,"gold_gain":0.0,"event_name":"Shining Light","player_choice":"Entered Light","floor":12.0,"gold_loss":0.0,"damage_taken":23.0,"cards_upgraded":["Strike_R","Defend_R"]},{"cards_removed":["Doubt"],"damage_healed":0.0,"max_hp_gain":0.0,"max_hp_loss":0.0,"gold_gain":0.0,"event_name":"Beggar","player_choice":"Gave Gold","floor":19.0,"gold_loss":75.0,"damage_taken":0.0},{"damage_healed":0.0,"max_hp_gain":0.0,"max_hp_loss":0.0,"gold_gain":0.0,"event_name":"Ghosts","player_choice":"Ignored","floor":20.0,"gold_loss":0.0,"damage_taken":0.0},{"damage_healed":15.0,"max_hp_gain":0.0,"max_hp_loss":0.0,"gold_gain":0.0,"event_name":"The Library","player_choice":"Heal","floor":22.0,"gold_loss":0.0,"damage_taken":0.0}],"is_beta":false,"boss_relics":[{"not_picked":["Tiny House","Runic Cube"],"picked":"Calling Bell"}],"items_purged_floors":[],"is_endless":false,"potions_floor_spawned":[1,11],"killed_by":"Book of Stabbing","ascension_level":20}}