{"host":"0mhttqdumuceah7q","time":1613206007,"event":{"mods":["AchievementEnabler","BaseMod","Colored Map","DeckTracker","Minty Spire (QoL Compilation)","Permanent Neow"],"gold_per_floor":[17,36,47,47,60,60,60,60,60],"floor_reached":8,"language":"KOR","playtime":670,"items_purged":[],"score":48,"play_id":"47792515-0962-445a-b803-d576683ad47a","local_time":"20210213174647","is_ascension_mode":false,"campfire_choices":[{"data":"Barricade","floor":6,"key":"SMITH"}],"circlet_count":0,"master_deck":["Strike_R","Strike_R","Strike_R","Strike_R","Defend_R","Defend_R","Defend_R","Defend_R","Bash","Barricade+1","True Grit","Bloodletting","Sword Boomerang"],"relics":["Burning Blood","Golden Idol"],"acts_visited":["Exordium"],"potions_floor_usage":[8],"damage_taken":[{"damage":10,"enemies":"2 Louse","floor":1,"turns":4},{"damage":9,"enemies":"Small Slimes","floor":2,"turns":4},{"damage":12,"enemies":"Jaw Worm","floor":3,"turns":6},{"damage":18,"enemies":"3 Louse","floor":5,"turns":6},{"damage":33,"enemies":"Lagavulin","floor":8,"turns":11}],"seed_played":"249272909060682816","potions_obtained":[{"floor":1,"key":"EssenceOfSteel"}],"is_trial":false,"path_per_floor":["M","M","M","?","M","R","?","E"],"character_chosen":"IRONCLAD","items_purchased":[],"campfire_rested":0,"item_purchase_floors":[],"current_hp_per_floor":[76,73,67,47,35,35,28,0,0],"gold":60,"neow_bonus":"THREE_RARE_CARDS","is_daily":false,"chose_seed":false,"campfire_upgraded":1,"win_rate":0.0,"timestamp":1613206007,"path_taken":["M","M","M","?","M","R","?","E"],"items_purchased_type":[],"build_version":"2020-12-22","purchased_purges":0,"victory":false,"max_hp_per_floor":[80,80,80,80,80,80,80,80,80],"card_choices":[{"not_picked":["Demon Form","Double Tap"],"picked":"Barricade","floor":0},{"not_picked":["Reckless Charge","Dark Embrace","Heavy Blade"],"picked":"SKIP","floor":1},{"not_picked":["Whirlwind","Reckless Charge"],"picked":"True Grit","floor":2},{"not_picked":["Wild Strike","Sword Boomerang"],"picked":"Bloodletting","floor":3},{"not_picked":["Power Through","Flex"],"picked":"Sword Boomerang","floor":5}],"player_experience":24544,"relics_obtained":[],"event_choices":[{"damage_healed":0,"gold_gain":0,"player_choice":"Take Damage","damage_taken":20,"relics_obtained":["Golden Idol"],"max_hp_gain":0,"max_hp_loss":0,"event_name":"Golden Idol","floor":4,"gold_loss":0},{"cards_removed":["Strike_R"],"damage_healed":0,"gold_gain":0,"player_choice":"Card Removal","damage_taken":7,"max_hp_gain":0,"max_hp_loss":0,"event_name":"Golden Wing","floor":7,"gold_loss":0}],"is_beta":false,"boss_relics":[],"items_purged_floors":[],"is_endless":false,"potions_floor_spawned":[1],"killed_by":"Lagavulin","ascension_level":0}}