{"host":"kaame4qwxxqnygv7","time":1613218758,"event":{"mods":["AchievementEnabler","BaseMod","Better Match","Better Skull","Better Third Choice","Block Reminder","DeckTracker","Energized Spire","GungeonMod","Minty Spire (QoL Compilation)","Quick Restart","Red Circlet Mod","StSLib","SuperFastMode","The Blue Laboratory"],"gold_per_floor":[114,214,226,242,242,242,272,272,321,353,353,369,369,8,8,84,84,99,24,42,42,42,58,58,74,74,74,94,105,120,134,152,152,152,244,244,262,285,285,302,178,228,228,228,277,305,336,360,44,166,166,186,186,186,38,75,80,80],"floor_reached":57,"language":"KOR","playtime":2375,"items_purged":["Normality"],"score":1037,"play_id":"7455a17b-1ad6-4d7a-80d5-5fdf6effa5f1","local_time":"20210213211918","is_ascension_mode":true,"campfire_choices":[{"data":"DemoMod:ManualReload","floor":6.0,"key":"SMITH"},{"data":"DemoMod:PotionOfGunFriendShip","floor":8.0,"key":"SMITH"},{"floor":11.0,"key":"REST"},{"data":"DemoMod:ProbeStrike","floor":13.0,"key":"SMITH"},{"floor":15.0,"key":"REST"},{"data":"DemoMod:TableSutra","floor":27.0,"key":"SMITH"},{"data":"DemoMod:TableSutra","floor":33.0,"key":"SMITH"},{"floor":43.0,"key":"REST"},{"floor":51.0,"key":"RECALL"},{"data":"DemoMod:DoubleVision","floor":54.0,"key":"SMITH"}],"circlet_count":0,"master_deck":["AscendersBane","DemoMod:Defend_Huntress","DemoMod:Defend_Huntress","DemoMod:Defend_Huntress","DemoMod:Defend_Huntress","DemoMod:Roll","DemoMod:ManualReload+1","DemoMod:RustySidearm","DemoMod:CrossBow","DemoMod:ProbeStrike+1","DemoMod:PotionOfGunFriendShip+1","DemoMod:BattleInHaste","DemoMod:Eureka","DemoMod:AWP+1","DemoMod:HardPowerCard","DemoMod:TableSutra+1","DemoMod:HardPowerCard+1","DemoMod:TableSutra+1","DemoMod:DoubleVision+1","DemoMod:Gungine","DemoMod:HardPowerCard+1"],"relics":["energizedSpire:CursedPentagram","Orichalcum","Lantern","DemoMod:HoleyGrail","Pear","Empty Cage","DemoMod:RatBoots","DemoMod:ResourcefulSack","DemoMod:PartiallyEatenCheese","Black Star","Smiling Mask","Shuriken","MawBank","DemoMod:DecoyRelic","HandDrill","Blood Vial","StrikeDummy"],"acts_visited":["Exordium","TheCity","DemoMod:Maze","TheBeyond","TheEnding"],"potions_floor_usage":[],"damage_taken":[{"damage":2.0,"enemies":"Small Slimes","floor":1.0,"turns":3.0},{"damage":0.0,"enemies":"Cultist","floor":3.0,"turns":3.0},{"damage":6.0,"enemies":"2 Louse","floor":4.0,"turns":2.0},{"damage":5.0,"enemies":"Gremlin Nob","floor":7.0,"turns":3.0},{"damage":15.0,"enemies":"Lagavulin","floor":10.0,"turns":5.0},{"damage":7.0,"enemies":"Large Slime","floor":12.0,"turns":4.0},{"damage":51.0,"enemies":"Hexaghost","floor":16.0,"turns":11.0},{"damage":3.0,"enemies":"Shell Parasite","floor":18.0,"turns":4.0},{"damage":0.0,"enemies":"3 Byrds","floor":20.0,"turns":4.0},{"damage":2.0,"enemies":"Snake Plant","floor":23.0,"turns":3.0},{"damage":6.0,"enemies":"Centurion and Healer","floor":25.0,"turns":4.0},{"damage":0.0,"enemies":"DemoMod:4_Bullet_Kins_with_one_veteran","floor":28.0,"turns":3.0},{"damage":9.0,"enemies":"DemoMod:Red_and_blue_shotgun_kin","floor":29.0,"turns":3.0},{"damage":0.0,"enemies":"DemoMod:Red_and_blue_shotgun_kin_with_gunsinger","floor":30.0,"turns":3.0},{"damage":0.0,"enemies":"DemoMod:Veteran_shot_gun_kin_and_blue_shotgun_kin","floor":31.0,"turns":2.0},{"damage":1.0,"enemies":"DemoMod:2_Mousers","floor":32.0,"turns":6.0},{"damage":0.0,"enemies":"DemoMod:ResourcefulRat","floor":35.0,"turns":12.0},{"damage":0.0,"enemies":"Orb Walker","floor":37.0,"turns":3.0},{"damage":2.0,"enemies":"3 Shapes","floor":38.0,"turns":4.0},{"damage":1.0,"enemies":"Spire Growth","floor":40.0,"turns":4.0},{"damage":3.0,"enemies":"Reptomancer","floor":42.0,"turns":8.0},{"damage":5.0,"enemies":"3 Darklings","floor":46.0,"turns":3.0},{"damage":14.0,"enemies":"Writhing Mass","floor":47.0,"turns":3.0},{"damage":9.0,"enemies":"Sphere and 2 Shapes","floor":48.0,"turns":5.0},{"damage":12.0,"enemies":"Awakened One","floor":52.0,"turns":13.0},{"damage":0,"enemies":"Shield and Spear","floor":56,"turns":6},{"damage":87,"enemies":"The Heart","floor":57,"turns":8}],"seed_played":"-841150537902620105","potions_obtained":[{"floor":3.0,"key":"SkillPotion"},{"floor":4.0,"key":"blueLaboratory:HorrorPotion"},{"floor":7.0,"key":"SteroidPotion"},{"floor":18.0,"key":"SneckoOil"},{"floor":20.0,"key":"Swift Potion"},{"floor":24.0,"key":"blueLaboratory:FruitPunch"},{"floor":24.0,"key":"blueLaboratory:ImpenetrablePotion"},{"floor":28.0,"key":"blueLaboratory:AbyssPotion"},{"floor":30.0,"key":"Fire Potion"},{"floor":38.0,"key":"AttackPotion"},{"floor":47.0,"key":"Fruit Juice"}],"is_trial":false,"path_per_floor":["M","?","M","M","?","R","E","R","T","E","R","M","R","$","R","B",null,"M","?","M","$","?","M","?","M","T","R","M","M","M","M","M","R","B","B",null,"M","M","?","M","$","E","R","T","T","M","M","M","$","?","R","B",null,"R","$","E","B"],"character_chosen":"HUNTRESS","items_purchased":["DemoMod:GnawedKey","Pear","DemoMod:LeadSkinPotion","DemoMod:DecoyRelic","blueLaboratory:RememoryPotion","HandDrill"],"campfire_rested":3,"item_purchase_floors":[14,14,41,49,49,55],"current_hp_per_floor":[61,61,61,55,55,55,50,50,50,35,56,49,49,59,80,29,67,64,64,64,64,49,47,47,43,76,76,76,67,67,67,66,66,56,56,79,79,77,69,68,68,65,87,87,87,82,73,64,64,64,64,52,82,82,82,82,0,0],"gold":80,"neow_bonus":"BOSS_RELIC","is_daily":false,"chose_seed":false,"campfire_upgraded":6,"win_rate":0.0,"timestamp":1613218758,"path_taken":["M","?","?","M","?","R","E","R","T","E","R","M","R","$","R","BOSS","M","?","M","$","?","M","?","M","T","R","M","M","M","M","M","R","BOSS","BOSS","M","M","?","?","$","E","R","?","T","M","M","M","$","?","R","BOSS","R","$","E","BOSS"],"items_purchased_type":["Relic","Relic","Undefined","Relic","Potion","Relic"],"build_version":"2020-12-22","purchased_purges":1,"victory":false,"max_hp_per_floor":[70,70,70,70,70,70,70,70,70,70,70,70,70,80,80,80,80,80,80,80,80,85,85,85,87,87,87,87,87,87,87,87,87,87,87,87,87,87,87,87,87,87,87,87,87,87,92,92,92,92,92,92,92,92,92,92,92,92],"card_choices":[{"not_picked":["DemoMod:Unmoved","DemoMod:StrategicReserve"],"picked":"DemoMod:ProbeStrike","floor":1.0},{"not_picked":["DemoMod:HungryBullets","DemoMod:DirectionalPad","DemoMod:FeignSurrender"],"picked":"SKIP","floor":3.0},{"not_picked":["DemoMod:Camera","DemoMod:StickyCrossBow","DemoMod:DirectionalPad"],"picked":"SKIP","floor":4.0},{"not_picked":["DemoMod:Ejector","DemoMod:Casey"],"picked":"DemoMod:PotionOfGunFriendShip","floor":7.0},{"not_picked":["DemoMod:TeaPot","DemoMod:HighKaliber","DemoMod:MachoBrace"],"picked":"SKIP","floor":10.0},{"not_picked":["DemoMod:MachoBrace","DemoMod:DoubleSwitch"],"picked":"DemoMod:BattleInHaste","floor":12.0},{"not_picked":["DemoMod:Elimentaler","DemoMod:Slinger"],"picked":"DemoMod:Eureka","floor":16.0},{"not_picked":["DemoMod:ConditionalReflex","DemoMod:Rummage"],"picked":"DemoMod:AWP+1","floor":18.0},{"not_picked":["DemoMod:AWP","DemoMod:Replace"],"picked":"DemoMod:HardPowerCard","floor":20.0},{"not_picked":["DemoMod:DoubleSwitch","DemoMod:GunstockTap","DemoMod:FastSwitch"],"picked":"SKIP","floor":23.0},{"not_picked":["DemoMod:CombinedRifle","DemoMod:MegaHand"],"picked":"DemoMod:TableSutra","floor":25.0},{"not_picked":["DemoMod:Ejector","DemoMod:DirectionalPad+1","DemoMod:CombinedRifle"],"picked":"SKIP","floor":28.0},{"not_picked":["DemoMod:FastSwitch","DemoMod:Casey"],"picked":"DemoMod:HardPowerCard+1","floor":29.0},{"not_picked":["DemoMod:PracticeMakesPerfect+1","DemoMod:DoubleSwitch","DemoMod:JK47"],"picked":"SKIP","floor":30.0},{"not_picked":["DemoMod:MachoBrace+1","DemoMod:Replace","DemoMod:DirectionalPad+1"],"picked":"SKIP","floor":31.0},{"not_picked":["DemoMod:FeignSurrender","DemoMod:ZorGun"],"picked":"DemoMod:TableSutra","floor":32.0},{"not_picked":["DemoMod:Elimentaler","DemoMod:BSG"],"picked":"DemoMod:DoubleVision","floor":35.0},{"not_picked":["DemoMod:PotionOfGunFriendShip+1","DemoMod:BoxingGlove","DemoMod:ShadowBullets"],"picked":"SKIP","floor":37.0},{"not_picked":["DemoMod:HungryBullets","DemoMod:FastSwitch+1","DemoMod:LifeOrb"],"picked":"SKIP","floor":38.0},{"not_picked":["DemoMod:Replace","DemoMod:ConditionalReflex"],"picked":"DemoMod:Gungine","floor":40.0},{"not_picked":["DemoMod:TripleGun+1","DemoMod:BSG"],"picked":"DemoMod:Purify+1","floor":42.0},{"not_picked":["DemoMod:SAA","DemoMod:ConditionalReflex"],"picked":"DemoMod:HardPowerCard+1","floor":46.0},{"not_picked":["DemoMod:TeaPot+1","DemoMod:Unmoved","DemoMod:StickyCrossBow"],"picked":"SKIP","floor":47.0},{"not_picked":["DemoMod:TeaPot+1","DemoMod:Ejector+1","DemoMod:SAA+1"],"picked":"SKIP","floor":48.0},{"not_picked":["DemoMod:Unmoved","DemoMod:GunstockTap+1","DemoMod:SAA+1"],"picked":"SKIP","floor":56}],"player_experience":291041,"relics_obtained":[{"floor":7.0,"key":"Orichalcum"},{"floor":9.0,"key":"Lantern"},{"floor":10.0,"key":"DemoMod:HoleyGrail"},{"floor":36.0,"key":"DemoMod:RatBoots"},{"floor":36.0,"key":"DemoMod:ResourcefulSack"},{"floor":36.0,"key":"DemoMod:PartiallyEatenCheese"},{"floor":36.0,"key":"Black Star"},{"floor":42.0,"key":"Smiling Mask"},{"floor":42.0,"key":"Shuriken"},{"floor":45.0,"key":"MawBank"},{"floor":56,"key":"Blood Vial"},{"floor":56,"key":"StrikeDummy"}],"event_choices":[{"damage_healed":0.0,"max_hp_gain":0.0,"max_hp_loss":0.0,"gold_gain":100.0,"event_name":"Golden Shrine","player_choice":"Pray","floor":2.0,"gold_loss":0.0,"damage_taken":0.0},{"damage_healed":0.0,"max_hp_gain":0.0,"max_hp_loss":0.0,"gold_gain":0.0,"event_name":"betterThird:BetterSerpent","player_choice":"Ignored","floor":5.0,"gold_loss":0.0,"damage_taken":242.0},{"cards_removed":["Regret"],"damage_healed":0.0,"max_hp_gain":0.0,"max_hp_loss":0.0,"gold_gain":0.0,"event_name":"Beggar","player_choice":"Gave Gold","floor":19.0,"gold_loss":75.0,"damage_taken":0.0},{"damage_healed":0.0,"max_hp_gain":5.0,"max_hp_loss":0.0,"gold_gain":0.0,"event_name":"Forgotten Altar","player_choice":"Shed Blood","floor":22.0,"gold_loss":0.0,"damage_taken":20.0},{"damage_healed":0.0,"max_hp_gain":0.0,"max_hp_loss":0.0,"gold_gain":0.0,"event_name":"Lab","player_choice":"Got Potions","floor":24.0,"gold_loss":0.0,"damage_taken":0.0},{"damage_healed":0.0,"max_hp_gain":0.0,"max_hp_loss":0.0,"gold_gain":0.0,"event_name":"Wheel of Change","player_choice":"Damaged","floor":39.0,"gold_loss":0.0,"damage_taken":8.0}],"is_beta":false,"boss_relics":[{"not_picked":["Tiny House","Pandora\u0027s Box"],"picked":"Empty Cage"},{"not_picked":[]}],"items_purged_floors":[41],"is_endless":false,"potions_floor_spawned":[3,4,7,12,18,20,28,30,38,47],"killed_by":"The Heart","ascension_level":13}}