{"host":"d52brwsy6af8zvaq","time":1613191194,"event":{"mods":["AchievementEnabler","BaseMod","Bestiary","Highlight Path","Minty Spire (QoL Compilation)","Quick Restart","Relic Stats","ojb\u0027s Better Paths Mod"],"gold_per_floor":[113,125,125,125,143,143,181,181,254,290,305,321,277,316,316,412,412,437,437,461,41,61,61,61,94,143,143,178,178,191,191,191,268,268,281,281,300,312,312,346,346,346,346],"floor_reached":42,"language":"ENG","playtime":1765,"items_purged":["Strike_B+1"],"score":968,"play_id":"20d7a6f7-511b-432d-9697-b0fa70655b67","local_time":"20210212213954","is_ascension_mode":true,"campfire_choices":[{"data":"Zap","floor":6.0,"key":"SMITH"},{"floor":8.0,"key":"REST"},{"floor":15.0,"key":"REST"},{"data":"Hologram","floor":23.0,"key":"SMITH"},{"data":"Biased Cognition","floor":27.0,"key":"SMITH"},{"data":"Go for the Eyes","floor":29.0,"key":"SMITH"},{"data":"Electrodynamics","floor":32.0,"key":"SMITH"},{"floor":41,"key":"RECALL"}],"circlet_count":0,"master_deck":["AscendersBane","Strike_B+1","Strike_B+1","Strike_B+1","Defend_B+1","Defend_B+1","Defend_B+1","Defend_B+1","Zap+1","Dualcast+1","Go for the Eyes+1","Ball Lightning","Doom and Gloom","Beam Cell","Hologram+1","Rebound","Turbo","Electrodynamics+1","Compile Driver","Conserve Battery+1","Auto Shields+1","Echo Form","Double Energy+1","Leap","Creative AI+1"],"relics":["Cracked Core","Bloody Idol","Bag of Preparation","HornCleat","Regal Pillow","Anchor","Nuclear Battery","Emotion Chip","Happy Flower","War Paint","Frozen Egg 2","MutagenicStrength","Inserter","StoneCalendar"],"acts_visited":["Exordium","TheCity","TheBeyond"],"potions_floor_usage":[40],"damage_taken":[{"damage":11.0,"enemies":"2 Louse","floor":1.0,"turns":2.0},{"damage":2.0,"enemies":"Jaw Worm","floor":2.0,"turns":4.0},{"damage":0.0,"enemies":"Small Slimes","floor":5.0,"turns":2.0},{"damage":34.0,"enemies":"Gremlin Nob","floor":7.0,"turns":4.0},{"damage":20.0,"enemies":"Lagavulin","floor":10.0,"turns":6.0},{"damage":0.0,"enemies":"2 Fungi Beasts","floor":11.0,"turns":3.0},{"damage":0.0,"enemies":"Looter","floor":12.0,"turns":3.0},{"damage":20.0,"enemies":"3 Sentries","floor":14.0,"turns":6.0},{"damage":20.0,"enemies":"Hexaghost","floor":16.0,"turns":8.0},{"damage":0.0,"enemies":"Spheric Guardian","floor":18.0,"turns":3.0},{"damage":0.0,"enemies":"Chosen","floor":20.0,"turns":2.0},{"damage":0.0,"enemies":"Snecko","floor":22.0,"turns":4.0},{"damage":21.0,"enemies":"Gremlin Leader","floor":25.0,"turns":6.0},{"damage":2.0,"enemies":"Slavers","floor":28.0,"turns":2.0},{"damage":0.0,"enemies":"Snake Plant","floor":30.0,"turns":2.0},{"damage":39.0,"enemies":"Collector","floor":33.0,"turns":7.0},{"damage":0.0,"enemies":"3 Shapes","floor":35.0,"turns":2.0},{"damage":11.0,"enemies":"3 Darklings","floor":37.0,"turns":5.0},{"damage":0,"enemies":"Sphere and 2 Shapes","floor":38,"turns":5},{"damage":6,"enemies":"Reptomancer","floor":40,"turns":4},{"damage":106,"enemies":"Giant Head","floor":42,"turns":7}],"seed_played":"-786408318324830474","potions_obtained":[{"floor":7.0,"key":"EssenceOfSteel"},{"floor":10.0,"key":"Explosive Potion"},{"floor":16.0,"key":"Fire Potion"},{"floor":18.0,"key":"Block Potion"},{"floor":25.0,"key":"PowerPotion"},{"floor":37.0,"key":"FocusPotion"}],"is_trial":false,"path_per_floor":["M","M","?","?","M","R","E","R","T","E","M","M","?","E","R","B",null,"M","?","M","$","M","R","?","E","T","R","E","R","M","?","R","B",null,"M","?","M","M","?","E","R","E"],"character_chosen":"DEFECT","items_purchased":["Emotion Chip"],"campfire_rested":2,"item_purchase_floors":[21],"current_hp_per_floor":[60,58,58,63,63,63,29,51,51,31,31,31,31,11,48,28,64,64,64,64,64,64,64,64,48,53,53,56,56,61,61,61,27,64,69,69,63,68,68,67,67,0,0],"gold":346,"neow_bonus":"TEN_PERCENT_HP_BONUS","is_daily":false,"chose_seed":false,"campfire_upgraded":5,"win_rate":0.0,"timestamp":1613191194,"path_taken":["M","M","?","?","M","R","E","R","T","E","M","M","?","E","R","BOSS","M","?","M","$","M","R","?","E","T","R","E","R","M","?","R","BOSS","M","?","M","M","?","E","R","E"],"items_purchased_type":["Relic"],"build_version":"2020-12-22","purchased_purges":1,"victory":false,"max_hp_per_floor":[78,78,71,76,76,76,76,76,76,76,76,76,76,76,76,76,76,76,76,76,76,76,76,76,76,76,76,76,76,76,76,76,76,76,76,76,76,76,76,76,76,76,76],"relic_stats":{"Regal Pillow":15,"Emotion Chip":[31,20,0,10,1],"Inserter":[11],"Happy Flower":[11],"counters":[21,87],"Bloody Idol":45,"StoneCalendar":[52],"Bag of Preparation":[34],"War Paint":["Conserve Battery","Dualcast"],"obtain_stats":[{"Regal Pillow":10,"Inserter":34,"Happy Flower":25,"Golden Idol":3,"StoneCalendar":40,"Bag of Preparation":7,"War Paint":26,"Frozen Egg 2":28,"Nuclear Battery":17,"Anchor":14,"Emotion Chip":21,"HornCleat":9,"Bloody Idol":24,"MutagenicStrength":31,"Cracked Core":0},{"Regal Pillow":5,"Inserter":16,"Happy Flower":13,"Golden Idol":2,"StoneCalendar":20,"Bag of Preparation":4,"War Paint":13,"Frozen Egg 2":14,"Nuclear Battery":9,"Anchor":8,"Emotion Chip":11,"HornCleat":4,"Bloody Idol":12,"MutagenicStrength":15,"Cracked Core":0},{"Regal Pillow":18,"Inserter":64,"Happy Flower":53,"Golden Idol":6,"StoneCalendar":80,"Bag of Preparation":12,"War Paint":53,"Frozen Egg 2":55,"Nuclear Battery":38,"Anchor":30,"Emotion Chip":43,"HornCleat":12,"Bloody Idol":47,"MutagenicStrength":57,"Cracked Core":0}]},"card_choices":[{"not_picked":["Stack","Hologram"],"picked":"Go for the Eyes","floor":1.0},{"not_picked":["Cold Snap","Reprogram"],"picked":"Ball Lightning","floor":2.0},{"not_picked":["Beam Cell","Consume"],"picked":"Doom and Gloom","floor":5.0},{"not_picked":["Barrage","Fusion"],"picked":"Beam Cell","floor":7.0},{"not_picked":["Double Energy","Barrage"],"picked":"Hologram","floor":10.0},{"not_picked":["Force Field","Beam Cell"],"picked":"Rebound","floor":11.0},{"not_picked":["Sunder","Barrage"],"picked":"Turbo","floor":12.0},{"not_picked":["Storm","Fusion"],"picked":"Biased Cognition","floor":14.0},{"not_picked":["Seek","Rainbow"],"picked":"Electrodynamics","floor":16.0},{"not_picked":["Go for the Eyes","Cold Snap"],"picked":"Compile Driver","floor":18.0},{"not_picked":["Reinforced Body","Beam Cell"],"picked":"Conserve Battery","floor":20.0},{"not_picked":["Static Discharge","Rebound"],"picked":"Auto Shields+1","floor":22.0},{"not_picked":["Gash","Static Discharge"],"picked":"Echo Form","floor":25.0},{"not_picked":["Cold Snap","Stack"],"picked":"Double Energy+1","floor":28.0},{"not_picked":["Stack","Rebound","Leap"],"picked":"SKIP","floor":30.0},{"not_picked":["Compile Driver+1","Genetic Algorithm"],"picked":"Leap","floor":35.0},{"not_picked":["Leap","Hologram","Fusion+1"],"picked":"SKIP","floor":37.0},{"not_picked":["Auto Shields","Scrape+1","Compile Driver+1"],"picked":"SKIP","floor":38},{"not_picked":["Ball Lightning","Doom and Gloom"],"picked":"Creative AI+1","floor":40}],"player_experience":2248608,"relics_obtained":[{"floor":7.0,"key":"Bag of Preparation"},{"floor":9.0,"key":"HornCleat"},{"floor":10.0,"key":"Regal Pillow"},{"floor":14.0,"key":"Anchor"},{"floor":25.0,"key":"Happy Flower"},{"floor":26.0,"key":"War Paint"},{"floor":28.0,"key":"Frozen Egg 2"},{"floor":40,"key":"StoneCalendar"}],"event_choices":[{"damage_healed":0.0,"max_hp_gain":0.0,"max_hp_loss":7.0,"gold_gain":0.0,"event_name":"Golden Idol","player_choice":"Lose Max HP","floor":3.0,"gold_loss":0.0,"damage_taken":0.0,"relics_obtained":["Golden Idol"]},{"damage_healed":0.0,"max_hp_gain":5.0,"max_hp_loss":0.0,"gold_gain":0.0,"event_name":"Big Fish","player_choice":"Donut","floor":4.0,"gold_loss":0.0,"damage_taken":0.0},{"damage_healed":0.0,"max_hp_gain":0.0,"max_hp_loss":0.0,"gold_gain":0.0,"event_name":"World of Goop","player_choice":"Left Gold","floor":13.0,"gold_loss":44.0,"damage_taken":0.0},{"damage_healed":0.0,"max_hp_gain":0.0,"max_hp_loss":0.0,"gold_gain":0.0,"event_name":"Back to Basics","player_choice":"Simplicity","floor":19.0,"gold_loss":0.0,"damage_taken":0.0,"cards_upgraded":["Strike_B","Strike_B","Strike_B","Strike_B","Defend_B","Defend_B","Defend_B","Defend_B"]},{"damage_healed":0.0,"max_hp_gain":0.0,"max_hp_loss":0.0,"gold_gain":0.0,"event_name":"Forgotten Altar","player_choice":"Gave Idol","floor":24.0,"relics_lost":["Golden Idol"],"gold_loss":0.0,"damage_taken":0.0,"relics_obtained":["Bloody Idol"]},{"damage_healed":0.0,"max_hp_gain":0.0,"max_hp_loss":0.0,"gold_gain":0.0,"event_name":"Drug Dealer","player_choice":"Inject Mutagens","floor":31.0,"gold_loss":0.0,"damage_taken":0.0,"relics_obtained":["MutagenicStrength"]},{"cards_removed":["Biased Cognition"],"damage_healed":0.0,"max_hp_gain":0.0,"max_hp_loss":0.0,"gold_gain":0.0,"event_name":"Falling","player_choice":"Removed Power","floor":36.0,"gold_loss":0.0,"damage_taken":0.0},{"damage_healed":0,"gold_gain":0,"player_choice":"Memory 1","damage_taken":0,"max_hp_gain":0,"max_hp_loss":0,"event_name":"SensoryStone","floor":39,"gold_loss":0}],"is_beta":false,"boss_relics":[{"not_picked":["SlaversCollar","Calling Bell"],"picked":"Nuclear Battery"},{"not_picked":["Philosopher\u0027s Stone","Black Star"],"picked":"Inserter"}],"items_purged_floors":[21],"is_endless":false,"potions_floor_spawned":[7,10,14,16,18,22,25,37,38],"killed_by":"Giant Head","ascension_level":20}}