{"host":"9kesdg97wkrx2bva","time":1613203609,"event":{"mods":["AchievementEnabler","BaseMod","Colored Map","GifTheSpireLib","Infinite Spire","Minty Spire (QoL Compilation)","Replay The Spire","StSLib"],"gold_per_floor":[113,113,132,6,156,183,203,203,249,249,249,283,296,331,331,429,429,443,462,512,531,547,582,303,339,339,358,358,358,358,381,381,502,502,559,25,48,48,0,0,34,34,58,102,102,102,102,102,102,102],"floor_reached":51,"language":"ENG","playtime":1575,"items_purged":["Strike_G","Strike_G","Strike_G","Strike_G"],"score":1551,"play_id":"6758f5b0-08fb-466e-a6bf-18b0572cd955","local_time":"20210213020649","is_ascension_mode":true,"campfire_choices":[{"data":"Calculated Gamble","floor":10.0,"key":"SMITH"},{"floor":15.0,"key":"REST"},{"data":"ReplayTheSpireMod:Scrap Shanks","floor":15.0,"key":"SMITH"},{"floor":28.0,"key":"REST"},{"data":"Envenom","floor":28.0,"key":"SMITH"},{"floor":32.0,"key":"REST"},{"data":"ReplayTheSpireMod:Scrap Shanks","floor":32.0,"key":"SMITH"},{"data":"1","floor":40.0,"key":"LIFT"},{"data":"2","floor":42.0,"key":"LIFT"},{"data":"3","floor":45.0,"key":"LIFT"},{"floor":49.0,"key":"REST"},{"data":"Prepared","floor":49.0,"key":"SMITH"}],"circlet_count":0,"master_deck":["AscendersBane","Strike_G","Defend_G","Defend_G","Defend_G","Defend_G","Survivor","Neutralize","Backstab","Quick Slash+1","ReplayTheSpireMod:Scrap Shanks+1","Poisoned Stab","Calculated Gamble+1","Replay:Bag of Tricks","Footwork","Envenom+1","ReplayTheSpireMod:Scrap Shanks+1","Deadly Poison+1","Choke","Sadistic Nature","Prepared+1","Tools of the Trade","CurseOfTheBell","Accuracy","infinitespire:Menacing","Madness","Madness","Noxious Fumes"],"relics":["Ring of the Snake","NeowsBlessing","Pet Ghost","Golden Idol","Dream Catcher","Pear","infinitespire:Magic Flask","Snecko Scales","Replay:Mystery Machine","infinitespire:PuzzleCube","Bag of Marbles","MutagenicStrength","infinitespire:EvilPickle","Calling Bell","infinitespire:Satchel","infinitespire:ShieldingShard","Girya","The Specimen","HoveringKite","Pocketwatch","Red Mask","Mango","Snake Skull","Golden Egg"],"acts_visited":["Exordium","TheCity","TheBeyond"],"potions_floor_usage":[50],"damage_taken":[{"damage":0.0,"enemies":"Jaw Worm","floor":1.0,"turns":1.0},{"damage":0.0,"enemies":"Small Slimes","floor":3.0,"turns":1.0},{"damage":0.0,"enemies":"Gremlin Nob","floor":6.0,"turns":1.0},{"damage":0.0,"enemies":"2 Louse","floor":7.0,"turns":3.0},{"damage":17.0,"enemies":"3 Sentries","floor":12.0,"turns":8.0},{"damage":0.0,"enemies":"Exordium Wildlife","floor":13.0,"turns":2.0},{"damage":13.0,"enemies":"Gremlin Nob","floor":14.0,"turns":3.0},{"damage":0.0,"enemies":"Slime Boss","floor":16.0,"turns":8.0},{"damage":0.0,"enemies":"3 Byrds","floor":18.0,"turns":3.0},{"damage":8.0,"enemies":"Chosen","floor":19.0,"turns":3.0},{"damage":19.0,"enemies":"Shelled Parasite and Fungi","floor":21.0,"turns":3.0},{"damage":4.0,"enemies":"Snecko","floor":22.0,"turns":3.0},{"damage":10.0,"enemies":"Replay:Snechameleon","floor":23.0,"turns":3.0},{"damage":14.0,"enemies":"Book of Stabbing","floor":25.0,"turns":3.0},{"damage":0.0,"enemies":"Centurion and Healer","floor":27.0,"turns":2.0},{"damage":0.0,"enemies":"Snake Plant","floor":31.0,"turns":2.0},{"damage":3.0,"enemies":"Pondfish","floor":33.0,"turns":3.0},{"damage":0.0,"enemies":"3 Darklings","floor":35.0,"turns":1.0},{"damage":0.0,"enemies":"Orb Walker","floor":37.0,"turns":1.0},{"damage":0.0,"enemies":"Reptomancer","floor":41.0,"turns":2.0},{"damage":6.0,"enemies":"Giant Head","floor":44.0,"turns":2.0},{"damage":19,"enemies":"Awakened One","floor":50,"turns":5}],"seed_played":"-5855270520449653755","potions_obtained":[{"floor":3.0,"key":"Dexterity Potion"},{"floor":7.0,"key":"FearPotion"},{"floor":14.0,"key":"Explosive Potion"},{"floor":23.0,"key":"PowerPotion"},{"floor":31.0,"key":"Swift Potion"}],"is_trial":false,"path_per_floor":["M","?","M","$","?","E","M","?","T","R","?","E","M","E","R","B",null,"M","M","?","M","M","E","$","E","T","M","R","?","?","M","R","B",null,"M","$","M","AVR","?","R","E","R","T","E","R","?","?","?","R","B",null],"character_chosen":"THE_SILENT","items_purchased":["Poisoned Stab","Sadistic Nature","The Specimen","Accuracy"],"campfire_rested":4,"item_purchase_floors":[4,24,36,36],"current_hp_per_floor":[59,59,59,59,59,59,59,59,59,59,59,52,52,39,60,60,68,68,60,53,34,30,20,20,6,6,6,27,27,27,27,48,45,64,64,64,64,64,64,64,78,78,78,72,72,51,51,36,61,42],"gold":102,"neow_bonus":"THREE_ENEMY_KILL","is_daily":false,"chose_seed":false,"campfire_upgraded":5,"win_rate":0.0,"timestamp":1613203609,"path_taken":["M","?","M","$","?","E","M","?","T","R","?","E","?","E","R","BOSS","M","M","?","?","M","E","$","E","T","?","R","?","?","M","R","BOSS","M","$","M","AVR","?","R","E","R","T","E","R","?","?","?","R","BOSS"],"items_purchased_type":["Card","Card","Relic","Card"],"build_version":"2020-12-22","purchased_purges":4,"victory":true,"max_hp_per_floor":[66,66,66,66,66,66,66,60,60,60,60,70,70,70,70,70,70,70,70,70,70,70,70,70,70,70,70,70,70,70,70,70,70,70,70,70,70,70,70,70,84,84,84,84,84,84,84,84,84,84],"card_choices":[{"not_picked":["Bane","ReplayTheSpireMod:Exploit Weakness"],"picked":"Backstab","floor":1.0},{"not_picked":["Dash","Deflect"],"picked":"ReplayTheSpireMod:Scrap Shanks","floor":3.0},{"not_picked":["Blade Dance","Hidden Blade"],"picked":"Calculated Gamble","floor":6.0},{"not_picked":["Flying Knee","Deflect"],"picked":"Prepared","floor":7.0},{"not_picked":["Riddle With Holes","Expertise","Toxin Wave"],"picked":"SKIP","floor":12.0},{"not_picked":["Flying Knee","Draining Mist","Quick Slash"],"picked":"SKIP","floor":13.0},{"not_picked":["Quick Slash","Acrobatics"],"picked":"Replay:Bag of Tricks","floor":14.0},{"not_picked":["Hidden Blade","Cloak And Dagger"],"picked":"Footwork","floor":15.0},{"not_picked":["Corpse Explosion","Venomology"],"picked":"Envenom","floor":16.0},{"not_picked":["Dagger Spray","Distraction"],"picked":"ReplayTheSpireMod:Scrap Shanks","floor":18.0},{"not_picked":["PiercingWail","Crippling Poison"],"picked":"Deadly Poison+1","floor":19.0},{"not_picked":["Hidden Blade","Quick Slash","Draining Mist"],"picked":"SKIP","floor":21.0},{"not_picked":["Cloak And Dagger","Slice+1","Sucker Punch"],"picked":"SKIP","floor":22.0},{"not_picked":["Choke","Crippling Poison","ReplayTheSpireMod:Scrap Shanks"],"picked":"SKIP","floor":23.0},{"not_picked":["Crippling Poison","ReplayTheSpireMod:Scrap Shanks"],"picked":"Choke","floor":23.0},{"not_picked":["Blur","ReplayTheSpireMod:Scrap Shanks","Dagger Throw"],"picked":"SKIP","floor":25.0},{"not_picked":["Bouncing Flask","Heel Hook+1"],"picked":"Prepared","floor":27.0},{"not_picked":["Bane","Hidden Blade"],"picked":"Tools of the Trade","floor":28.0},{"not_picked":["Infinite Blades","Reflex","All Out Attack"],"picked":"SKIP","floor":31.0},{"not_picked":["Hidden Blade+1","Quick Slash","Flying Knee"],"picked":"SKIP","floor":35.0},{"not_picked":["Slice","Dagger Throw","Underhanded Strike"],"picked":"SKIP","floor":37.0},{"not_picked":["Sucker Punch","ReplayTheSpireMod:Exploit Weakness","Blade Dance"],"picked":"SKIP","floor":41.0},{"not_picked":["Prepared","Deflect","Poisoned Stab"],"picked":"SKIP","floor":44.0},{"not_picked":["Prepared","Deflect","Poisoned Stab"],"picked":"SKIP","floor":44.0},{"not_picked":["ReplayTheSpireMod:Echoes of Time","ReplayTheSpireMod:Haul"],"picked":"infinitespire:Menacing","floor":46.0},{"not_picked":["Underhanded Strike","Deflect"],"picked":"Noxious Fumes","floor":49.0}],"player_experience":1033202,"relics_obtained":[{"floor":6.0,"key":"Pet Ghost"},{"floor":9.0,"key":"Dream Catcher"},{"floor":12.0,"key":"Pear"},{"floor":14.0,"key":"infinitespire:Magic Flask"},{"floor":23.0,"key":"Replay:Mystery Machine"},{"floor":25.0,"key":"infinitespire:PuzzleCube"},{"floor":26.0,"key":"Bag of Marbles"},{"floor":34.0,"key":"infinitespire:Satchel"},{"floor":34.0,"key":"infinitespire:ShieldingShard"},{"floor":34.0,"key":"Girya"},{"floor":41.0,"key":"Mango"},{"floor":43.0,"key":"Snake Skull"},{"floor":44.0,"key":"Golden Egg"}],"event_choices":[{"damage_healed":0.0,"max_hp_gain":0.0,"max_hp_loss":0.0,"gold_gain":150.0,"event_name":"Liars Game","player_choice":"AGREE","floor":5.0,"gold_loss":0.0,"damage_taken":0.0,"cards_obtained":["Doubt"]},{"damage_healed":0.0,"max_hp_gain":0.0,"max_hp_loss":6.0,"gold_gain":0.0,"event_name":"Golden Idol","player_choice":"Lose Max HP","floor":8.0,"gold_loss":0.0,"damage_taken":0.0,"relics_obtained":["Golden Idol"]},{"cards_removed":["Doubt"],"damage_healed":0.0,"max_hp_gain":0.0,"max_hp_loss":0.0,"gold_gain":0.0,"event_name":"Living Wall","player_choice":"Forget","floor":11.0,"gold_loss":0.0,"damage_taken":0.0},{"damage_healed":0.0,"max_hp_gain":0.0,"max_hp_loss":0.0,"gold_gain":50.0,"event_name":"FaceTrader","player_choice":"Touch","floor":20.0,"gold_loss":0.0,"damage_taken":7.0},{"damage_healed":0.0,"max_hp_gain":0.0,"max_hp_loss":0.0,"gold_gain":0.0,"event_name":"Drug Dealer","player_choice":"Inject Mutagens","floor":29.0,"gold_loss":0.0,"damage_taken":0.0,"relics_obtained":["MutagenicStrength"]},{"damage_healed":0.0,"max_hp_gain":0.0,"max_hp_loss":0.0,"gold_gain":0.0,"event_name":"Tomb of Lord Red Mask","player_choice":"Paid","floor":39.0,"gold_loss":48.0,"damage_taken":0.0,"relics_obtained":["Red Mask"]},{"cards_removed":["Prepared"],"damage_healed":0.0,"max_hp_gain":0.0,"max_hp_loss":0.0,"gold_gain":0.0,"event_name":"Falling","player_choice":"Removed Skill","floor":47.0,"gold_loss":0.0,"damage_taken":0.0},{"damage_healed":0.0,"max_hp_gain":0.0,"max_hp_loss":0.0,"gold_gain":0.0,"event_name":"Winding Halls","player_choice":"Embrace Madness","floor":48.0,"gold_loss":0.0,"damage_taken":15.0,"cards_obtained":["Madness","Madness"]}],"is_beta":false,"boss_relics":[{"not_picked":["SlaversCollar","ReplayTheSpireMod:DimensionalGlitch"],"picked":"Snecko Scales"},{"not_picked":["Runic Pyramid","Snecko Eye"],"picked":"Calling Bell"}],"items_purged_floors":[4,24,36,38],"is_endless":false,"potions_floor_spawned":[3,7,12,14,18,19,22,23,31,37],"ascension_level":16}}