{"host":"w8xisjf5mgmfjvmt","time":1613208033,"event":{"mods":["ATMod(°¢èªMod)","BaseMod","BetterRewards","Challenge The Spire","Conspire","Energized Spire","Filter the Spire","Minty Spire (QoL Compilation)","Quarter Circle Forward PUNCH!","Quick Restart","Relic Filter Mod","Relic Stats","Reliquary","Replay The Spire","Say the Spire","Shop Mod","Spicy Shops","StSLib","Thieving Mod","¡¾ÒÅÎï¿¨ÅÆ¡¿REMEMod","óô»ðÖ¸ÄÏ"],"gold_per_floor":[117,132,82,232,157,184,184,194,194],"floor_reached":8,"language":"ZHS","playtime":207,"items_purged":[],"score":108,"play_id":"48e01d96-94ad-4a39-bb5f-aa3f0cb2eaaa","local_time":"20210213172033","is_ascension_mode":true,"campfire_choices":[{"data":"BasicCrystalCard","floor":7,"key":"SMITH"}],"circlet_count":0,"master_deck":["AscendersBane","Strike_B","Strike_B","Strike_B","Strike_B","Defend_B","Defend_B","Defend_B","Defend_B","Zap","Dualcast","Doubt","Biased Cognition","AT_FamilyPortrait","Cold Snap","BasicCrystalCard+1","Coolheaded","Sunder","conspire:SpireCoStock","REME_SelfUpgrade"],"relics":["Cracked Core","REME_ComplimentaryCards","AT_ATBox","Prayer Wheel","qcfpunch:Red_Gi"],"acts_visited":["Exordium"],"potions_floor_usage":[],"damage_taken":[{"damage":1,"enemies":"Cultist","floor":1,"turns":3},{"damage":0,"enemies":"Small Slimes","floor":2,"turns":1},{"damage":38,"enemies":"Gremlin Nob","floor":6,"turns":4},{"damage":19,"enemies":"3 Sentries","floor":8,"turns":5}],"seed_played":"-7970761306636529881","potions_obtained":[],"is_trial":false,"path_per_floor":["M","M","?","?","?","E","R","E"],"character_chosen":"DEFECT","items_purchased":[],"campfire_rested":0,"item_purchase_floors":[],"current_hp_per_floor":[63,63,63,63,63,25,25,6,6],"gold":194,"neow_bonus":"THREE_RARE_CARDS","is_daily":false,"chose_seed":false,"campfire_upgraded":1,"win_rate":0.0,"timestamp":1613208033,"path_taken":["M","M","?","?","?","E","R","E"],"items_purchased_type":[],"build_version":"2020-12-22","purchased_purges":0,"victory":false,"max_hp_per_floor":[71,71,71,71,71,71,71,71,71],"relic_stats":{"counters":[4,13],"Prayer Wheel":2,"obtain_stats":[{"AT_ATBox":0,"qcfpunch:Red_Gi":6,"Prayer Wheel":1,"Cracked Core":0,"REME_ComplimentaryCards":0},{"AT_ATBox":0,"qcfpunch:Red_Gi":3,"Prayer Wheel":1,"Cracked Core":0,"REME_ComplimentaryCards":0},{"AT_ATBox":0,"qcfpunch:Red_Gi":8,"Prayer Wheel":1,"Cracked Core":0,"REME_ComplimentaryCards":0}]},"card_choices":[{"not_picked":["Amplify","ReplayTheSpireMod:Fabricate Wheel"],"picked":"Biased Cognition","floor":0},{"not_picked":["Barrage","AT_HeatAcrobatics"],"picked":"Cold Snap","floor":1},{"not_picked":["Conserve Battery","Compile Driver"],"picked":"BasicCrystalCard","floor":1},{"not_picked":["Scrape","AT_HeatAcrobatics"],"picked":"Coolheaded","floor":2},{"not_picked":["Gash","Conserve Battery"],"picked":"Sunder","floor":2},{"not_picked":["ReplayTheSpireMod:GoodbyeWorld","Scrape"],"picked":"REME_SelfUpgrade","floor":6}],"player_experience":1355420,"relics_obtained":[{"floor":6,"key":"qcfpunch:Red_Gi"}],"event_choices":[{"damage_healed":0,"gold_gain":0,"player_choice":"Invest 1","damage_taken":0,"max_hp_gain":0,"max_hp_loss":0,"event_name":"conspire:Investor","floor":3,"gold_loss":0},{"damage_healed":0,"gold_gain":150,"player_choice":"AGREE","damage_taken":0,"max_hp_gain":0,"max_hp_loss":0,"event_name":"Liars Game","floor":4,"gold_loss":0,"cards_obtained":["Doubt"]},{"cards_removed":["Doubt"],"damage_healed":0,"gold_gain":0,"player_choice":"Card Removal","damage_taken":0,"max_hp_gain":0,"max_hp_loss":0,"event_name":"The Cleric","floor":5,"gold_loss":75}],"is_beta":false,"boss_relics":[],"items_purged_floors":[],"is_endless":false,"potions_floor_spawned":[],"killed_by":"3 Sentries","ascension_level":20}}