{"host":"gf8hyl7jhl0is674","time":1613177365,"event":{"mods":["2.2 Compatiblity","Act Like it!","Aspiration","BaseMod","CapriCore","Chen","Colored Map","Gensokyo","Hallownest","Jorbs\u0027s Wanderer Trilogy","KinomotoSakuraMod(????)","Koishi","Marisa????????","Minty Spire (QoL Compilation)","Onozuka Komachi Mod","Permanent Neow","Reimu??????","StSLib","The Administrix","The Blue Laboratory","The Immortal","The Jungle","The Servant 0.9.4","Waifu the Spire","Yakumo Yukari mod"],"gold_per_floor":[111,125,12,12,92,92,126,140,212,212,312,312,312,330,330,330,330],"floor_reached":16,"language":"ENG","playtime":888,"items_purged":["Strike_S"],"score":148,"play_id":"e0fa9c0f-9c98-45e2-9982-ee1fa09c6b57","local_time":"20210212174925","is_ascension_mode":false,"campfire_choices":[{"data":"Exchange","floor":6,"key":"SMITH"},{"data":"TheWorld","floor":10,"key":"SMITH"},{"data":"Defend_S","floor":12,"key":"SMITH"},{"data":"Starlight","floor":15,"key":"SMITH"}],"circlet_count":0,"master_deck":["Strike_S","Strike_S","Strike_S","Defend_S+1","Defend_S","Defend_S","Defend_S","KidneyShot","Exchange+1","TimeWarp","Starlight+1","SurpressingFire+1","Gouge","TheWorld+1","Rearm"],"relics":["Uniform","MealTicket","Blue Candle"],"acts_visited":["Gensokyo:Gensokyo"],"potions_floor_usage":[],"damage_taken":[{"damage":7,"enemies":"Gensokyo:Python","floor":1,"turns":4},{"damage":0,"enemies":"Gensokyo:3_Fairies","floor":2,"turns":5},{"damage":25,"enemies":"Gensokyo:Aya","floor":7,"turns":9},{"damage":3,"enemies":"Gensokyo:Gryphon","floor":8,"turns":4},{"damage":4,"enemies":"Gensokyo:VengefulSpirit","floor":14,"turns":4},{"damage":44,"enemies":"Gensokyo:Reimu","floor":16,"turns":8}],"seed_played":"-4821008746510518066","potions_obtained":[{"floor":7,"key":"LiquidBronze"}],"is_trial":true,"path_per_floor":["M","M","$","?","?","R","E","M","T","R","?","R","?","M","R","B"],"character_chosen":"THE_SERVANT","items_purchased":["SurpressingFire"],"campfire_rested":0,"item_purchase_floors":[3],"current_hp_per_floor":[58,58,58,58,58,58,33,30,30,30,30,30,36,32,32,0,0],"gold":330,"neow_bonus":"","is_daily":false,"chose_seed":false,"campfire_upgraded":4,"win_rate":0.0,"timestamp":1613177365,"path_taken":["M","M","$","?","?","R","E","M","T","R","?","R","?","M","R","BOSS"],"items_purchased_type":["Card"],"build_version":"2020-12-22","purchased_purges":1,"victory":false,"max_hp_per_floor":[65,65,65,65,65,65,65,65,65,65,65,65,71,71,71,71,71],"card_choices":[{"not_picked":["Spin","Rewind"],"picked":"TimeWarp","floor":1},{"not_picked":["SpecialFormula","Unruled"],"picked":"Starlight","floor":2},{"not_picked":["TimeWarp","DoubleEdge"],"picked":"Gouge","floor":7},{"not_picked":["Misdirection","Spin"],"picked":"TheWorld","floor":8},{"not_picked":["Revamp","Spin"],"picked":"Rearm","floor":14}],"player_experience":437931,"relics_obtained":[{"floor":7,"key":"MealTicket"},{"floor":9,"key":"Blue Candle"}],"event_choices":[],"is_beta":false,"boss_relics":[],"items_purged_floors":[3],"is_endless":true,"potions_floor_spawned":[7],"killed_by":"Gensokyo:Reimu","ascension_level":0}}