{"host":"z8k0b1oqxoiri7b9","time":1613201797,"event":{"mods":["AchievementEnabler","BaseMod","Downfall","Minty Spire (QoL Compilation)","StSLib"],"gold_per_floor":[99,109,128,128,128,40,40,58,78,78,78,91,191,209,225,321,321,321,332,332,432,445,315,366,396,396,412,412,612,631,662,675,675,675,675],"floor_reached":33,"language":"ENG","playtime":5045,"items_purged":["Guardian:Strike_Guardian"],"score":397,"play_id":"ee80e1bb-5d7b-4dd9-bf6c-fd55c47cccb5","local_time":"20210213153637","is_ascension_mode":true,"campfire_choices":[{"data":"Guardian:TwinSlam","floor":1.0,"key":"SMITH"},{"data":"Guardian:ChargeUp","floor":10.0,"key":"SMITH"},{"data":"Guardian:PrismaticBarrier","floor":18.0,"key":"SMITH"},{"data":"Guardian:HyperBeam_Guardian","floor":26.0,"key":"SMITH"},{"data":"Guardian:GuardianWhirl","floor":29.0,"key":"SMITH"}],"circlet_count":0,"master_deck":["Guardian:Defend_Guardian","Guardian:Defend_Guardian","Guardian:Defend_Guardian","Guardian:Defend_Guardian","Guardian:CurlUp","Guardian:TwinSlam+1","Guardian:ChargeUp+1","Guardian:Clone+1","Guardian:HyperBeam_Guardian+1","Guardian:PrismaticBarrier+1","Guardian:ConstructionForm","Guardian:GuardianWhirl+1","Guardian:Gem_Synthetic"],"relics":["Guardian:ModeShifter","Pen Nib","SacredBark","downfall:GremlinWheel","Bag of Marbles","Ancient Tea Set","CaptainsWheel"],"acts_visited":["Exordium","TheCity"],"potions_floor_usage":[31],"damage_taken":[{"damage":12.0,"enemies":"Small Slimes","floor":2.0,"turns":4.0},{"damage":1.0,"enemies":"Jaw Worm","floor":3.0,"turns":3.0},{"damage":0.0,"enemies":"downfall:FleeingMerchant","floor":6.0,"turns":4.0},{"damage":1.0,"enemies":"2 Louse","floor":8.0,"turns":3.0},{"damage":8.0,"enemies":"Red Slaver","floor":9.0,"turns":4.0},{"damage":2.0,"enemies":"2 Fungi Beasts","floor":12.0,"turns":3.0},{"damage":12.0,"enemies":"downfall:Heads","floor":13.0,"turns":7.0},{"damage":0.0,"enemies":"3 Louse","floor":14.0,"turns":1.0},{"damage":3.0,"enemies":"Exordium Thugs","floor":15.0,"turns":3.0},{"damage":43.0,"enemies":"DF_ARCHETYPE_STREAMLINE","floor":16.0,"turns":11.0},{"damage":9.0,"enemies":"3 Byrds","floor":19.0,"turns":3.0},{"damage":0.0,"enemies":"3 Byrds","floor":21.0,"turns":4.0},{"damage":11.0,"enemies":"Shelled Parasite and Fungi","floor":22.0,"turns":5.0},{"damage":0.0,"enemies":"downfall:FleeingMerchant","floor":23.0,"turns":4.0},{"damage":0.0,"enemies":"Gremlin Leader","floor":25.0,"turns":7.0},{"damage":10.0,"enemies":"Centurion and Healer","floor":27.0,"turns":3.0},{"damage":20.0,"enemies":"Sentry and Sphere","floor":30.0,"turns":7.0},{"damage":0,"enemies":"Slavers","floor":31,"turns":2},{"damage":0,"enemies":"3 Cultists","floor":32,"turns":2},{"damage":28,"enemies":"WA_ARCHETYPE_CALM","floor":33,"turns":8}],"seed_played":"7699532287462030968","potions_obtained":[{"floor":2.0,"key":"Guardian:BlockOnCardUsePotion"},{"floor":9.0,"key":"SteroidPotion"},{"floor":14.0,"key":"SmokeBomb"},{"floor":16.0,"key":"Guardian:DefensiveModePotion"},{"floor":30.0,"key":"PowerPotion"},{"floor":31,"key":"GamblersBrew"}],"is_trial":false,"path_per_floor":["R","M","M","?","?","$","T","M","M","R","?","M","?","M","M","B",null,"R","M","?","?","M","$","T","E","R","M","?","R","M","E","M","B"],"character_chosen":"GUARDIAN","items_purchased":["Guardian:Gem_Fragmented","Guardian:GuardianWhirl"],"campfire_rested":0,"item_purchase_floors":[6,23],"current_hp_per_floor":[88,76,75,75,75,75,75,74,66,66,71,69,57,57,54,11,93,93,84,66,66,55,55,55,55,55,45,45,45,25,25,25,0,0,0],"gold":675,"neow_bonus":"TEN_PERCENT_HP_BONUS","is_daily":false,"chose_seed":false,"campfire_upgraded":5,"win_rate":0.0,"timestamp":1613201797,"path_taken":["R","M","M","?","?","$","T","M","M","R","?","M","?","M","M","BOSS","R","M","?","?","?","?","T","E","R","M","?","R","M","E","M","BOSS"],"items_purchased_type":["Card","Card"],"build_version":"2020-12-22","purchased_purges":1,"victory":false,"max_hp_per_floor":[88,88,88,88,88,88,88,88,88,88,93,93,93,93,93,93,93,93,93,98,98,98,98,98,98,98,98,98,98,98,98,98,98,98,98],"card_choices":[{"not_picked":["Guardian:Reroute","Guardian:CrystalBeam"],"picked":"Guardian:ChargeUp","floor":2.0},{"not_picked":["Guardian:TemporalStrike","Guardian:ChargeCore","Guardian:Emergency"],"picked":"SKIP","floor":3.0},{"not_picked":["Guardian:RefractedBeam","Guardian:Suspension"],"picked":"Guardian:Gem_Purple","floor":6.0},{"not_picked":["Guardian:ChargeCore","Guardian:Harden"],"picked":"Guardian:Gem_White","floor":8.0},{"not_picked":["Guardian:TimeBomb","Guardian:ShieldCharger"],"picked":"Guardian:Gem_Fragmented","floor":9.0},{"not_picked":["Guardian:WalkerClaw","Guardian:Gem_Blue"],"picked":"Guardian:Clone","floor":12.0},{"not_picked":["Guardian:PrimingBeam","Guardian:ChargeCore"],"picked":"Guardian:PrismaticBarrier","floor":13.0},{"not_picked":["Guardian:Planning","Guardian:ShieldCharger"],"picked":"Guardian:Gem_White","floor":14.0},{"not_picked":["Guardian:Harden","Guardian:Planning"],"picked":"Guardian:Gem_Yellow","floor":15.0},{"not_picked":["Guardian:FierceBash","Guardian:FastForward"],"picked":"Guardian:ConstructionForm","floor":16.0},{"not_picked":["Guardian:Suspension","Guardian:ShieldSpikes","Guardian:MultiBeam"],"picked":"SKIP","floor":19.0},{"not_picked":["Guardian:VentSteam+1","Guardian:PrismaticBeam","Guardian:PiercingHide"],"picked":"SKIP","floor":22.0},{"not_picked":["Guardian:CrystalBeam+1","Guardian:Gem_Green","Guardian:ShieldCharger+1"],"picked":"SKIP","floor":23.0},{"not_picked":["Guardian:FloatingOrbs","Guardian:Incinerate","Guardian:ShieldSpikes"],"picked":"SKIP","floor":25.0},{"not_picked":["Guardian:FloatingOrbs+1","Guardian:Clone+1","Guardian:Planning"],"picked":"SKIP","floor":27.0},{"not_picked":["Guardian:FloatingOrbs+1","Guardian:PiercingHide+1","Guardian:VentSteam"],"picked":"SKIP","floor":30.0},{"not_picked":["Guardian:Gem_Yellow","Guardian:PrismaticBeam"],"picked":"Guardian:Gem_Synthetic","floor":31},{"not_picked":["Guardian:PrimingBeam+1","Guardian:SpikerProtocol","Guardian:Gem_Cyan"],"picked":"SKIP","floor":32}],"player_experience":205740,"relics_obtained":[{"floor":7.0,"key":"Pen Nib"},{"floor":21.0,"key":"downfall:GremlinWheel"},{"floor":24.0,"key":"Bag of Marbles"},{"floor":25.0,"key":"Ancient Tea Set"},{"floor":31,"key":"CaptainsWheel"}],"event_choices":[{"cards_removed":["Guardian:Strike_Guardian"],"damage_healed":0.0,"max_hp_gain":0.0,"max_hp_loss":0.0,"gold_gain":0.0,"event_name":"The Cleric","player_choice":"Card Removal","floor":5.0,"gold_loss":0.0,"damage_taken":0.0},{"damage_healed":0.0,"max_hp_gain":5.0,"max_hp_loss":0.0,"gold_gain":0.0,"event_name":"Big Fish","player_choice":"Donut","floor":11.0,"gold_loss":0.0,"damage_taken":0.0},{"damage_healed":0.0,"max_hp_gain":0.0,"max_hp_loss":0.0,"gold_gain":200.0,"event_name":"Wheel of Change","player_choice":"Gold","floor":29.0,"gold_loss":0.0,"damage_taken":0.0}],"is_beta":false,"boss_relics":[{"not_picked":["bronze:MakeshiftBattery","Pandora\u0027s Box"],"picked":"SacredBark"}],"items_purged_floors":[23],"is_endless":false,"potions_floor_spawned":[2,9,13,14,16,19,22,30,31],"killed_by":"WA_ARCHETYPE_CALM","ascension_level":1}}