{"host":"a5lz0e76zb3fcwkm","time":1613204937,"event":{"mods":["AchievementEnabler","BaseMod","Colored Map","Colored Powertips","Minty Spire (QoL Compilation)","StSLib","SuperFastMode"],"gold_per_floor":[109,109,259,284,284,315,315,390,438,139,139,155,173,189,189,285,285,305,319,319,319,319,319],"floor_reached":22,"language":"KOR","playtime":390,"items_purged":["Doubt"],"score":418,"play_id":"8df82a28-0cd2-432b-8ef8-9f3038be0577","local_time":"20210213172857","is_ascension_mode":true,"campfire_choices":[{"data":"Zap","floor":7.0,"key":"SMITH"},{"floor":11,"key":"REST"},{"data":"Double Energy","floor":15,"key":"SMITH"}],"circlet_count":0,"master_deck":["AscendersBane","Strike_B","Strike_B","Strike_B","Defend_B+1","Defend_B","Defend_B","Defend_B+1","Zap+1","Dualcast","FTL","FTL","Cold Snap","Double Energy+1","Chill","Heatsinks","Creative AI","Recycle","Recycle","Darkness"],"relics":["Cracked Core","NeowsBlessing","Golden Idol","War Paint","Dead Branch","Happy Flower","Omamori","SacredBark"],"acts_visited":["Exordium","TheCity"],"potions_floor_usage":[14,16,18,22],"damage_taken":[{"damage":0.0,"enemies":"Small Slimes","floor":1.0,"turns":1.0},{"damage":0.0,"enemies":"2 Louse","floor":4.0,"turns":1.0},{"damage":0.0,"enemies":"3 Sentries","floor":6.0,"turns":2.0},{"damage":0,"enemies":"Jaw Worm","floor":12,"turns":2},{"damage":0,"enemies":"2 Fungi Beasts","floor":13,"turns":2},{"damage":2,"enemies":"Looter","floor":14,"turns":2},{"damage":16,"enemies":"Slime Boss","floor":16,"turns":7},{"damage":11,"enemies":"Shell Parasite","floor":18,"turns":4},{"damage":17,"enemies":"2 Thieves","floor":19,"turns":3},{"damage":32,"enemies":"Snecko","floor":22,"turns":5}],"seed_played":"6141559213914519977","potions_obtained":[{"floor":1.0,"key":"EssenceOfSteel"},{"floor":4.0,"key":"ColorlessPotion"},{"floor":14,"key":"EssenceOfDarkness"},{"floor":19,"key":"GamblersBrew"}],"is_trial":false,"path_per_floor":["M","?","?","M","?","E","R","?","T","$","R","M","M","M","R","B",null,"M","M","?","?","M"],"character_chosen":"DEFECT","items_purchased":["Omamori","Cold Snap"],"campfire_rested":1,"item_purchase_floors":[10,10],"current_hp_per_floor":[64,40,40,40,29,29,29,18,18,18,39,39,39,37,37,21,59,48,31,31,31,0,0],"gold":319,"neow_bonus":"THREE_ENEMY_KILL","is_daily":false,"chose_seed":false,"campfire_upgraded":2,"win_rate":0.0,"timestamp":1613204937,"path_taken":["M","?","?","?","?","E","R","?","T","$","R","M","M","M","R","BOSS","M","M","?","?","?"],"items_purchased_type":["Relic","Card"],"build_version":"2020-12-22","purchased_purges":1,"victory":false,"max_hp_per_floor":[71,71,71,71,71,71,71,71,71,71,71,71,71,71,71,71,71,71,71,71,71,71,71],"card_choices":[{"not_picked":["Streamline","Lockon"],"picked":"FTL","floor":1.0},{"not_picked":["Redo","Streamline","Double Energy"],"picked":"SKIP","floor":4.0},{"not_picked":["Heatsinks","Streamline"],"picked":"FTL","floor":6.0},{"not_picked":["Melter","Cold Snap"],"picked":"Double Energy","floor":12},{"not_picked":["Stack","Compile Driver"],"picked":"Chill","floor":13},{"not_picked":["Conserve Battery","Force Field"],"picked":"Heatsinks","floor":14},{"not_picked":["All For One","Thunder Strike"],"picked":"Creative AI","floor":16},{"not_picked":["Leap","Barrage","Gash"],"picked":"SKIP","floor":18},{"not_picked":["Conserve Battery+1","Genetic Algorithm"],"picked":"Recycle","floor":19}],"player_experience":1878557,"relics_obtained":[{"floor":6.0,"key":"Dead Branch"},{"floor":9.0,"key":"Happy Flower"}],"event_choices":[{"damage_healed":0.0,"max_hp_gain":0.0,"max_hp_loss":0.0,"gold_gain":0.0,"event_name":"Golden Idol","player_choice":"Take Damage","floor":2.0,"gold_loss":0.0,"damage_taken":24.0,"relics_obtained":["Golden Idol"]},{"damage_healed":0.0,"max_hp_gain":0.0,"max_hp_loss":0.0,"gold_gain":150.0,"event_name":"Liars Game","player_choice":"AGREE","floor":3.0,"gold_loss":0.0,"damage_taken":0.0,"cards_obtained":["Doubt"]},{"damage_healed":0.0,"max_hp_gain":0.0,"max_hp_loss":0.0,"gold_gain":0.0,"event_name":"Scrap Ooze","player_choice":"Success","floor":5.0,"gold_loss":0.0,"damage_taken":11.0,"relics_obtained":["War Paint"]},{"damage_healed":0.0,"max_hp_gain":0.0,"max_hp_loss":0.0,"gold_gain":75.0,"event_name":"World of Goop","player_choice":"Gather Gold","floor":8.0,"gold_loss":0.0,"damage_taken":11.0},{"damage_healed":0,"gold_gain":0,"player_choice":"Read","damage_taken":0,"max_hp_gain":0,"max_hp_loss":0,"event_name":"The Library","floor":20,"gold_loss":0,"cards_obtained":["Recycle"]},{"damage_healed":0,"gold_gain":0,"cards_transformed":["Strike_B"],"player_choice":"Transformed","damage_taken":0,"max_hp_gain":0,"max_hp_loss":0,"event_name":"Transmorgrifier","floor":21,"gold_loss":0,"cards_obtained":["Darkness"]}],"is_beta":false,"boss_relics":[{"not_picked":["Tiny House","FrozenCore"],"picked":"SacredBark"}],"items_purged_floors":[10],"is_endless":false,"potions_floor_spawned":[1,4,14,19],"killed_by":"Snecko","ascension_level":20}}