{"host":"aduepa6pof7ckcrz","time":1613192661,"event":{"mods":["Act Like it!","Arknights","Aspiration","BaseMod","CapriCore","Colored Map","Colored Powertips","Downfall","Hallownest","Hermit","Hubris","Minty Spire (QoL Compilation)","Quick Restart","Replay The Spire","Robot Space Explorer","Shop Mod","StSLib","The Bug Knight","The Marked"],"gold_per_floor":[119,119,10,27,27,27,62,62,108,127,144,144,162,188,188,283,283,294,307,217,233,249,284,301,331,357,369,19,31,44,74,74,175,175,192,192,192,28,28,28,42,88,133,133,153,35,45,64,64,64],"floor_reached":51,"language":"FRA","playtime":2648,"items_purged":["Pain","HollowMod:QuickDashStart"],"score":621,"play_id":"f811968f-f339-40ff-8396-b5221dd665e9","local_time":"20210213060421","is_ascension_mode":false,"campfire_choices":[{"data":"HollowMod:CloakDash","floor":6,"key":"SMITH"},{"data":"HollowMod:HuntersJournal","floor":12,"key":"SMITH"},{"data":"HollowMod:LifebloodCocoon","floor":15,"key":"SMITH"},{"data":"HollowMod:RecoilStrike","floor":32,"key":"SMITH"},{"data":"Metamorphosis","floor":40,"key":"SMITH"},{"data":"HollowMod:MantisMark","floor":44,"key":"SMITH"},{"floor":49,"key":"REST"}],"circlet_count":0,"master_deck":["HollowMod:NailStrikeStart","HollowMod:NailStrikeStart","HollowMod:NailStrikeStart","HollowMod:QuickDashStart","HollowMod:QuickDashStart+1","HollowMod:QuickDashStart","HollowMod:FocusHealStart","HollowMod:PogoStrike","HollowMod:CloakDash","HollowMod:CycloneSlash+1","HollowMod:CloakDash+1","HollowMod:MantisMark+1","HollowMod:DashSlash","HollowMod:HuntersJournal+1","HollowMod:FallenFury","HollowMod:LifebloodCocoon+1","HollowMod:LifebloodCore","HollowMod:ChannelNail+1","HollowMod:NewJinnsSoul","HollowMod:HowlingWraiths","HollowMod:MantisMark+1","HollowMod:MonarchWings","HollowMod:RecoilStrike+1","HollowMod:SoulSplash","HollowMod:Weaversong+1","HollowMod:FastStrike+1","Metamorphosis+1","HollowMod:HuntersJournal","HollowMod:FallenFury+1","HollowMod:DoubleDash+1"],"relics":["HollowMod:VesselMask","NeowsBlessing","WarpedTongs","aspiration:StickyExplosives_weak","Bronze Scales","Boot","Ring of Chaos","Ornamental Fan","Gremlin Food","Juzu Bracelet","aspiration:Lifesprig","Tiny Chest","SlaversCollar","ReplayTheSpireMod:TigerMarble","Replay:Wax Seal"],"acts_visited":["Exordium","TheCity","TheBeyond"],"potions_floor_usage":[14,16,18,21,21,25,27,31,33,33,33,45,50,50,50],"damage_taken":[{"damage":0,"enemies":"Small Slimes","floor":1,"turns":1},{"damage":0,"enemies":"Jaw Worm","floor":4,"turns":1},{"damage":0,"enemies":"3 Sentries","floor":7,"turns":1},{"damage":0,"enemies":"2 Louse","floor":10,"turns":1},{"damage":0,"enemies":"Exordium Thugs","floor":11,"turns":3},{"damage":2,"enemies":"Blue Slaver","floor":13,"turns":3},{"damage":1,"enemies":"HollowMod:MossKnight","floor":14,"turns":4},{"damage":29,"enemies":"Hexaghost","floor":16,"turns":7},{"damage":10,"enemies":"Shell Parasite","floor":18,"turns":4},{"damage":0,"enemies":"Spheric Guardian","floor":19,"turns":3},{"damage":4,"enemies":"Snake Plant","floor":21,"turns":4},{"damage":12,"enemies":"Chosen and Byrds","floor":22,"turns":7},{"damage":15,"enemies":"Slavers","floor":23,"turns":5},{"damage":0,"enemies":"3 Cultists","floor":24,"turns":5},{"damage":4,"enemies":"Replay:Snechameleon","floor":25,"turns":5},{"damage":0,"enemies":"Centurion and Healer","floor":27,"turns":3},{"damage":0,"enemies":"Snake Plant","floor":29,"turns":4},{"damage":1,"enemies":"Cultist and Chosen","floor":30,"turns":6},{"damage":0,"enemies":"Book of Stabbing","floor":31,"turns":4},{"damage":28,"enemies":"Collector","floor":33,"turns":8},{"damage":8,"enemies":"3 Shapes","floor":35,"turns":4},{"damage":0,"enemies":"Orb Walker","floor":41,"turns":4},{"damage":17,"enemies":"Transient","floor":45,"turns":5},{"damage":29,"enemies":"3 Darklings","floor":47,"turns":4},{"damage":17,"enemies":"Maw","floor":48,"turns":5},{"damage":0,"enemies":"Replay:Hell Engine","floor":50,"turns":11}],"seed_played":"-8311217561141529065","potions_obtained":[{"floor":10,"key":"Elixir"},{"floor":13,"key":"Slimebound:ThreeZeroPotion"},{"floor":14,"key":"hexamod:SoulburnPotion"},{"floor":16,"key":"ColorlessPotion"},{"floor":19,"key":"bronze:BurnAndBuffPotion"},{"floor":22,"key":"FearPotion"},{"floor":25,"key":"Adrenaline Potion"},{"floor":30,"key":"Energy Potion"},{"floor":31,"key":"EntropicBrew"},{"floor":47,"key":"Toxic Potion"}],"is_trial":false,"path_per_floor":["M","?","$","M","$","R","E","?","T","M","M","R","M","E","R","B",null,"M","M","?","M","M","E","M","E","T","M","$","M","M","E","R","B",null,"M","?","?","$","?","R","M","T","T","R","M","$","M","M","R","B",null],"character_chosen":"THE_BUGKNIGHT","items_purchased":["HollowMod:CycloneSlash+1","HollowMod:SoulSplash","aspiration:Lifesprig","SkillPotion","Metamorphosis","HollowMod:HuntersJournal","Fire Potion"],"campfire_rested":1,"item_purchase_floors":[3,28,28,28,38,46,46],"current_hp_per_floor":[75,75,75,75,75,75,75,75,75,75,75,75,75,74,74,45,75,71,71,71,73,67,52,58,60,60,60,60,60,59,59,59,31,75,67,67,67,67,67,67,67,67,67,67,54,54,25,14,35,45],"gold":64,"neow_bonus":"THREE_ENEMY_KILL","is_daily":false,"chose_seed":false,"campfire_upgraded":6,"win_rate":0.0,"timestamp":1613192661,"path_taken":["M","?","?","?","$","R","E","?","T","M","M","R","M","E","R","BOSS","M","?","?","M","M","E","M","E","T","M","?","M","M","E","R","BOSS","M","?","?","$","?","R","M","?","T","R","M","$","M","M","R","BOSS"],"items_purchased_type":["Card","Card","Relic","Potion","Card","Card","Potion"],"build_version":"2020-12-22","purchased_purges":2,"victory":true,"max_hp_per_floor":[75,75,75,75,75,75,75,75,75,75,75,75,75,75,75,75,75,75,75,75,75,75,75,75,75,75,75,75,75,75,75,75,75,75,75,75,75,75,71,71,71,71,71,71,71,71,71,71,71,71],"card_choices":[{"not_picked":["HollowMod:SiblingsSouls","HollowMod:CrystalDash"],"picked":"HollowMod:CloakDash","floor":1},{"not_picked":["HollowMod:HowlingWraiths","HollowMod:NewJinnsSoul"],"picked":"HollowMod:CloakDash","floor":4},{"not_picked":["HollowMod:ChannelNail","HollowMod:PureVessel"],"picked":"HollowMod:MantisMark","floor":7},{"not_picked":["HollowMod:WraithStrike","HollowMod:NewJinnsSoul"],"picked":"HollowMod:DashSlash","floor":10},{"not_picked":["HollowMod:DashSlash","HollowMod:GreatSlash"],"picked":"HollowMod:HuntersJournal","floor":11},{"not_picked":["HollowMod:InfectedAttack","HollowMod:CycloneSlash"],"picked":"HollowMod:FallenFury","floor":13},{"not_picked":["HollowMod:HowlingWraiths","HollowMod:WraithStrike"],"picked":"HollowMod:LifebloodCocoon","floor":14},{"not_picked":["HollowMod:Weaversong","HollowMod:HornetsHelp"],"picked":"HollowMod:LifebloodCore","floor":16},{"not_picked":["HollowMod:CycloneSlash","HollowMod:ShadowDash"],"picked":"HollowMod:ChannelNail","floor":18},{"not_picked":["HollowMod:SoulEater","HollowMod:DescendingDark"],"picked":"HollowMod:NewJinnsSoul","floor":19},{"not_picked":["HollowMod:PerfectDash","HollowMod:HeavyBlow"],"picked":"HollowMod:HowlingWraiths","floor":21},{"not_picked":["HollowMod:MonomonsArchive+1","HollowMod:SoulStrike"],"picked":"HollowMod:MantisMark+1","floor":22},{"not_picked":["HollowMod:ChannelNail","HollowMod:LuriensSpire+1"],"picked":"HollowMod:MonarchWings","floor":23},{"not_picked":["HollowMod:DungDefenderAura+1","HollowMod:VengefulVoid"],"picked":"HollowMod:RecoilStrike","floor":24},{"not_picked":["HollowMod:MawleksShell","HollowMod:MonomonsArchive","HollowMod:DungDefenderAura"],"picked":"SKIP","floor":25},{"not_picked":["HollowMod:LuriensSpire","HollowMod:ShadowDash","HollowMod:DoubleDash"],"picked":"SKIP","floor":27},{"not_picked":["HollowMod:NewLittleFool","HollowMod:RecoilStrike","HollowMod:AbyssShriek+1"],"picked":"SKIP","floor":29},{"not_picked":["HollowMod:VengefulVoid+1","HollowMod:CycloneSlash","HollowMod:WraithStrike"],"picked":"SKIP","floor":30},{"not_picked":["HollowMod:NewInfectedGuardian","HollowMod:GreatSlash+1","HollowMod:HowlingWraiths"],"picked":"SKIP","floor":31},{"not_picked":["HollowMod:PureVessel","HollowMod:HornetsHelp"],"picked":"HollowMod:Weaversong","floor":33},{"not_picked":["HollowMod:SoulVessel","HollowMod:WraithStrike"],"picked":"HollowMod:FastStrike+1","floor":35},{"not_picked":["HollowMod:InfectedCysts","HollowMod:VengefulSpirit","HollowMod:SoulEater+1"],"picked":"SKIP","floor":41},{"not_picked":["HollowMod:NewJinnsSoul+1","HollowMod:VengefulSpirit","HollowMod:CycloneSlash"],"picked":"SKIP","floor":45},{"not_picked":["HollowMod:RecoilStrike","HollowMod:SoulVessel+1"],"picked":"HollowMod:FallenFury+1","floor":47},{"not_picked":["HollowMod:HeavyBlow","HollowMod:CycloneSlash+1"],"picked":"HollowMod:DoubleDash+1","floor":48}],"player_experience":1045302,"relics_obtained":[{"floor":7,"key":"aspiration:StickyExplosives_weak"},{"floor":9,"key":"Bronze Scales"},{"floor":14,"key":"Boot"},{"floor":23,"key":"Ornamental Fan"},{"floor":25,"key":"Gremlin Food"},{"floor":26,"key":"Juzu Bracelet"},{"floor":31,"key":"Tiny Chest"},{"floor":42,"key":"ReplayTheSpireMod:TigerMarble"},{"floor":43,"key":"Replay:Wax Seal"}],"event_choices":[{"damage_healed":0,"gold_gain":0,"player_choice":"Rummage","damage_taken":0,"relics_obtained":["WarpedTongs"],"max_hp_gain":0,"max_hp_loss":0,"event_name":"Accursed Blacksmith","floor":2,"gold_loss":0,"cards_obtained":["Pain"]},{"damage_healed":0,"gold_gain":0,"player_choice":"Leave","damage_taken":0,"max_hp_gain":0,"max_hp_loss":0,"event_name":"FaceTrader","floor":8,"gold_loss":0},{"cards_removed":["HollowMod:NailStrikeStart"],"damage_healed":0,"gold_gain":0,"player_choice":"Upgrade and Remove","damage_taken":0,"max_hp_gain":0,"max_hp_loss":0,"event_name":"Designer","floor":20,"gold_loss":90,"cards_upgraded":["HollowMod:QuickDashStart"]},{"damage_healed":0,"gold_gain":0,"player_choice":"Ignored","damage_taken":0,"max_hp_gain":0,"max_hp_loss":0,"event_name":"NoteForYourself","floor":36,"gold_loss":0},{"damage_healed":0,"gold_gain":0,"player_choice":"Max HP","damage_taken":0,"max_hp_gain":0,"max_hp_loss":4,"event_name":"Winding Halls","floor":39,"gold_loss":0}],"is_beta":false,"boss_relics":[{"not_picked":["Astrolabe","Honey Jar"],"picked":"Ring of Chaos"},{"not_picked":["hubris:VirtuousBlindfold","Snecko Heart"],"picked":"SlaversCollar"}],"items_purged_floors":[3,28],"is_endless":false,"potions_floor_spawned":[10,13,14,16,19,22,25,30,31,47],"ascension_level":0}}