{"host":"hrvs05np4ys7itky","time":1613186883,"event":{"mods":["BaseMod","Colored Map","Colored Powertips","Downfall","Emptier Cage","Hermit","Highlight Path","Minty Spire (QoL Compilation)","Permanent Neow","Rare Cards Sparkle","Relic Stats","Replay The Spire","StSLib","everything is the same but u backflip on backflip"],"gold_per_floor":[119,130,130,130,149,149,74,117,117,141,141,162,162,192,192,322,322,343,343,359,359,103,103,146,146,146,17,17,61,61,75,75,205,205,223,556,556,173,193,193,223,223,248,248,265,276,305,320,320,320],"floor_reached":51,"language":"ENG","playtime":4331,"items_purged":["Strike_R","Strike_R","Strike_R","Strike_R"],"score":716,"play_id":"a0dbea0b-6c1c-403d-a837-478f973cf675","local_time":"20210212222803","is_ascension_mode":false,"campfire_choices":[{"data":"Searing Blow","floor":6,"key":"SMITH"},{"data":"Searing Blow+1","floor":11,"key":"SMITH"},{"data":"Searing Blow+2","floor":13,"key":"SMITH"},{"data":"Berserk","floor":15,"key":"SMITH"},{"data":"Searing Blow+4","floor":23,"key":"SMITH"},{"data":"Searing Blow+5","floor":25,"key":"SMITH"},{"data":"Armaments","floor":28,"key":"SMITH"},{"data":"Searing Blow+6","floor":30,"key":"SMITH"},{"data":"Searing Blow+7","floor":32,"key":"SMITH"},{"data":"Searing Blow+8","floor":40,"key":"SMITH"},{"data":"Searing Blow+9","floor":42,"key":"SMITH"},{"data":"Searing Blow+10","floor":44,"key":"SMITH"},{"data":"True Grit","floor":49,"key":"SMITH"}],"circlet_count":0,"master_deck":["Defend_R","Defend_R","Defend_R","Defend_R","Bash","Searing Blow+11","Rage","Metallicize","Shrug It Off","Warcry","Power Through","Berserk+1","Juggernaut","Body Slam+1","Ghostly Armor","Intimidate+1","Metallicize+1","Havoc+1","Armaments+1","Offering","True Grit+1","Metallicize","Metallicize","True Grit+1","Shrug It Off","Shockwave+1"],"relics":["Burning Blood","Replay:Ringing Soul","Pet Ghost","Pear","bronze:MakeshiftBattery","Orrery","Smiling Mask","Blue Doll","Du-Vu Doll","Ring of Chaos","Replay:Bottled Flurry","Bag of Preparation","Oddly Smooth Stone","Potion Belt"],"acts_visited":["Exordium","TheCity","TheBeyond"],"potions_floor_usage":[8,12,20,41,41],"damage_taken":[{"damage":5,"enemies":"Small Slimes","floor":1,"turns":4},{"damage":2,"enemies":"Jaw Worm","floor":2,"turns":4},{"damage":3,"enemies":"Cultist","floor":5,"turns":4},{"damage":20,"enemies":"Gremlin Nob","floor":8,"turns":4},{"damage":3,"enemies":"Looter","floor":10,"turns":3},{"damage":11,"enemies":"Exordium Wildlife","floor":12,"turns":7},{"damage":10,"enemies":"Fading Forest","floor":16,"turns":11},{"damage":7,"enemies":"Shell Parasite","floor":18,"turns":5},{"damage":5,"enemies":"3 Byrds","floor":20,"turns":4},{"damage":31,"enemies":"Slavers","floor":24,"turns":7},{"damage":5,"enemies":"Gremlin Leader","floor":29,"turns":6},{"damage":0,"enemies":"Snake Plant","floor":31,"turns":3},{"damage":24,"enemies":"Champ","floor":33,"turns":11},{"damage":16,"enemies":"3 Darklings","floor":35,"turns":7},{"damage":6,"enemies":"Orb Walker","floor":39,"turns":3},{"damage":6,"enemies":"Nemesis","floor":41,"turns":7},{"damage":8,"enemies":"Sphere and 2 Shapes","floor":45,"turns":4},{"damage":6,"enemies":"4 Shapes","floor":46,"turns":7},{"damage":6,"enemies":"Reptomancer","floor":47,"turns":4},{"damage":1,"enemies":"Maw","floor":48,"turns":5},{"damage":22,"enemies":"Replay:Hell Engine","floor":50,"turns":17}],"seed_played":"-6209489289260707088","potions_obtained":[{"floor":5,"key":"Toxic Potion"},{"floor":8,"key":"PowerPotion"},{"floor":16,"key":"Energy Potion"},{"floor":20,"key":"Venom Potion"},{"floor":24,"key":"GamblersBrew"},{"floor":33,"key":"FearPotion"},{"floor":39,"key":"sneckomod:MuddlingPotion"},{"floor":45,"key":"sneckomod:MuddlingPotion"},{"floor":46,"key":"Venom Potion"}],"is_trial":false,"path_per_floor":["M","M","?","?","M","R","$","E","T","M","R","M","R","?","R","B",null,"M","?","M","?","$","R","E","R","T","$","R","E","R","M","R","B",null,"M","?","?","$","M","R","E","R","T","R","M","M","E","M","R","B",null],"character_chosen":"IRONCLAD","items_purchased":["Orrery","Havoc+1","Armaments","True Grit","Metallicize","Replay:Bottled Flurry"],"campfire_rested":0,"item_purchase_floors":[22,27,27,38,38,38],"current_hp_per_floor":[80,80,74,74,74,74,74,63,63,69,69,67,67,77,77,76,96,95,95,99,99,102,102,80,80,80,83,83,84,84,90,90,75,111,101,101,101,104,104,104,104,104,104,104,105,108,108,116,116,100],"gold":320,"neow_bonus":"THREE_CARDS","is_daily":false,"chose_seed":false,"campfire_upgraded":13,"win_rate":0.0,"timestamp":1613186883,"path_taken":["M","M","?","?","M","R","$","E","T","M","R","M","R","?","R","BOSS","M","?","?","?","$","R","E","R","T","?","R","E","R","M","R","BOSS","M","?","?","$","M","R","E","R","T","R","?","M","E","M","R","BOSS"],"items_purchased_type":["Relic","Card","Card","Card","Card","Relic"],"build_version":"2020-12-22","purchased_purges":4,"victory":true,"max_hp_per_floor":[80,80,74,74,74,74,74,77,77,80,80,83,83,93,93,96,96,96,96,99,99,102,102,105,105,105,108,108,108,108,108,108,111,111,111,111,111,114,114,114,114,114,114,114,117,120,120,123,123,123],"relic_stats":{"counters":[21,127],"Bag of Preparation":[10],"Smiling Mask":175,"obtain_stats":[{"Potion Belt":47,"Pear":14,"Golden Idol":3,"Oddly Smooth Stone":43,"Blue Doll":26,"Ring of Chaos":34,"Bag of Preparation":41,"Smiling Mask":24,"Burning Blood":0,"Pet Ghost":9,"Du-Vu Doll":29,"Replay:Ringing Soul":8,"Orrery":22,"Replay:Bottled Flurry":38,"bronze:MakeshiftBattery":17},{"Potion Belt":19,"Pear":6,"Golden Idol":2,"Oddly Smooth Stone":16,"Blue Doll":10,"Ring of Chaos":13,"Bag of Preparation":16,"Smiling Mask":10,"Burning Blood":0,"Pet Ghost":4,"Du-Vu Doll":11,"Replay:Ringing Soul":4,"Orrery":9,"Replay:Bottled Flurry":14,"bronze:MakeshiftBattery":7},{"Potion Belt":105,"Pear":26,"Golden Idol":8,"Oddly Smooth Stone":90,"Blue Doll":53,"Ring of Chaos":73,"Bag of Preparation":90,"Smiling Mask":53,"Burning Blood":0,"Pet Ghost":16,"Du-Vu Doll":59,"Replay:Ringing Soul":16,"Orrery":46,"Replay:Bottled Flurry":80,"bronze:MakeshiftBattery":37}],"Burning Blood":118},"card_choices":[{"not_picked":["Flex","Dark Embrace"],"picked":"Searing Blow","floor":0},{"not_picked":["Iron Wave","Seeing Red"],"picked":"Rage","floor":1},{"not_picked":["Searing Blow","Power Through"],"picked":"Metallicize","floor":2},{"not_picked":["Cleave","Metallicize"],"picked":"Shrug It Off","floor":5},{"not_picked":["Anger","Clash"],"picked":"Warcry","floor":8},{"not_picked":["Pommel Strike","Pummel"],"picked":"Power Through","floor":10},{"not_picked":["Inflame","Shrug It Off"],"picked":"Berserk","floor":12},{"not_picked":["Exhume","Double Tap"],"picked":"Juggernaut","floor":16},{"not_picked":["Whirlwind","Run Through","Perfected Strike+1"],"picked":"SKIP","floor":18},{"not_picked":["ReplayTheSpireMod:Corrosion Curse","Run Through+1"],"picked":"Body Slam+1","floor":20},{"not_picked":["ReplayTheSpireMod:Muscle Training","Iron Wave"],"picked":"Ghostly Armor","floor":22},{"not_picked":["Power Through+1","Replay:Undeath\u0027s Touch"],"picked":"Intimidate+1","floor":22},{"not_picked":["Thunderclap+1","Entrench"],"picked":"Metallicize+1","floor":24},{"not_picked":["Blood for Blood+1","Fiend Fire","Power Through"],"picked":"SKIP","floor":29},{"not_picked":["Iron Wave","Thunderclap+1","ReplayTheSpireMod:Strike From Hell"],"picked":"SKIP","floor":31},{"not_picked":["Juggernaut","Hemogenesis"],"picked":"Offering","floor":33},{"not_picked":["Wild Strike","Pommel Strike","Perfected Strike+1"],"picked":"SKIP","floor":35},{"not_picked":["Sword Boomerang","Inflame","Massacre+1"],"picked":"SKIP","floor":39},{"not_picked":["Headbutt+1","Sever Soul","Inflame+1"],"picked":"SKIP","floor":41},{"not_picked":["Abandon+1","Headbutt"],"picked":"True Grit+1","floor":45},{"not_picked":["Rage+1","Hemokinesis"],"picked":"Shrug It Off","floor":46},{"not_picked":["Uppercut","Iron Wave","Bludgeon"],"picked":"SKIP","floor":47},{"not_picked":["True Grit","Clothesline+1"],"picked":"Shockwave+1","floor":48}],"player_experience":1062142,"relics_obtained":[{"floor":8,"key":"Replay:Ringing Soul"},{"floor":9,"key":"Pet Ghost"},{"floor":24,"key":"Smiling Mask"},{"floor":26,"key":"Blue Doll"},{"floor":29,"key":"Du-Vu Doll"},{"floor":41,"key":"Bag of Preparation"},{"floor":43,"key":"Oddly Smooth Stone"},{"floor":47,"key":"Potion Belt"}],"event_choices":[{"damage_healed":0,"gold_gain":0,"player_choice":"Lose Max HP","damage_taken":0,"relics_obtained":["Golden Idol"],"max_hp_gain":0,"max_hp_loss":6,"event_name":"Golden Idol","floor":3,"gold_loss":0},{"damage_healed":0,"gold_gain":0,"player_choice":"Ignored","damage_taken":0,"max_hp_gain":0,"max_hp_loss":0,"event_name":"Liars Game","floor":4,"gold_loss":0},{"damage_healed":0,"gold_gain":30,"player_choice":"Searched \u00273\u0027 times","damage_taken":0,"relics_obtained":["Pear"],"max_hp_gain":0,"max_hp_loss":0,"event_name":"Dead Adventurer","floor":14,"gold_loss":0},{"damage_healed":0,"gold_gain":0,"player_choice":"Forge","damage_taken":0,"max_hp_gain":0,"max_hp_loss":0,"event_name":"Accursed Blacksmith","floor":19,"gold_loss":0,"cards_upgraded":["Searing Blow"]},{"damage_healed":0,"gold_gain":0,"player_choice":"Ignored","damage_taken":0,"max_hp_gain":0,"max_hp_loss":0,"event_name":"Ghosts","floor":21,"gold_loss":0},{"damage_healed":0,"gold_gain":333,"player_choice":"Gave Idol","damage_taken":0,"max_hp_gain":0,"max_hp_loss":0,"event_name":"The Moai Head","floor":36,"relics_lost":["Golden Idol"],"gold_loss":0},{"cards_removed":["Strike_R"],"damage_healed":0,"gold_gain":0,"player_choice":"Purged","damage_taken":0,"max_hp_gain":0,"max_hp_loss":0,"event_name":"Purifier","floor":37,"gold_loss":0}],"is_beta":false,"boss_relics":[{"not_picked":["Snecko Heart","Electric Blood"],"picked":"bronze:MakeshiftBattery"},{"not_picked":["Coffee Dripper","Painkiller Herb"],"picked":"Ring of Chaos"}],"items_purged_floors":[7,22,27,38],"is_endless":false,"potions_floor_spawned":[5,8,16,20,24,33,39,45,46],"ascension_level":0}}