{"host":"q0n29fk303drktj8","time":1613220032,"event":{"mods":["Act Like it!","BaseMod","Challenge The Spire","Colored Powertips","Downfall","Gensokyo","KinomotoSakuraMod(木之本樱)","KomeijiMod","Minty Spire (QoL Compilation)","Reimu（博丽灵梦）","Remilia（蕾米莉亚）","RumiaBox-露米娅的神秘盒子","StSLib","UnlockEverythingMod"],"gold_per_floor":[160,160,178,144,244,244,244,244,244,260,28,28,44,44,61,161,161,161,181,181,0,15,32,58,70,27,42,52,52,52,302,314,411,411,411,429,429,339,355,355,355],"floor_reached":40,"language":"ZHS","playtime":1701,"items_purged":["Strike_Remiria"],"score":426,"play_id":"b326f3cb-4d00-4327-a681-9f1475f04719","local_time":"20210213204032","is_ascension_mode":false,"campfire_choices":[{"data":"Absorbed","floor":1.0,"key":"SMITH"},{"data":"expansioncontent:DashGenerateEvil","floor":6.0,"key":"SMITH"},{"data":"Exsanguinate","floor":9.0,"key":"SMITH"},{"data":"RedtheNightlessCastle","floor":12.0,"key":"SMITH"},{"data":"FateConcerto","floor":18.0,"key":"SMITH"},{"data":"AllTheWorldInNightmare","floor":35,"key":"SMITH"}],"circlet_count":0,"master_deck":["Strike_Remiria","Strike_Remiria","Defend_Remirira+1","Defend_Remirira","Scratch+1","Exsanguinate+1","expansioncontent:DashGenerateEvil+1","RedtheNightlessCastle+1","expansioncontent:DashGenerateEvil+1","FateConcerto+1","Reaper_Remiria","TrickFate","AllTheWorldInNightmare+1","Coercion","Gensokyo:CustomPotion","BloodSurge"],"relics":["UnsealingCross","NeowsBlessing","Bag of Marbles","MagicDraw2","DollysMirror","Gensokyo:Justice","Lantern","Regal Pillow","Gensokyo:SongOfSouls","Snecko Eye"],"acts_visited":["Gensokyo:Gensokyo","Gensokyo:Gensokyoer","Gensokyo:Gensokyoest"],"potions_floor_usage":[33,37,37,37],"damage_taken":[{"damage":0.0,"enemies":"Gensokyo:Python","floor":3.0,"turns":1.0},{"damage":0.0,"enemies":"downfall:FleeingMerchant","floor":4.0,"turns":1.0},{"damage":0.0,"enemies":"Gensokyo:Gryphon","floor":10.0,"turns":1.0},{"damage":0.0,"enemies":"Gensokyo:3_Fairies","floor":13.0,"turns":3.0},{"damage":0.0,"enemies":"Gensokyo:VengefulSpirit","floor":15.0,"turns":2.0},{"damage":35.0,"enemies":"IC_STATUS_ARCHETYPE","floor":16.0,"turns":7.0},{"damage":0.0,"enemies":"Gensokyo:CosmicMonolith","floor":19.0,"turns":2.0},{"damage":3.0,"enemies":"Gensokyo:2_Gloops","floor":22.0,"turns":2.0},{"damage":3,"enemies":"Gensokyo:Mirror_and_Dog","floor":23,"turns":3},{"damage":18,"enemies":"Gensokyo:Wraith","floor":25,"turns":4},{"damage":3,"enemies":"Gensokyo:Slime_Group","floor":27,"turns":2},{"damage":5,"enemies":"Gensokyo:Swordslinger","floor":28,"turns":2},{"damage":1,"enemies":"Gensokyo:Chomper_and_Gloop","floor":32,"turns":3},{"damage":16,"enemies":"WA_ARCHETYPE_CALM","floor":33,"turns":3},{"damage":3,"enemies":"Gensokyo:3_Bats","floor":36,"turns":2},{"damage":74,"enemies":"Gensokyo:3_Bats","floor":37,"turns":5},{"damage":3,"enemies":"Gensokyo:3_Boulders","floor":39,"turns":2},{"damage":0,"enemies":"Gensokyo:Kasen","floor":40,"turns":1}],"seed_played":"5656357762716968240","potions_obtained":[{"floor":3.0,"key":"Swift Potion"},{"floor":10.0,"key":"Dexterity Potion"},{"floor":15.0,"key":"SteroidPotion"},{"floor":19.0,"key":"Fire Potion"},{"floor":23,"key":"GamblersBrew"},{"floor":28,"key":"SkillPotion"},{"floor":33,"key":"GamblersBrew"},{"floor":39,"key":"ColorlessPotion"}],"is_trial":false,"path_per_floor":["R","?","M","$","?","R","T","?","R","M","$","R","M","?","M","B",null,"R","M","?","?","M","M","T","M","COS","M","M","?","?","?","M","B",null,"R","M","?","?","M","E"],"character_chosen":"RemiriaScarlet","items_purchased":["expansioncontent:DashGenerateEvil","Bag of Marbles","DollysMirror"],"campfire_rested":0,"item_purchase_floors":[4,4,11],"current_hp_per_floor":[100,80,80,80,80,80,80,70,70,70,70,70,70,70,70,35,100,100,100,100,100,97,94,94,76,76,73,72,72,72,72,71,84,94,94,91,91,91,88,88,88],"gold":355,"neow_bonus":"THREE_ENEMY_KILL","is_daily":false,"chose_seed":false,"campfire_upgraded":6,"win_rate":0.0,"timestamp":1613220032,"path_taken":["R","?","?","?","?","R","T","?","R","?","$","R","M","?","M","BOSS","R","?","?","?","M","?","T","M","COS","M","M","?","?","?","M","BOSS","R","M","?","?","M","E"],"items_purchased_type":["Card","Relic","Relic"],"build_version":"2020-12-22","purchased_purges":1,"victory":false,"max_hp_per_floor":[100,100,100,100,100,100,100,100,100,100,100,100,100,100,100,100,100,100,100,100,100,100,100,100,100,100,100,100,100,100,94,94,94,94,94,94,94,94,94,94,94],"card_choices":[{"not_picked":["BloodPact","BloodCollect","SeparateFleshBlood"],"picked":"SKIP","floor":3.0},{"not_picked":["NightDance","BloodySuit"],"picked":"Exsanguinate","floor":4.0},{"not_picked":["TricksterDevil","Cripple"],"picked":"RedtheNightlessCastle","floor":10.0},{"not_picked":["TricksterDevil","ChainGang","BloodCleaner"],"picked":"SKIP","floor":13.0},{"not_picked":["StigmaNizer","VampireKiss_Remiria","DoubleEdge"],"picked":"SKIP","floor":15.0},{"not_picked":["MillenniumVampire","MiserableFate_Remiria"],"picked":"FateConcerto","floor":16.0},{"not_picked":["StigmaNizer","ChainGang","BloodCleaner"],"picked":"SKIP","floor":19.0},{"not_picked":["BloodCollect","Feint","Tearing"],"picked":"SKIP","floor":22.0},{"not_picked":["StigmaNizer","YoungDemonLord","Feint"],"picked":"SKIP","floor":23},{"not_picked":["BloodySuit+1","BloodyMagicSquare+1"],"picked":"Reaper_Remiria","floor":25},{"not_picked":["BodyStrengthen","BloodCollect+1","Warpath"],"picked":"SKIP","floor":27},{"not_picked":["BloodySuit+1","DemonsDinnerFork_Remiria"],"picked":"TrickFate","floor":28},{"not_picked":["StigmaNizer","Impregnable+1"],"picked":"AllTheWorldInNightmare","floor":32},{"not_picked":["FateConcerto","FitfulNightmare"],"picked":"Coercion","floor":33},{"not_picked":["FierceSweep","FastHealing+1","BloodySuit+1"],"picked":"SKIP","floor":36},{"not_picked":["ServantFlier","BodyStrengthen+1"],"picked":"BloodSurge","floor":39}],"player_experience":395422,"relics_obtained":[{"floor":7.0,"key":"MagicDraw2"},{"floor":24,"key":"Lantern"}],"event_choices":[],"is_beta":false,"boss_relics":[{"not_picked":["SlaversCollar","Philosopher\u0027s Stone"],"picked":"UnsealingCross"},{"not_picked":["Empty Cage","Velvet Choker"],"picked":"Snecko Eye"}],"items_purged_floors":[11],"is_endless":false,"potions_floor_spawned":[3,10,15,19,23,28,33,39],"killed_by":"Gensokyo:Kasen","ascension_level":0}}