{"host":"640uue19m79c7wbt","time":1613186540,"event":{"mods":["BaseMod","Colored Map","Googly Eyes","Highlight Path","Minty Spire (QoL Compilation)","Quick Restart","StSLib"],"gold_per_floor":[115,115,135,5,17,46,46,46,70,70,90,118,128,140,140,140,140],"floor_reached":16,"language":"ENG","playtime":549,"items_purged":[],"score":224,"play_id":"be4fef1f-4417-4229-812d-12bbd573a33e","local_time":"20210212222220","is_ascension_mode":true,"campfire_choices":[{"data":"Bouncing Flask","floor":10.0,"key":"SMITH"},{"floor":15,"key":"REST"}],"circlet_count":0,"master_deck":["AscendersBane","Strike_G","Strike_G","Strike_G","Strike_G","Defend_G","Defend_G","Defend_G","Defend_G","Defend_G","Survivor","Neutralize","Blade Dance","PiercingWail","Bouncing Flask+1","Well Laid Plans","Dagger Spray","Tools of the Trade","Riddle With Holes","Finisher","Bouncing Flask","Infinite Blades"],"relics":["Ring of the Snake","NeowsBlessing","Oddly Smooth Stone","Art of War","Snake Skull"],"acts_visited":["Exordium"],"potions_floor_usage":[13],"damage_taken":[{"damage":0.0,"enemies":"2 Louse","floor":1.0,"turns":1.0},{"damage":0.0,"enemies":"Cultist","floor":3.0,"turns":1.0},{"damage":0.0,"enemies":"Jaw Worm","floor":5.0,"turns":1.0},{"damage":47.0,"enemies":"3 Sentries","floor":6.0,"turns":9.0},{"damage":23.0,"enemies":"Exordium Thugs","floor":11.0,"turns":4.0},{"damage":14.0,"enemies":"Lagavulin","floor":12.0,"turns":7.0},{"damage":3,"enemies":"Red Slaver","floor":13,"turns":3},{"damage":2,"enemies":"Exordium Wildlife","floor":14,"turns":2},{"damage":32,"enemies":"Slime Boss","floor":16,"turns":3}],"seed_played":"-3144663808881536497","potions_obtained":[{"floor":3.0,"key":"Block Potion"},{"floor":6.0,"key":"Regen Potion"},{"floor":12.0,"key":"SpeedPotion"}],"is_trial":false,"path_per_floor":["M","?","M","$","M","E","?","$","T","R","M","E","M","M","R","B"],"character_chosen":"THE_SILENT","items_purchased":["Well Laid Plans","Dagger Spray"],"campfire_rested":1,"item_purchase_floors":[4,4],"current_hp_per_floor":[59,59,59,59,59,12,34,34,34,34,25,11,8,6,25,0,0],"gold":140,"neow_bonus":"THREE_ENEMY_KILL","is_daily":false,"chose_seed":false,"campfire_upgraded":1,"win_rate":0.0,"timestamp":1613186540,"path_taken":["M","?","M","?","?","E","?","?","T","R","M","E","M","?","R","BOSS"],"items_purchased_type":["Card","Card"],"build_version":"2020-12-22","purchased_purges":0,"victory":false,"max_hp_per_floor":[66,66,66,66,66,66,66,66,66,66,66,66,66,66,66,66,66],"card_choices":[{"not_picked":["Prepared","Dodge and Roll"],"picked":"Blade Dance","floor":1.0},{"not_picked":["Dagger Spray","Terror"],"picked":"Bouncing Flask","floor":3.0},{"not_picked":["Deadly Poison","Poisoned Stab","Dagger Throw"],"picked":"SKIP","floor":5.0},{"not_picked":["Dodge and Roll","Dagger Spray"],"picked":"Tools of the Trade","floor":6.0},{"not_picked":["Dagger Throw","Slice"],"picked":"Riddle With Holes","floor":11.0},{"not_picked":["PiercingWail","Choke"],"picked":"Finisher","floor":12.0},{"not_picked":["Prepared","Outmaneuver"],"picked":"Bouncing Flask","floor":13},{"not_picked":["Sucker Punch","Dagger Throw"],"picked":"Infinite Blades","floor":14}],"player_experience":680723,"relics_obtained":[{"floor":6.0,"key":"Oddly Smooth Stone"},{"floor":9.0,"key":"Art of War"},{"floor":12.0,"key":"Snake Skull"}],"event_choices":[{"damage_healed":0.0,"max_hp_gain":0.0,"max_hp_loss":0.0,"gold_gain":0.0,"cards_transformed":["Strike_G"],"event_name":"Transmorgrifier","player_choice":"Transformed","floor":2.0,"gold_loss":0.0,"damage_taken":0.0,"cards_obtained":["PiercingWail"]},{"damage_healed":22.0,"max_hp_gain":0.0,"max_hp_loss":0.0,"gold_gain":0.0,"event_name":"Big Fish","player_choice":"Banana","floor":7.0,"gold_loss":0.0,"damage_taken":0.0}],"is_beta":false,"boss_relics":[],"items_purged_floors":[],"is_endless":false,"potions_floor_spawned":[3,6,12],"killed_by":"Slime Boss","ascension_level":20}}