{"host":"0pyv9je0pz1gg9m7","time":1613245563,"event":{"mods":["AchievementEnabler","BaseMod","Colored Map","DeckTracker","Minty Spire (QoL Compilation)","Permanent Neow","StSLib","SuperFastMode","everything is the same but u backflip on backflip"],"gold_per_floor":[115,132,132,152,165,165,165,201,201,201,34,77,18,18,18,108,108,67,67,82,31,31,67,67,100,100,100,114,129,40,40,40,133,133,157,157,113,132,210,210,251,251,251,251,287,302,343,367,367,367,367,367,367,2,37,37],"floor_reached":57,"language":"KOR","playtime":3973,"items_purged":["Infernal Blade+1"],"score":3293,"play_id":"69d21212-098d-4fd9-beac-733322e8642b","local_time":"20210214044603","is_ascension_mode":true,"campfire_choices":[{"data":"Inflame","floor":7.0,"key":"SMITH"},{"data":"Bash","floor":10.0,"key":"SMITH"},{"data":"Feel No Pain","floor":15.0,"key":"SMITH"},{"floor":24,"key":"REST"},{"data":"Dark Embrace","floor":27,"key":"SMITH"},{"data":"Feel No Pain","floor":32,"key":"SMITH"},{"data":"Body Slam","floor":40,"key":"SMITH"},{"data":"Second Wind","floor":42,"key":"SMITH"},{"floor":49,"key":"RECALL"},{"floor":53,"key":"REST"}],"circlet_count":0,"master_deck":["AscendersBane","Defend_R","Defend_R","Defend_R","Defend_R","Bash+1","Warcry","Inflame+1","Intimidate","Second Wind+1","Warcry+1","Feel No Pain+1","Feel No Pain+1","Havoc+1","Warcry+1","Body Slam+1","Exhume+1","Dropkick","Double Tap+1","Shrug It Off+1","True Grit+1","Dark Embrace+1","Shrug It Off+1","True Grit+1","Seeing Red+1","Disarm+1","Sever Soul+1","Warcry+1","Evolve","Seeing Red+1"],"relics":["Burning Blood","Dead Branch","Golden Idol","Bag of Preparation","Toxic Egg 2","Potion Belt","Orrery","Self Forming Clay","Black Star","InkBottle","Art of War","Centennial Puzzle","Paper Frog","Tiny Chest","Runic Dome","MawBank","Pear","Molten Egg 2","Ancient Tea Set","Juzu Bracelet","Anchor","StrikeDummy","Incense Burner","Strawberry","Oddly Smooth Stone"],"acts_visited":["Exordium","TheCity","TheBeyond","TheEnding"],"potions_floor_usage":[23,28,47,48,56,56],"damage_taken":[{"damage":9.0,"enemies":"Jaw Worm","floor":1.0,"turns":4.0},{"damage":15.0,"enemies":"Small Slimes","floor":2.0,"turns":4.0},{"damage":6.0,"enemies":"Cultist","floor":4.0,"turns":4.0},{"damage":23.0,"enemies":"Lots of Slimes","floor":5.0,"turns":6.0},{"damage":10.0,"enemies":"3 Sentries","floor":8.0,"turns":5.0},{"damage":10.0,"enemies":"Gremlin Nob","floor":12.0,"turns":3.0},{"damage":4.0,"enemies":"Hexaghost","floor":16.0,"turns":9.0},{"damage":19.0,"enemies":"2 Thieves","floor":18.0,"turns":5.0},{"damage":11.0,"enemies":"3 Byrds","floor":20.0,"turns":4.0},{"damage":21,"enemies":"Gremlin Leader","floor":23,"turns":5},{"damage":6,"enemies":"Slavers","floor":25,"turns":5},{"damage":2,"enemies":"Cultist and Chosen","floor":28,"turns":6},{"damage":0,"enemies":"Centurion and Healer","floor":29,"turns":2},{"damage":12,"enemies":"Champ","floor":33,"turns":1},{"damage":0,"enemies":"Orb Walker","floor":35,"turns":2},{"damage":3,"enemies":"3 Darklings","floor":38,"turns":5},{"damage":3,"enemies":"Nemesis","floor":41,"turns":9},{"damage":3,"enemies":"Giant Head","floor":45,"turns":1},{"damage":0,"enemies":"Jaw Worm Horde","floor":46,"turns":3},{"damage":0,"enemies":"Nemesis","floor":47,"turns":6},{"damage":12,"enemies":"Transient","floor":48,"turns":6},{"damage":38,"enemies":"Awakened One","floor":50,"turns":9},{"damage":0,"enemies":"Donu and Deca","floor":51,"turns":6},{"damage":0,"enemies":"Shield and Spear","floor":55,"turns":3},{"damage":10,"enemies":"The Heart","floor":56,"turns":6}],"seed_played":"1608944127853067169","potions_obtained":[{"floor":1.0,"key":"SpeedPotion"},{"floor":5.0,"key":"SteroidPotion"},{"floor":8.0,"key":"AttackPotion"},{"floor":18.0,"key":"BlessingOfTheForge"},{"floor":25,"key":"LiquidMemories"},{"floor":29,"key":"ColorlessPotion"},{"floor":35,"key":"FairyPotion"},{"floor":38,"key":"Strength Potion"},{"floor":45,"key":"GamblersBrew"},{"floor":47,"key":"Ancient Potion"}],"is_trial":false,"path_per_floor":["M","M","?","M","M","?","R","E","T","R","$","E","?","?","R","B",null,"M","?","M","$","?","E","R","E","T","R","M","M","$","?","R","B",null,"M","?","$","M","T","R","E","R","T","?","E","M","E","M","R","B","B",null,"R","$","E","B",null],"character_chosen":"IRONCLAD","items_purchased":["Orrery","True Grit+1","Seeing Red+1","PowerPotion","Evolve","GamblersBrew","Seeing Red+1","LiquidBronze"],"campfire_rested":2,"item_purchase_floors":[11,21,30,37,54,54,54,54],"current_hp_per_floor":[65,56,56,56,39,28,28,24,24,24,24,20,20,13,13,15,50,37,37,32,32,32,17,35,35,35,35,39,45,45,45,45,39,56,62,62,62,62,72,72,72,72,72,72,72,72,72,66,66,34,40,64,72,72,79,75],"gold":37,"neow_bonus":"ONE_RARE_RELIC","is_daily":false,"chose_seed":true,"campfire_upgraded":7,"win_rate":0.0,"timestamp":1613245563,"path_taken":["M","M","?","M","M","?","R","E","T","R","$","E","?","?","R","BOSS","M","?","M","$","?","E","R","E","T","R","M","M","$","?","R","BOSS","M","?","?","M","?","R","E","R","T","?","E","M","E","M","R","BOSS","BOSS","R","$","E","BOSS"],"items_purchased_type":["Relic","Card","Card","Potion","Card","Potion","Card","Potion"],"build_version":"2020-12-22","purchased_purges":1,"victory":true,"max_hp_per_floor":[68,68,62,62,62,62,62,62,62,62,62,62,62,62,62,62,62,62,62,62,62,62,62,62,62,62,62,62,62,62,62,62,62,62,62,62,62,62,72,72,72,72,72,72,72,72,72,72,72,72,72,72,72,72,79,79],"card_choices":[{"not_picked":["Spot Weakness","Armaments"],"picked":"Warcry","floor":1.0},{"not_picked":["Heavy Blade","Armaments"],"picked":"Inflame","floor":2.0},{"not_picked":["Thunderclap","Seeing Red"],"picked":"Intimidate","floor":4.0},{"not_picked":["Battle Trance","Cleave"],"picked":"Second Wind","floor":5.0},{"not_picked":["Metallicize","Sword Boomerang"],"picked":"Warcry+1","floor":8.0},{"not_picked":["Heavy Blade","Thunderclap"],"picked":"Feel No Pain","floor":11.0},{"not_picked":["Perfected Strike","Anger"],"picked":"Feel No Pain","floor":11.0},{"not_picked":["Reckless Charge","Iron Wave"],"picked":"Havoc+1","floor":11.0},{"not_picked":["Heavy Blade","Berserk"],"picked":"Warcry+1","floor":11.0},{"not_picked":["Havoc+1","Hemokinesis"],"picked":"Body Slam","floor":12.0},{"not_picked":["Feed","Offering+1"],"picked":"Exhume+1","floor":16.0},{"not_picked":["Cleave","Rampage","Dropkick"],"picked":"SKIP","floor":18.0},{"not_picked":["Iron Wave","Havoc+1"],"picked":"Shrug It Off+1","floor":20.0},{"not_picked":["Anger","Blood for Blood"],"picked":"Dark Embrace","floor":23},{"not_picked":["Limit Break+1","Perfected Strike","Body Slam"],"picked":"SKIP","floor":25},{"not_picked":["True Grit+1","Bloodletting+1"],"picked":"Shrug It Off+1","floor":28},{"not_picked":["Headbutt","Iron Wave+1"],"picked":"True Grit+1","floor":29},{"not_picked":["Heavy Blade+1","Warcry+1"],"picked":"Disarm+1","floor":35},{"not_picked":["Iron Wave","Wild Strike","Heavy Blade"],"picked":"SKIP","floor":38},{"not_picked":["Headbutt+1","Cleave+1"],"picked":"Sever Soul+1","floor":41},{"not_picked":["Armaments+1","Evolve"],"picked":"Infernal Blade+1","floor":45},{"not_picked":["Heavy Blade+1","Cleave+1","Thunderclap+1"],"picked":"SKIP","floor":46},{"not_picked":["Intimidate+1","Uppercut+1"],"picked":"Warcry+1","floor":47},{"not_picked":["Body Slam+1","Dual Wield+1","Warcry+1"],"picked":"SKIP","floor":48},{"not_picked":["Berserk","Perfected Strike+1","Headbutt+1"],"picked":"SKIP","floor":55}],"player_experience":445185,"relics_obtained":[{"floor":8.0,"key":"Toxic Egg 2"},{"floor":9.0,"key":"Potion Belt"},{"floor":12.0,"key":"Self Forming Clay"},{"floor":23,"key":"InkBottle"},{"floor":23,"key":"Art of War"},{"floor":25,"key":"Centennial Puzzle"},{"floor":25,"key":"Paper Frog"},{"floor":26,"key":"Tiny Chest"},{"floor":39,"key":"Pear"},{"floor":41,"key":"Molten Egg 2"},{"floor":41,"key":"Ancient Tea Set"},{"floor":45,"key":"Juzu Bracelet"},{"floor":45,"key":"Anchor"},{"floor":47,"key":"StrikeDummy"},{"floor":47,"key":"Incense Burner"},{"floor":55,"key":"Strawberry"},{"floor":55,"key":"Oddly Smooth Stone"}],"event_choices":[{"damage_healed":0.0,"max_hp_gain":0.0,"max_hp_loss":6.0,"gold_gain":0.0,"event_name":"Golden Idol","player_choice":"Lose Max HP","floor":3.0,"gold_loss":0.0,"damage_taken":0.0,"relics_obtained":["Golden Idol"]},{"damage_healed":0.0,"max_hp_gain":0.0,"max_hp_loss":0.0,"gold_gain":0.0,"event_name":"Scrap Ooze","player_choice":"Success","floor":6.0,"gold_loss":0.0,"damage_taken":11.0,"relics_obtained":["Bag of Preparation"]},{"damage_healed":0.0,"max_hp_gain":0.0,"max_hp_loss":0.0,"gold_gain":0.0,"event_name":"World of Goop","player_choice":"Left Gold","floor":13.0,"gold_loss":59.0,"damage_taken":0.0},{"cards_removed":["Strike_R"],"damage_healed":0.0,"max_hp_gain":0.0,"max_hp_loss":0.0,"gold_gain":0.0,"event_name":"Golden Wing","player_choice":"Card Removal","floor":14.0,"gold_loss":0.0,"damage_taken":7.0},{"damage_healed":0.0,"max_hp_gain":0.0,"max_hp_loss":0.0,"gold_gain":0.0,"cards_transformed":["Strike_R","Strike_R"],"event_name":"Drug Dealer","player_choice":"Became Test Subject","floor":19.0,"gold_loss":0.0,"damage_taken":0.0,"cards_obtained":["Dropkick","Double Tap"]},{"damage_healed":0.0,"max_hp_gain":0.0,"max_hp_loss":0.0,"gold_gain":0.0,"event_name":"Cursed Tome","player_choice":"Ignored","floor":22.0,"gold_loss":0.0,"damage_taken":0.0},{"cards_removed":["Strike_R"],"damage_healed":0,"gold_gain":0,"player_choice":"Elegance","damage_taken":0,"max_hp_gain":0,"max_hp_loss":0,"event_name":"Back to Basics","floor":31,"gold_loss":0},{"damage_healed":0,"gold_gain":0,"player_choice":"Gave Potion","damage_taken":0,"relics_obtained":["MawBank"],"max_hp_gain":0,"max_hp_loss":0,"event_name":"WeMeetAgain","floor":36,"gold_loss":0},{"cards_removed":["Strike_R"],"damage_healed":0,"gold_gain":0,"player_choice":"Card Removal","damage_taken":0,"max_hp_gain":0,"max_hp_loss":0,"event_name":"Wheel of Change","floor":44,"gold_loss":0}],"is_beta":false,"boss_relics":[{"not_picked":["Empty Cage","Fusion Hammer"],"picked":"Black Star"},{"not_picked":["Tiny House","Velvet Choker"],"picked":"Runic Dome"}],"items_purged_floors":[54],"is_endless":false,"potions_floor_spawned":[1,5,8,18,25,29,35,38,45,47],"ascension_level":20}}