{"host":"24j0rle15g8q9bc9","time":1613189604,"event":{"mods":["2.2 Compatiblity","Act Like it!","Bartender","BaseMod","Better Note","Colored Map","Colored Powertips","DeckTracker","Downfall","Elementarium","Hallownest","Hubris","Jorbs\u0027s Wanderer Trilogy","Minty Spire (QoL Compilation)","Rare Cards Sparkle","Remilia??????","StSLib","The Bug Knight","The Death Knight","The Necromancer","Treasure Hunter"],"gold_per_floor":[99,114,132,152,112,112,112,147,161,220,220,240,240,28,47,47,47,47],"floor_reached":16,"language":"ENG","playtime":2056,"items_purged":[],"score":102,"play_id":"0d83ce08-17d9-4de2-bcb9-f88222da3bc7","local_time":"20210213001324","is_ascension_mode":false,"campfire_choices":[{"data":"Guardian:TwinSlam","floor":1,"key":"SMITH"},{"floor":11,"key":"REST"},{"floor":13,"key":"REST"}],"circlet_count":0,"master_deck":["Guardian:Strike_Guardian","Guardian:Strike_Guardian","Guardian:Strike_Guardian","Guardian:Strike_Guardian","Guardian:Defend_Guardian","Guardian:Defend_Guardian","Guardian:Defend_Guardian","Guardian:Defend_Guardian","Guardian:CurlUp","Guardian:TwinSlam+1","Guardian:Incinerate","Guardian:Repulse","Guardian:ExploitGems","hubris:Sloth","TH:TreasureMap","Guardian:PrimingBeam","Guardian:ChargeCore","Guardian:DonusPower","Guardian:Gem_Purple","expansioncontent:StudyTheSpire","Guardian:WalkerClaw"],"relics":["Guardian:ModeShifter","Tiny Chest","hubris:MysteriousPyramids","Ornamental Fan"],"acts_visited":["Exordium"],"potions_floor_usage":[14,15,16,16],"damage_taken":[{"damage":3,"enemies":"Jaw Worm","floor":2,"turns":3},{"damage":1,"enemies":"Cultist","floor":3,"turns":3},{"damage":7,"enemies":"2 Louse","floor":4,"turns":2},{"damage":0,"enemies":"downfall:FleeingMerchant","floor":5,"turns":4},{"damage":22,"enemies":"3 Sentries","floor":8,"turns":10},{"damage":7,"enemies":"Blue Slaver","floor":9,"turns":4},{"damage":13,"enemies":"Gremlin Nob","floor":10,"turns":5},{"damage":24,"enemies":"Large Slime","floor":12,"turns":8},{"damage":15,"enemies":"downfall:FleeingMerchant","floor":14,"turns":4},{"damage":10,"enemies":"Blue Slaver","floor":15,"turns":3},{"damage":37,"enemies":"DF_ARCHETYPE_STREAMLINE","floor":16,"turns":6}],"seed_played":"8931915295492384916","potions_obtained":[{"floor":8,"key":"PowerPotion"},{"floor":9,"key":"FearPotion"},{"floor":10,"key":"SkillPotion"},{"floor":15,"key":"ColorlessPotion"}],"is_trial":false,"path_per_floor":["R","M","M","M","$","?","T","E","M","?","R","M","R","$","M","B"],"character_chosen":"GUARDIAN","items_purchased":["Guardian:Gem_Cyan","expansioncontent:StudyTheSpire"],"campfire_rested":2,"item_purchase_floors":[5,14],"current_hp_per_floor":[80,77,76,69,69,69,69,47,40,27,51,27,51,36,26,0,0,0],"gold":47,"neow_bonus":"THREE_CARDS","is_daily":false,"chose_seed":false,"campfire_upgraded":1,"win_rate":0.0,"timestamp":1613189604,"path_taken":["R","M","M","M","$","?","T","E","?","?","R","M","R","$","M","BOSS"],"items_purchased_type":["Card","Card"],"build_version":"2020-12-22","purchased_purges":0,"victory":false,"max_hp_per_floor":[80,80,80,80,80,80,80,80,80,80,80,80,80,80,80,80,80,80],"card_choices":[{"not_picked":["Guardian:Gem_Lightblue","Guardian:Incinerate"],"picked":"Guardian:Gem_Fragmented","floor":0},{"not_picked":["Guardian:Gem_Green","Guardian:Recover"],"picked":"Guardian:Incinerate","floor":2},{"not_picked":["Guardian:ShieldCharger","Guardian:Reroute"],"picked":"Guardian:Gem_Red","floor":3},{"not_picked":["Guardian:VentSteam","Guardian:ShieldCharger"],"picked":"Guardian:Repulse","floor":4},{"not_picked":["Guardian:GuardianWhirl","Guardian:Emergency"],"picked":"Guardian:ExploitGems","floor":5},{"not_picked":["TH:PixieDust"],"picked":"TH:TreasureMap","floor":7},{"not_picked":["Guardian:Gem_Cyan","Guardian:Suspension"],"picked":"Guardian:PrimingBeam","floor":8},{"not_picked":["TH:BikiniMail","TH:CursedSword"],"picked":"SKIP","floor":8},{"not_picked":["Guardian:CrystalBeam","Guardian:Harden"],"picked":"Guardian:ChargeCore","floor":9},{"not_picked":["Guardian:ChargeCore","Guardian:Harden"],"picked":"Guardian:Gem_Blue","floor":10},{"not_picked":["Guardian:FastForward","Guardian:ShieldSpikes"],"picked":"Guardian:DonusPower","floor":12},{"not_picked":["Guardian:Gem_Green","Guardian:DecasProtection"],"picked":"Guardian:Gem_Purple","floor":14},{"not_picked":["Guardian:PrimingBeam","Guardian:TemporalShield"],"picked":"Guardian:WalkerClaw","floor":15}],"player_experience":39506,"relics_obtained":[{"floor":7,"key":"Tiny Chest"},{"floor":8,"key":"hubris:MysteriousPyramids"}],"event_choices":[],"is_beta":false,"boss_relics":[],"items_purged_floors":[],"is_endless":false,"potions_floor_spawned":[8,9,10,15],"killed_by":"DF_ARCHETYPE_STREAMLINE","ascension_level":0}}