{"host":"mo4d2vii2wc3uyp7","time":1613229443,"event":{"mods":["AchievementEnabler","BaseMod","Colored Map","Highlight Path","Keyboard Shortcuts","Minty Spire (QoL Compilation)","Permanent Neow","Quick Restart","Shop Mod","StSLib","SuperFastMode","everything is the same but u backflip on backflip"],"gold_per_floor":[113,128,148,165,165,182,182,192,192,267,295,295,310,339,339,437,437,456,77,176,91,91,116,116,146,146,160,170,170,170,190,190,190,190],"floor_reached":33,"language":"KOR","playtime":815,"items_purged":["Defend_G"],"score":327,"play_id":"4e71c2bd-9dbe-4a93-b662-c5e807aebdec","local_time":"20210214001723","is_ascension_mode":true,"campfire_choices":[{"data":"Dagger Throw","floor":7.0,"key":"SMITH"},{"data":"Neutralize","floor":12.0,"key":"SMITH"},{"floor":15.0,"key":"REST"},{"data":"Terror","floor":24.0,"key":"SMITH"},{"floor":30.0,"key":"REST"},{"floor":32.0,"key":"REST"}],"circlet_count":0,"master_deck":["Strike_G","Strike_G","Defend_G+1","Defend_G+1","Defend_G","Defend_G","Survivor","Neutralize+1","Sucker Punch","Acrobatics","Flechettes","Dagger Throw+1","Quick Slash","All Out Attack","Terror+1","Bane","Bullet Time","Reflex","Backstab","Strike_G","A Thousand Cuts","Backflip","Necronomicurse","Prepared"],"relics":["Ring of the Snake","Bronze Scales","War Paint","Strawberry","Oddly Smooth Stone","Empty Cage","MealTicket","White Beast Statue","Ancient Tea Set","Bag of Marbles","Potion Belt","Necronomicon"],"acts_visited":["Exordium","TheCity"],"potions_floor_usage":[33,33,33],"damage_taken":[{"damage":0.0,"enemies":"Small Slimes","floor":1.0,"turns":4.0},{"damage":1.0,"enemies":"2 Louse","floor":2.0,"turns":2.0},{"damage":0.0,"enemies":"Jaw Worm","floor":3.0,"turns":3.0},{"damage":2.0,"enemies":"Large Slime","floor":4.0,"turns":8.0},{"damage":4.0,"enemies":"Red Slaver","floor":6.0,"turns":5.0},{"damage":1.0,"enemies":"Looter","floor":8.0,"turns":4.0},{"damage":16.0,"enemies":"Gremlin Nob","floor":11.0,"turns":4.0},{"damage":9.0,"enemies":"Exordium Wildlife","floor":13.0,"turns":3.0},{"damage":15.0,"enemies":"3 Sentries","floor":14.0,"turns":7.0},{"damage":17.0,"enemies":"Hexaghost","floor":16.0,"turns":12.0},{"damage":23.0,"enemies":"Spheric Guardian","floor":18.0,"turns":4.0},{"damage":19.0,"enemies":"Book of Stabbing","floor":23.0,"turns":6.0},{"damage":9.0,"enemies":"Gremlin Leader","floor":25.0,"turns":6.0},{"damage":0.0,"enemies":"3 Byrds","floor":27.0,"turns":3.0},{"damage":7.0,"enemies":"Centurion and Healer","floor":28.0,"turns":5.0},{"damage":0.0,"enemies":"Cultist and Chosen","floor":31.0,"turns":4.0},{"damage":90,"enemies":"Automaton","floor":33,"turns":12}],"seed_played":"-8087505721723335307","potions_obtained":[{"floor":2.0,"key":"Fire Potion"},{"floor":3.0,"key":"SpeedPotion"},{"floor":6.0,"key":"Poison Potion"},{"floor":14.0,"key":"LiquidMemories"},{"floor":23.0,"key":"Strength Potion"},{"floor":25.0,"key":"ColorlessPotion"},{"floor":27.0,"key":"ColorlessPotion"},{"floor":28.0,"key":"FearPotion"},{"floor":31.0,"key":"DuplicationPotion"}],"is_trial":false,"path_per_floor":["M","M","M","M","?","M","R","M","T","?","E","R","M","E","R","B",null,"M","$","?","?","?","E","R","E","T","M","M","?","R","M","R","B"],"character_chosen":"THE_SILENT","items_purchased":["Reflex","MealTicket","Backstab"],"campfire_rested":3,"item_purchase_floors":[19,19,19],"current_hp_per_floor":[70,69,69,67,72,68,68,67,67,56,47,47,38,23,47,30,82,59,59,59,59,59,40,40,31,31,31,24,8,32,32,56,0,0],"gold":190,"neow_bonus":"RANDOM_COMMON_RELIC","is_daily":false,"chose_seed":false,"campfire_upgraded":3,"win_rate":0.0,"timestamp":1613229443,"path_taken":["M","M","M","M","?","M","R","M","T","?","E","R","M","E","R","BOSS","M","$","?","?","?","E","R","E","T","?","M","?","R","M","R","BOSS"],"items_purchased_type":["Card","Relic","Card"],"build_version":"2020-12-22","purchased_purges":1,"victory":false,"max_hp_per_floor":[70,70,70,70,75,75,75,75,75,75,82,82,82,82,82,82,82,82,82,82,82,82,82,82,82,82,82,82,82,82,82,82,82,82],"card_choices":[{"not_picked":["Underhanded Strike","Dash"],"picked":"Sucker Punch","floor":1.0},{"not_picked":["Prepared","Terror"],"picked":"Acrobatics","floor":2.0},{"not_picked":["Deflect","Underhanded Strike"],"picked":"Flechettes","floor":3.0},{"not_picked":["Cloak And Dagger","Prepared"],"picked":"Dagger Throw","floor":4.0},{"not_picked":["Malaise","Dash"],"picked":"Quick Slash","floor":6.0},{"not_picked":["Dodge and Roll","Deflect","Setup"],"picked":"SKIP","floor":8.0},{"not_picked":["Calculated Gamble","Skewer"],"picked":"All Out Attack","floor":11.0},{"not_picked":["PiercingWail","Infinite Blades"],"picked":"Terror","floor":13.0},{"not_picked":["Infinite Blades","Deflect"],"picked":"Bane","floor":14.0},{"not_picked":["Glass Knife","Phantasmal Killer"],"picked":"Bullet Time","floor":16.0},{"not_picked":["Quick Slash+1","Bane","Terror"],"picked":"SKIP","floor":18.0},{"not_picked":["Well Laid Plans+1","Prepared"],"picked":"A Thousand Cuts","floor":23.0},{"not_picked":["Slice","Sucker Punch"],"picked":"Backflip","floor":25.0},{"not_picked":["Deadly Poison","Well Laid Plans","Heel Hook"],"picked":"SKIP","floor":27.0},{"not_picked":["Finisher","Dash","Cloak And Dagger"],"picked":"SKIP","floor":28.0},{"not_picked":["Deadly Poison","Infinite Blades"],"picked":"Prepared","floor":31.0}],"player_experience":623662,"relics_obtained":[{"floor":9.0,"key":"War Paint"},{"floor":11.0,"key":"Strawberry"},{"floor":14.0,"key":"Oddly Smooth Stone"},{"floor":23.0,"key":"Ancient Tea Set"},{"floor":25.0,"key":"Bag of Marbles"},{"floor":26.0,"key":"Potion Belt"},{"floor":29.0,"key":"Necronomicon"}],"event_choices":[{"damage_healed":0.0,"max_hp_gain":5.0,"max_hp_loss":0.0,"gold_gain":0.0,"event_name":"Big Fish","player_choice":"Donut","floor":5.0,"gold_loss":0.0,"damage_taken":0.0},{"damage_healed":0.0,"max_hp_gain":0.0,"max_hp_loss":0.0,"gold_gain":75.0,"event_name":"World of Goop","player_choice":"Gather Gold","floor":10.0,"gold_loss":0.0,"damage_taken":11.0},{"damage_healed":0.0,"max_hp_gain":0.0,"max_hp_loss":0.0,"gold_gain":99.0,"event_name":"Nest","player_choice":"Stole From Cult","floor":20.0,"gold_loss":0.0,"damage_taken":0.0},{"damage_healed":0.0,"max_hp_gain":0.0,"max_hp_loss":0.0,"gold_gain":0.0,"event_name":"Addict","player_choice":"Obtained Relic","floor":21.0,"gold_loss":85.0,"damage_taken":0.0,"relics_obtained":["White Beast Statue"]},{"cards_removed":["Strike_G"],"damage_healed":0.0,"max_hp_gain":0.0,"max_hp_loss":0.0,"gold_gain":0.0,"event_name":"NoteForYourself","player_choice":"Took Card","floor":22.0,"gold_loss":0.0,"damage_taken":0.0,"cards_obtained":["Strike_G"]},{"damage_healed":0.0,"max_hp_gain":0.0,"max_hp_loss":0.0,"gold_gain":0.0,"event_name":"Cursed Tome","player_choice":"Obtained Book","floor":29.0,"gold_loss":0.0,"damage_taken":16.0}],"is_beta":false,"boss_relics":[{"not_picked":["Astrolabe","Calling Bell"],"picked":"Empty Cage"}],"items_purged_floors":[19],"is_endless":false,"potions_floor_spawned":[2,3,6,14,23,25,27,28,31],"killed_by":"Automaton","ascension_level":2}}