{"host":"wz9xchfsxwfj1bs2","time":1613205421,"event":{"mods":["BaseMod","Minty Spire (QoL Compilation)","Quick Restart","StSLib"],"gold_per_floor":[118,130,142,142,157,157,157,157,180,200,212,50,60,87,87,189,189,209,229,240,240,240,19,34,83,83,33,33,60,77,90,90,188,188,200,200,200],"floor_reached":36,"language":"ZHS","playtime":3006,"items_purged":["Strike_B","Defend_B","Strike_B"],"score":452,"play_id":"b62a1693-3360-4fad-ba19-7de6d17fb63a","local_time":"20210213163701","is_ascension_mode":true,"campfire_choices":[{"data":"Fission","floor":6.0,"key":"SMITH"},{"data":"Redo","floor":15.0,"key":"SMITH"},{"data":"Apotheosis","floor":28.0,"key":"SMITH"},{"floor":32.0,"key":"REST"}],"circlet_count":0,"master_deck":["Strike_B","Defend_B","Defend_B","Defend_B","Zap","Dualcast","Fission+1","Ball Lightning","Coolheaded","Consume","Doom and Gloom","Self Repair","Capacitor","Redo+1","Capacitor","Multi-Cast","Loop","Apotheosis+1","All For One","Gash+1","Amplify"],"relics":["FrozenCore","Tiny Chest","Bronze Scales","Gambling Chip","Black Star","Smiling Mask","Darkstone Periapt","Omamori","Mango"],"acts_visited":["Exordium","TheCity","TheBeyond"],"potions_floor_usage":[],"damage_taken":[{"damage":6.0,"enemies":"Jaw Worm","floor":1.0,"turns":4.0},{"damage":1.0,"enemies":"Cultist","floor":2.0,"turns":3.0},{"damage":5.0,"enemies":"2 Louse","floor":3.0,"turns":3.0},{"damage":14.0,"enemies":"Large Slime","floor":5.0,"turns":5.0},{"damage":1.0,"enemies":"Exordium Wildlife","floor":10.0,"turns":3.0},{"damage":4.0,"enemies":"Exordium Thugs","floor":11.0,"turns":3.0},{"damage":1.0,"enemies":"Gremlin Gang","floor":13.0,"turns":3.0},{"damage":7.0,"enemies":"Lagavulin","floor":14.0,"turns":7.0},{"damage":36.0,"enemies":"The Guardian","floor":16.0,"turns":12.0},{"damage":14.0,"enemies":"Shell Parasite","floor":18.0,"turns":6.0},{"damage":5.0,"enemies":"Chosen","floor":19.0,"turns":4.0},{"damage":25.0,"enemies":"Snake Plant","floor":20.0,"turns":3.0},{"damage":10.0,"enemies":"Centurion and Healer","floor":24.0,"turns":9.0},{"damage":37.0,"enemies":"Book of Stabbing","floor":29.0,"turns":5.0},{"damage":20.0,"enemies":"Sentry and Sphere","floor":30.0,"turns":4.0},{"damage":7.0,"enemies":"Snake Plant","floor":31.0,"turns":3.0},{"damage":45.0,"enemies":"Collector","floor":33.0,"turns":7.0},{"damage":21.0,"enemies":"3 Darklings","floor":35.0,"turns":5.0},{"damage":89,"enemies":"2 Orb Walkers","floor":36,"turns":4}],"seed_played":"7863146070885615722","potions_obtained":[{"floor":1.0,"key":"DuplicationPotion"},{"floor":2.0,"key":"FocusPotion"},{"floor":5.0,"key":"EntropicBrew"},{"floor":14.0,"key":"Fire Potion"},{"floor":20.0,"key":"Swift Potion"},{"floor":31.0,"key":"Fruit Juice"},{"floor":33.0,"key":"Strength Potion"},{"floor":35.0,"key":"DistilledChaos"}],"is_trial":false,"path_per_floor":["M","M","M","?","M","R","?","?","T","M","M","$","M","E","R","B",null,"M","M","M","T","?","$","M","T","T","$","R","E","M","M","R","B",null,"M","?"],"character_chosen":"DEFECT","items_purchased":["Capacitor","Redo","Apotheosis"],"campfire_rested":1,"item_purchase_floors":[12,12,23],"current_hp_per_floor":[69,68,63,63,49,49,42,30,30,29,32,32,38,38,38,2,75,68,63,38,38,38,38,38,38,38,38,38,25,12,20,48,13,94,83,0,0],"gold":200,"neow_bonus":"ONE_RANDOM_RARE_CARD","is_daily":false,"chose_seed":false,"campfire_upgraded":3,"win_rate":0.0,"timestamp":1613205421,"path_taken":["M","M","M","?","?","R","?","?","T","M","?","?","?","E","R","BOSS","M","M","M","?","?","?","?","?","T","$","R","E","M","M","R","BOSS","M","?"],"items_purchased_type":["Card","Card","Card"],"build_version":"2020-12-22","purchased_purges":3,"victory":false,"max_hp_per_floor":[75,75,75,75,75,75,75,75,75,75,75,75,75,75,75,75,75,75,75,75,75,75,75,75,75,75,75,75,89,89,94,94,94,94,94,94,94],"card_choices":[{"not_picked":["Tempest","Melter"],"picked":"Ball Lightning","floor":1.0},{"not_picked":["Reprogram","Skim"],"picked":"Coolheaded","floor":2.0},{"not_picked":["Coolheaded","Redo"],"picked":"Consume","floor":3.0},{"not_picked":["Ball Lightning","Undo","Conserve Battery"],"picked":"SKIP","floor":5.0},{"not_picked":["Barrage","Go for the Eyes"],"picked":"Self Repair","floor":10.0},{"not_picked":["Consume","Gash","Storm"],"picked":"SKIP","floor":11.0},{"not_picked":["Consume","Compile Driver"],"picked":"Capacitor","floor":13.0},{"not_picked":["Capacitor","Thunder Strike","Cold Snap"],"picked":"SKIP","floor":14.0},{"not_picked":["Creative AI","All For One"],"picked":"Multi-Cast","floor":16.0},{"not_picked":["Blizzard","Sweeping Beam","Redo"],"picked":"SKIP","floor":18.0},{"not_picked":["Rip and Tear","Redo+1","Ball Lightning"],"picked":"SKIP","floor":19.0},{"not_picked":["Steam","Gash","Rebound"],"picked":"SKIP","floor":20.0},{"not_picked":["Darkness","Conserve Battery","Self Repair"],"picked":"SKIP","floor":24.0},{"not_picked":["Cold Snap","Gash"],"picked":"All For One","floor":29.0},{"not_picked":["Genetic Algorithm","Melter"],"picked":"Gash+1","floor":30.0},{"not_picked":["Auto Shields","Rip and Tear+1","Consume"],"picked":"SKIP","floor":31.0},{"not_picked":["Hyperbeam","Reboot"],"picked":"Amplify","floor":33.0},{"not_picked":["Leap","Stack+1","Steam Power"],"picked":"SKIP","floor":35.0}],"player_experience":128721,"relics_obtained":[{"floor":9.0,"key":"Bronze Scales"},{"floor":14.0,"key":"Gambling Chip"},{"floor":21.0,"key":"Smiling Mask"},{"floor":26.0,"key":"Darkstone Periapt"},{"floor":29.0,"key":"Omamori"},{"floor":29.0,"key":"Mango"}],"event_choices":[{"damage_healed":0.0,"max_hp_gain":0.0,"max_hp_loss":0.0,"gold_gain":0.0,"event_name":"Match and Keep!","player_choice":"1 cards matched","floor":4.0,"gold_loss":0.0,"damage_taken":0.0,"cards_obtained":["Doom and Gloom"]},{"cards_removed":["Strike_B"],"damage_healed":0.0,"max_hp_gain":0.0,"max_hp_loss":0.0,"gold_gain":0.0,"event_name":"Golden Wing","player_choice":"Card Removal","floor":7.0,"gold_loss":0.0,"damage_taken":7.0},{"damage_healed":0.0,"max_hp_gain":0.0,"max_hp_loss":0.0,"gold_gain":0.0,"event_name":"Scrap Ooze","player_choice":"Success","floor":8.0,"gold_loss":0.0,"damage_taken":12.0,"relics_obtained":["Tiny Chest"]},{"damage_healed":0.0,"max_hp_gain":0.0,"max_hp_loss":0.0,"gold_gain":0.0,"event_name":"The Library","player_choice":"Read","floor":22.0,"gold_loss":0.0,"damage_taken":0.0,"cards_obtained":["Loop"]},{"damage_healed":0,"gold_gain":0,"player_choice":"Fight","damage_taken":0,"max_hp_gain":0,"max_hp_loss":0,"event_name":"Mysterious Sphere","floor":36,"gold_loss":0}],"is_beta":false,"boss_relics":[{"not_picked":["Runic Dome","Cursed Key"],"picked":"Black Star"},{"not_picked":["Philosopher\u0027s Stone","SlaversCollar"],"picked":"FrozenCore"}],"items_purged_floors":[12,23,27],"is_endless":false,"potions_floor_spawned":[1,2,5,14,18,20,31,33,35],"killed_by":"2 Orb Walkers","ascension_level":2}}