{"host":"dr01x95rw3kaiuk5","time":1613234041,"event":{"mods":["ATMod(°¢èªMod)","Act Like it!","Arknights","BaseMod","Colored Powertips","Conspire","Energized Spire","Friendly Minions","Gensokyo","GifTheSpireLib","Minty Spire (QoL Compilation)","MostiFishMod","Reimu£¨²©ÀöÁéÃÎ£©","Reliquary","Replay The Spire","Shop Mod","Spicy Shops","StSLib","TestMod","UnlockEverythingMod","[IsaacMod]ÒÔÈö¼âËþ","¡¾ÒÅÎï¿¨ÅÆ¡¿REMEMod"],"gold_per_floor":[112,123,123,136,136,136,153,153,153,153,171,171,191,210,210,311,311,331,211,611,627,637,637,198,198,198,214,214,214,214,214,0,10,10,106,106,322,322,322,334,196,196,208,208,233,246,274,274,292,310,310,310],"floor_reached":53,"language":"ZHS","playtime":3214,"items_purged":["Pain","Strike_Lin:ReiMu"],"score":781,"play_id":"dc23b462-de3e-4824-9e89-70345dc55e49","local_time":"20210214003401","is_ascension_mode":false,"campfire_choices":[{"data":"ShadowOfCrow2:ReiMu","floor":6.0,"key":"SMITH"},{"data":"OctopathBindingBorder2:ReiMu","floor":8.0,"key":"SMITH"},{"data":"LovePray:ReiMu","floor":10.0,"key":"SMITH"},{"data":"TightArray:ReiMu","floor":15.0,"key":"SMITH"},{"data":"DependentForm:ReiMu","floor":23.0,"key":"SMITH"},{"data":"Conquer:ReiMu","floor":25.0,"key":"SMITH"},{"data":"OctopathBindingBorder2:ReiMu","floor":34.0,"key":"SMITH"},{"data":"KamiRite:ReiMu","floor":42,"key":"SMITH"},{"data":"InherentArray:ReiMu","floor":44,"key":"SMITH"},{"data":"AT_DarkMatter","floor":51,"key":"SMITH"}],"circlet_count":0,"master_deck":["Strike_Lin:ReiMu","Strike_Lin:ReiMu","Strike_Lin:ReiMu+1","Defend_Lin:ReiMu","Defend_Lin:ReiMu+1","Defend_Lin:ReiMu","Defend_Lin:ReiMu+1","NB:ReiMu","Stagnation:ReiMu","AT_DarkMatter+1","ShadowOfCrow2:ReiMu+1","LovePray:ReiMu+1","UniversalSpiritual:ReiMu","RainPray2:ReiMu","OctopathBindingBorder2:ReiMu+1","RainPray2:ReiMu","OctopathBindingBorder2:ReiMu+1","TightArray:ReiMu+1","Conquer:ReiMu+1","DependentForm:ReiMu+1","SpringWay:ReiMu+1","InherentArray:ReiMu+1","KamiRite:ReiMu+1","YinYangSange:ReiMu+1","InherentArray:ReiMu+1","Gensokyo:SummonFieryMouse","MikOfLucky:ReiMu+1","Strike_Lin:ReiMu"],"relics":["FlyPower:ReiMu","testmod-TestBox","HushsDoor","AT_ATBox","REME_ComplimentaryCards","SynthV:C4","SteamSale","testmod-Justice","SynthV:TestCard","Gensokyo:PortableGap","AT_GuinsooRageblade","Gensokyo:LunaticRedEyes","testmod-SaigiyounoYou","Gensokyo:MaskOfHope","BirthdayGift-Icosahedron","Chaos","conspire:Boomerang","Eternal Feather","testmod-Maize","Turnip","Gensokyo:Companionship","testmod-Muramasa"],"acts_visited":["Gensokyo:Gensokyo","Gensokyo:Gensokyoer","Gensokyo:Gensokyoest"],"potions_floor_usage":[52],"damage_taken":[{"damage":1.0,"enemies":"Gensokyo:Gryphon","floor":1.0,"turns":5.0},{"damage":3.0,"enemies":"Gensokyo:Python","floor":2.0,"turns":4.0},{"damage":0.0,"enemies":"Gensokyo:3_Fairies","floor":4.0,"turns":5.0},{"damage":5.0,"enemies":"Gensokyo:Gryphon_and_Rabbit","floor":7.0,"turns":5.0},{"damage":1.0,"enemies":"Gensokyo:Kitsune","floor":11.0,"turns":4.0},{"damage":4.0,"enemies":"Gensokyo:5_Fairies","floor":13.0,"turns":4.0},{"damage":2.0,"enemies":"Gensokyo:Python_and_Kodama","floor":14.0,"turns":3.0},{"damage":15.0,"enemies":"Gensokyo:Reimu","floor":16.0,"turns":6.0},{"damage":6.0,"enemies":"Gensokyo:2_Gloops","floor":18.0,"turns":3.0},{"damage":4.0,"enemies":"Gensokyo:Chomper","floor":21.0,"turns":4.0},{"damage":7.0,"enemies":"Gensokyo:Slime_Group","floor":22.0,"turns":5.0},{"damage":0.0,"enemies":"Gensokyo:Swordslinger","floor":27.0,"turns":2.0},{"damage":1.0,"enemies":"Gensokyo:Mirror_and_Dog","floor":33.0,"turns":2.0},{"damage":21.0,"enemies":"Gensokyo:Eternal_Rivals","floor":35.0,"turns":5.0},{"damage":0.0,"enemies":"Gensokyo:3_Boulders","floor":37.0,"turns":2.0},{"damage":1,"enemies":"Gensokyo:AncientGuardian","floor":40,"turns":2},{"damage":0,"enemies":"Gensokyo:Sharpion","floor":43,"turns":3},{"damage":0,"enemies":"Gensokyo:3_Boulders","floor":46,"turns":2},{"damage":0,"enemies":"Gensokyo:Marisa","floor":47,"turns":3},{"damage":0,"enemies":"Gensokyo:4_Bats","floor":49,"turns":1},{"damage":0,"enemies":"Gensokyo:AtlasGolem","floor":50,"turns":3},{"damage":0,"enemies":"Gensokyo:Yuyuko","floor":52,"turns":4}],"seed_played":"4130813316579257181","potions_obtained":[{"floor":4.0,"key":"LiquidFlight:ReiMu"},{"floor":7.0,"key":"Elixir"},{"floor":21.0,"key":"Dexterity Potion"},{"floor":22.0,"key":"Adrenaline Potion"},{"floor":40,"key":"Adrenaline Potion"}],"is_trial":false,"path_per_floor":["M","M","?","M","?","R","M","R","T","R","M","?","M","M","R","B",null,"M","?","?","M","M","R","COS","R","T","M","?","PTL","PTL","?","?","M","R","B",null,"M","?","?","M","$","R","M","R","T","M","E","?","M","M","R","B",null],"character_chosen":"REIMU","items_purchased":[],"campfire_rested":0,"item_purchase_floors":[],"current_hp_per_floor":[70,67,64,64,64,64,59,59,59,59,58,58,54,52,52,37,64,64,64,64,64,59,59,59,59,59,64,64,64,64,64,64,64,64,64,64,64,64,64,64,64,64,64,64,64,64,64,64,64,64,64,64],"gold":310,"neow_bonus":"TEN_PERCENT_HP_BONUS","is_daily":false,"chose_seed":false,"campfire_upgraded":10,"win_rate":0.0,"timestamp":1613234041,"path_taken":["M","?","?","M","?","R","M","R","T","R","M","?","?","M","R","BOSS","M","?","?","?","M","R","COS","R","T","M","?","PTL","PTL","?","?","M","R","BOSS","M","?","?","M","?","R","M","R","T","M","E","?","?","M","R","BOSS"],"items_purchased_type":[],"build_version":"2020-12-22","purchased_purges":2,"victory":true,"max_hp_per_floor":[71,71,64,64,64,64,64,64,64,64,64,64,64,64,64,64,64,64,64,64,64,64,64,64,64,64,64,64,64,64,64,64,64,64,64,64,64,64,64,64,64,64,64,64,64,64,64,64,64,64,64,64],"card_choices":[{"not_picked":["PhosphorusFlame:ReiMu","Amulet:ReiMu"],"picked":"ShadowOfCrow2:ReiMu","floor":1.0},{"not_picked":["MountainWay:ReiMu","UniversalSpiritual:ReiMu","CareerPray:ReiMu","Enchanting:ReiMu"],"picked":"LovePray:ReiMu","floor":2.0},{"not_picked":["KamiSacrifice:ReiMu","FantasyMoon:ReiMu","WonderfulDomain:ReiMu","SpiritualOutbreak2:ReiMu"],"picked":"UniversalSpiritual:ReiMu","floor":4.0},{"not_picked":["CareerPray:ReiMu","AirStrike:ReiMu","NineCharacters:ReiMu","SubcavityInstant:ReiMu"],"picked":"RainPray2:ReiMu","floor":5.0},{"not_picked":["Intuition:ReiMu","AlertArray:ReiMu","OrbThrow:ReiMu","SubcavityInstant:ReiMu"],"picked":"OctopathBindingBorder2:ReiMu","floor":5.0},{"not_picked":["OctopathSalyBorderN:ReiMu","SpreadBorder2:ReiMu","TightArray:ReiMu","SpringWay:ReiMu"],"picked":"RainPray2:ReiMu","floor":7.0},{"not_picked":["Conquer:ReiMu","OrbThrow:ReiMu","AirStrike:ReiMu","SpringWay:ReiMu"],"picked":"OctopathBindingBorder2:ReiMu","floor":11.0},{"not_picked":["SubAcupoint:ReiMu","Gathering:ReiMu","FineLineFantasy:ReiMu","FantasyMoon:ReiMu"],"picked":"TightArray:ReiMu","floor":13.0},{"not_picked":["EmergencyTakeOff:ReiMu","PrepareRite:ReiMu","FantasyMoon:ReiMu","OctopathSalyBorderN:ReiMu"],"picked":"Conquer:ReiMu","floor":14.0},{"not_picked":["YinYang:ReiMu","Dreaming:ReiMu","CardOfSanctity:ReiMu","KyokaiOfKami:ReiMu"],"picked":"DependentForm:ReiMu","floor":16.0},{"not_picked":["FantasyBorder:ReiMu","LovePray:ReiMu","OrbThrow:ReiMu","AlertArray:ReiMu"],"picked":"SpringWay:ReiMu+1","floor":18.0},{"not_picked":["Conquer:ReiMu","SealNeedle:ReiMu+1","SpreadBorder2:ReiMu+1","TightArray:ReiMu"],"picked":"InherentArray:ReiMu","floor":21.0},{"not_picked":["SpreadBorder2:ReiMu+1","CareerPray:ReiMu+1","EmergencyTakeOff:ReiMu","RainPray2:ReiMu","MountainWay:ReiMu+1"],"picked":"SKIP","floor":22.0},{"not_picked":["FantasyMoon:ReiMu","DoubleButterfly:ReiMu","SpringWay:ReiMu","Enchanting:ReiMu","FantasyBorder:ReiMu"],"picked":"SKIP","floor":27.0},{"not_picked":["FantasyMoon:ReiMu","WonderfulDomain:ReiMu","Free:ReiMu","Conquer:ReiMu+1","Meditation:ReiMu"],"picked":"SKIP","floor":33.0},{"not_picked":["CleanRite:ReiMu","CeremonyResonance:ReiMu","PrayRite:ReiMu","KyokaiOfKami:ReiMu"],"picked":"KamiRite:ReiMu","floor":35.0},{"not_picked":["CareerPray:ReiMu","Meditation:ReiMu","SpreadBorder2:ReiMu+1","TightArray:ReiMu+1"],"picked":"YinYangSange:ReiMu+1","floor":37.0},{"not_picked":["PrepareRite:ReiMu+1","SubcavityInstant:ReiMu+1","FoulBorder2:ReiMu","DependentForm:ReiMu"],"picked":"InherentArray:ReiMu+1","floor":40},{"not_picked":["AlertArray:ReiMu","Enchanting:ReiMu+1","SealNeedle:ReiMu+1","ManaGlint:ReiMu+1","FoulBorder2:ReiMu"],"picked":"SKIP","floor":43},{"not_picked":["Enchanting:ReiMu+1","Meditation:ReiMu","Dreaming2:ReiMu+1","CareerPray:ReiMu+1"],"picked":"MikOfLucky:ReiMu+1","floor":46},{"not_picked":["CareerPray:ReiMu","LearningPray:ReiMu","OrbThrow:ReiMu","UniversalSpiritual:ReiMu+1","SpreadBorder2:ReiMu"],"picked":"SKIP","floor":47},{"not_picked":["KyokaiOfKami:ReiMu","WonderfulDomain:ReiMu","RainPray2:ReiMu","Revelation:ReiMu","LearningPray:ReiMu+1"],"picked":"SKIP","floor":49},{"not_picked":["SpreadBorder2:ReiMu+1","PassingAway:ReiMu","AirStrike:ReiMu","ManaGlint:ReiMu+1","Conquer:ReiMu"],"picked":"SKIP","floor":50}],"player_experience":199227,"relics_obtained":[{"floor":1.0,"key":"SynthV:TestCard"},{"floor":9.0,"key":"AT_GuinsooRageblade"},{"floor":26.0,"key":"conspire:Boomerang"},{"floor":45,"key":"Turnip"},{"floor":47,"key":"testmod-Muramasa"}],"event_choices":[{"damage_healed":0.0,"max_hp_gain":0.0,"max_hp_loss":0.0,"gold_gain":400.0,"event_name":"¶÷ÂåË¹µÄÅÌ×Ó","player_choice":"Sell","floor":20.0,"relics_lost":["DaveBox"],"gold_loss":0.0,"damage_taken":0.0}],"is_beta":false,"boss_relics":[{"not_picked":["testmod-Fanaticism","testmod-CardMagician"],"picked":"testmod-SaigiyounoYou"},{"not_picked":[]},{"not_picked":["DianPoetry","Bow_fan:ReiMu"],"picked":"testmod-Maize"},{"not_picked":[]}],"items_purged_floors":[41,41],"is_endless":false,"potions_floor_spawned":[4,7,21,22,40,43,46],"ascension_level":0}}