{"host":"soyfmymeou4emntr","time":1613188695,"event":{"mods":["BaseMod","Minty Spire (QoL Compilation)","Permanent Neow","Relic Sorter","Relic Stats","StSLib"],"gold_per_floor":[116,136,136,48,68,68,98,124,124,124,160,184,184,20,20,127,127,150,165,190,190,203,203,237,237,237],"floor_reached":25,"language":"ENG","playtime":2067,"items_purged":[],"score":526,"play_id":"86cba402-b371-40d9-b164-f52250433da4","local_time":"20210212205815","is_ascension_mode":true,"campfire_choices":[{"data":"Bash","floor":6.0,"key":"SMITH"},{"data":"Inflame","floor":10.0,"key":"SMITH"},{"data":"Sever Soul","floor":15.0,"key":"SMITH"},{"data":"Offering","floor":23,"key":"SMITH"}],"circlet_count":0,"master_deck":["AscendersBane","Strike_R","Strike_R","Strike_R","Strike_R","Defend_R","Defend_R","Defend_R","Bash+1","Inflame+1","Combust+1","Sever Soul+1","Reckless Charge","Carnage+1","Ghostly Armor","Heavy Blade+1","Inflame+1","Offering+1","Disarm","Shrug It Off+1","Evolve"],"relics":["Burning Blood","Molten Egg 2","Odd Mushroom","Meat on the Bone","CeramicFish","Golden Idol","DollysMirror","Black Star"],"acts_visited":["Exordium","TheCity"],"potions_floor_usage":[19,22,25,25],"damage_taken":[{"damage":11.0,"enemies":"Jaw Worm","floor":1.0,"turns":6.0},{"damage":4.0,"enemies":"Small Slimes","floor":2.0,"turns":4.0},{"damage":3.0,"enemies":"2 Louse","floor":5.0,"turns":2.0},{"damage":10.0,"enemies":"Gremlin Nob","floor":7.0,"turns":3.0},{"damage":21.0,"enemies":"The Mushroom Lair","floor":8.0,"turns":4.0},{"damage":19.0,"enemies":"Lagavulin","floor":11.0,"turns":5.0},{"damage":21.0,"enemies":"Blue Slaver","floor":12.0,"turns":4.0},{"damage":1.0,"enemies":"Slime Boss","floor":16.0,"turns":5.0},{"damage":11.0,"enemies":"Spheric Guardian","floor":18.0,"turns":3.0},{"damage":7,"enemies":"2 Thieves","floor":19,"turns":2},{"damage":16,"enemies":"Centurion and Healer","floor":20,"turns":4},{"damage":16,"enemies":"Snecko","floor":22,"turns":4},{"damage":20,"enemies":"3 Cultists","floor":24,"turns":4},{"damage":45,"enemies":"Book of Stabbing","floor":25,"turns":3}],"seed_played":"-2963169322219268108","potions_obtained":[{"floor":2.0,"key":"SteroidPotion"},{"floor":5.0,"key":"FearPotion"},{"floor":11.0,"key":"Strength Potion"},{"floor":16.0,"key":"SteroidPotion"},{"floor":20,"key":"Swift Potion"},{"floor":24,"key":"Dexterity Potion"}],"is_trial":false,"path_per_floor":["M","M","?","$","M","R","E","?","T","R","E","M","?","$","R","B",null,"M","M","M","?","M","R","M","E"],"character_chosen":"IRONCLAD","items_purchased":["Sever Soul","DollysMirror"],"campfire_rested":0,"item_purchase_floors":[4,14],"current_hp_per_floor":[63,65,65,65,68,68,64,49,49,49,48,45,45,45,45,50,59,54,53,43,43,45,45,43,0,0],"gold":237,"neow_bonus":"REMOVE_TWO","is_daily":false,"chose_seed":false,"campfire_upgraded":4,"win_rate":0.0,"timestamp":1613188695,"path_taken":["M","M","?","$","M","R","E","?","T","R","E","M","?","?","R","BOSS","M","M","?","?","?","R","M","E"],"items_purchased_type":["Card","Relic"],"build_version":"2020-12-22","purchased_purges":0,"victory":false,"max_hp_per_floor":[68,68,68,68,68,68,68,68,68,68,68,68,62,62,62,62,62,62,62,62,62,62,62,62,62,62],"relic_stats":{"counters":[14,53],"Golden Idol":37,"CeramicFish":63,"Black Star":0,"obtain_stats":[{"Golden Idol":13,"DollysMirror":14,"CeramicFish":11,"Molten Egg 2":7,"Black Star":17,"Odd Mushroom":8,"Burning Blood":0,"Meat on the Bone":9},{"Golden Idol":7,"DollysMirror":7,"CeramicFish":6,"Molten Egg 2":4,"Black Star":8,"Odd Mushroom":5,"Burning Blood":0,"Meat on the Bone":5},{"Golden Idol":28,"DollysMirror":28,"CeramicFish":24,"Molten Egg 2":15,"Black Star":33,"Odd Mushroom":19,"Burning Blood":0,"Meat on the Bone":19}],"Burning Blood":78,"Meat on the Bone":48},"card_choices":[{"not_picked":["Anger","Armaments"],"picked":"Inflame","floor":1.0},{"not_picked":["Anger","Twin Strike"],"picked":"Combust","floor":2.0},{"not_picked":["Dark Embrace","Reckless Charge","Armaments"],"picked":"SKIP","floor":5.0},{"not_picked":["Dark Embrace","Armaments"],"picked":"Reckless Charge","floor":5.0},{"not_picked":["Uppercut+1","Armaments"],"picked":"Carnage+1","floor":7.0},{"not_picked":["Shockwave","Clash+1"],"picked":"Ghostly Armor","floor":11.0},{"not_picked":["Wild Strike+1","Combust"],"picked":"Heavy Blade+1","floor":12.0},{"not_picked":["Fiend Fire+1","Limit Break"],"picked":"Offering","floor":16.0},{"not_picked":["Headbutt+1","Heavy Blade+1"],"picked":"Disarm","floor":18.0},{"not_picked":["Perfected Strike+1","Warcry","Havoc"],"picked":"SKIP","floor":19},{"not_picked":["Flex","Cleave+1"],"picked":"Shrug It Off+1","floor":20},{"not_picked":["Dual Wield","Wild Strike+1","Infernal Blade"],"picked":"SKIP","floor":22},{"not_picked":["Clothesline+1","Carnage+1"],"picked":"Evolve","floor":24}],"player_experience":3267704,"relics_obtained":[{"floor":7.0,"key":"Molten Egg 2"},{"floor":8.0,"key":"Odd Mushroom"},{"floor":9.0,"key":"Meat on the Bone"},{"floor":11.0,"key":"CeramicFish"}],"event_choices":[{"damage_healed":0.0,"max_hp_gain":0.0,"max_hp_loss":0.0,"gold_gain":0.0,"event_name":"Living Wall","player_choice":"Grow","floor":3.0,"gold_loss":0.0,"damage_taken":0.0,"cards_upgraded":["Combust"]},{"damage_healed":0.0,"max_hp_gain":0.0,"max_hp_loss":0.0,"gold_gain":0.0,"event_name":"Mushrooms","player_choice":"Fought Mushrooms","floor":8.0,"gold_loss":0.0,"damage_taken":0.0},{"damage_healed":0.0,"max_hp_gain":0.0,"max_hp_loss":6.0,"gold_gain":0.0,"event_name":"Golden Idol","player_choice":"Lose Max HP","floor":13.0,"gold_loss":0.0,"damage_taken":0.0,"relics_obtained":["Golden Idol"]},{"damage_healed":0,"gold_gain":0,"player_choice":"0 cards matched","damage_taken":0,"max_hp_gain":0,"max_hp_loss":0,"event_name":"Match and Keep!","floor":21,"gold_loss":0,"cards_obtained":[]}],"is_beta":false,"boss_relics":[{"not_picked":["Mark of Pain","Ectoplasm"],"picked":"Black Star"}],"items_purged_floors":[],"is_endless":false,"potions_floor_spawned":[2,5,11,16,20,24],"killed_by":"Book of Stabbing","ascension_level":20}}