{"host":"sum4dy402bbv9y4o","time":1613230321,"event":{"mods":["Aspiration","BaseMod","Conspire","Highlight Path","Minty Spire (QoL Compilation)","StSLib"],"gold_per_floor":[110,33,53,70,81,81,106,106,180,198,71,101,121,121,121,121,121],"floor_reached":16,"language":"ENG","playtime":558,"items_purged":[],"score":274,"play_id":"33fe568e-a770-4744-a467-8bb4a3d46bd3","local_time":"20210213183201","is_ascension_mode":true,"campfire_choices":[{"data":"Eruption","floor":6,"key":"SMITH"},{"data":"Perseverance","floor":8,"key":"SMITH"},{"data":"FlurryOfBlows","floor":15,"key":"SMITH"}],"circlet_count":0,"master_deck":["AscendersBane","Strike_P","Strike_P","Strike_P","Defend_P","Defend_P","Defend_P","Defend_P","Eruption+1","Vigilance","SashWhip","Conclude","Nirvana","Perseverance+1","FlurryOfBlows+1","SashWhip","FearNoEvil","EmptyFist","EmptyBody"],"relics":["PureWater","aspiration:Nostalgia","Cracked Core","Centennial Puzzle","Gremlin Horn","Art of War","Lantern"],"acts_visited":["Exordium"],"potions_floor_usage":[12,16,16],"damage_taken":[{"damage":0,"enemies":"Jaw Worm","floor":1,"turns":4},{"damage":0,"enemies":"Cultist","floor":3,"turns":2},{"damage":0,"enemies":"Small Slimes","floor":4,"turns":2},{"damage":9,"enemies":"Red Slaver","floor":5,"turns":4},{"damage":20,"enemies":"3 Sentries","floor":7,"turns":6},{"damage":4,"enemies":"conspire:2 RoseBushes","floor":10,"turns":4},{"damage":0,"enemies":"Gremlin Nob","floor":12,"turns":2},{"damage":2,"enemies":"Exordium Wildlife","floor":13,"turns":3},{"damage":34,"enemies":"Slime Boss","floor":16,"turns":7}],"seed_played":"8618181134148651819","potions_obtained":[{"floor":3,"key":"Weak Potion"},{"floor":10,"key":"Strength Potion"},{"floor":13,"key":"FearPotion"}],"is_trial":false,"path_per_floor":["M","$","M","M","M","R","E","R","T","M","?","E","M","?","R","B"],"character_chosen":"WATCHER","items_purchased":["Conclude"],"campfire_rested":0,"item_purchase_floors":[2],"current_hp_per_floor":[61,61,61,61,52,52,32,32,32,28,28,28,26,26,26,0,0],"gold":121,"neow_bonus":"NOSTALGIA","is_daily":false,"chose_seed":false,"campfire_upgraded":3,"win_rate":0.0,"timestamp":1613230321,"path_taken":["M","$","M","M","M","R","E","R","T","M","?","E","?","?","R","BOSS"],"items_purchased_type":["Card"],"build_version":"2020-12-22","purchased_purges":0,"victory":false,"max_hp_per_floor":[68,68,68,68,68,68,68,68,68,68,68,68,68,68,68,68,68],"card_choices":[{"not_picked":["Evaluate","FollowUp"],"picked":"SashWhip","floor":1},{"not_picked":["ThirdEye","CrushJoints"],"picked":"Nirvana","floor":3},{"not_picked":["Study","ReachHeaven"],"picked":"Perseverance","floor":4},{"not_picked":["Wallop","EmptyBody"],"picked":"FlurryOfBlows","floor":5},{"not_picked":["ClearTheMind","Prostrate"],"picked":"SashWhip","floor":7},{"not_picked":["Sanctity","LikeWater"],"picked":"FearNoEvil","floor":10},{"not_picked":["MasterReality","FlyingSleeves"],"picked":"EmptyFist","floor":12},{"not_picked":["SignatureMove","WaveOfTheHand"],"picked":"EmptyBody","floor":13}],"player_experience":3094820,"relics_obtained":[{"floor":7,"key":"Centennial Puzzle"},{"floor":9,"key":"Gremlin Horn"},{"floor":12,"key":"Lantern"}],"event_choices":[{"damage_healed":0,"gold_gain":0,"player_choice":"Paid Gold","damage_taken":0,"relics_obtained":["Art of War"],"max_hp_gain":0,"max_hp_loss":0,"event_name":"WeMeetAgain","floor":11,"gold_loss":127},{"cards_removed":["Strike_P"],"damage_healed":0,"gold_gain":0,"player_choice":"Card Removal","damage_taken":0,"max_hp_gain":0,"max_hp_loss":0,"event_name":"Wheel of Change","floor":14,"gold_loss":0}],"is_beta":false,"boss_relics":[],"items_purged_floors":[],"is_endless":false,"potions_floor_spawned":[3,10,13],"killed_by":"Slime Boss","ascension_level":20}}