{"host":"anox4050deqdcqoh","time":1613243967,"event":{"mods":["BaseMod","Colored Map","Highlight Path","Minty Spire (QoL Compilation)","Quick Restart","Rare Cards Sparkle","everything is the same but u backflip on backflip"],"gold_per_floor":[214,164,175,195,10,10,40,40,40,40,60,78,113,113,113,214,214,224,149,149,149,165,165,194,194,247,278,278,294,294,304,304,408,408,424,424,442,455,455,455,469,33,57,57,57,73,89,89,89],"floor_reached":48,"language":"ENG","playtime":2898,"items_purged":["Defend_B"],"score":579,"play_id":"c1cd129c-b8f4-45f7-a20f-a2550e0437b9","local_time":"20210213141927","is_ascension_mode":true,"campfire_choices":[{"data":"Capacitor","floor":6,"key":"SMITH"},{"data":"Chaos","floor":8,"key":"SMITH"},{"data":"Zap","floor":10,"key":"SMITH"},{"floor":15,"key":"REST"},{"data":"Barrage","floor":23,"key":"SMITH"},{"floor":25,"key":"REST"},{"floor":28,"key":"REST"},{"data":"Leap","floor":30,"key":"SMITH"},{"floor":32,"key":"REST"},{"floor":40,"key":"REST"},{"floor":44,"key":"REST"}],"circlet_count":0,"master_deck":["Strike_B","Strike_B","Strike_B","Defend_B","Defend_B","Zap+1","Dualcast","Chill","Chaos+1","Gash","Capacitor+1","Leap+1","Coolheaded","Barrage+1","Cold Snap+1","Compile Driver+1","Hologram","Chill","Amplify","Double Energy+1","Blizzard+1","Leap","Go for the Eyes+1","Electrodynamics","Leap+1","Barrage+1","Cold Snap+1","Loop+1","Barrage+1","Stack+1","Cold Snap+1"],"relics":["Cracked Core","Molten Egg 2","Regal Pillow","Gambling Chip","Inserter","Mango","Potion Belt","Blood Vial","SlaversCollar","ClockworkSouvenir","Torii"],"acts_visited":["Exordium","TheCity","TheBeyond"],"potions_floor_usage":[18,24,33,37,39],"damage_taken":[{"damage":0,"enemies":"Small Slimes","floor":1,"turns":3},{"damage":0,"enemies":"Cultist","floor":3,"turns":3},{"damage":7,"enemies":"2 Louse","floor":4,"turns":2},{"damage":11,"enemies":"Lagavulin","floor":7,"turns":7},{"damage":0,"enemies":"Exordium Thugs","floor":11,"turns":5},{"damage":9,"enemies":"Red Slaver","floor":12,"turns":3},{"damage":36,"enemies":"Gremlin Nob","floor":13,"turns":5},{"damage":18,"enemies":"Hexaghost","floor":16,"turns":8},{"damage":13,"enemies":"Chosen","floor":18,"turns":6},{"damage":15,"enemies":"2 Thieves","floor":22,"turns":4},{"damage":65,"enemies":"Book of Stabbing","floor":24,"turns":7},{"damage":26,"enemies":"Slavers","floor":27,"turns":5},{"damage":9,"enemies":"3 Cultists","floor":29,"turns":4},{"damage":8,"enemies":"Centurion and Healer","floor":31,"turns":5},{"damage":28,"enemies":"Champ","floor":33,"turns":10},{"damage":3,"enemies":"3 Shapes","floor":35,"turns":6},{"damage":12,"enemies":"3 Darklings","floor":37,"turns":4},{"damage":53,"enemies":"4 Shapes","floor":38,"turns":6},{"damage":22,"enemies":"Spire Growth","floor":39,"turns":5},{"damage":9,"enemies":"Sphere and 2 Shapes","floor":41,"turns":3},{"damage":48,"enemies":"Maw","floor":46,"turns":9},{"damage":44,"enemies":"Transient","floor":47,"turns":5},{"damage":14,"enemies":"Spire Growth","floor":48,"turns":1}],"seed_played":"8601072698708207090","potions_obtained":[{"floor":11,"key":"Fruit Juice"},{"floor":16,"key":"ColorlessPotion"},{"floor":18,"key":"CultistPotion"},{"floor":29,"key":"CultistPotion"},{"floor":31,"key":"Dexterity Potion"},{"floor":33,"key":"SmokeBomb"},{"floor":35,"key":"SkillPotion"},{"floor":47,"key":"LiquidMemories"}],"is_trial":false,"path_per_floor":["M","?","M","M","$","R","E","R","T","R","M","M","E","?","R","B",null,"M","$","?","?","M","R","E","R","T","E","R","M","R","M","R","B",null,"M","?","M","M","M","R","M","$","T","R","?","M","M","M"],"character_chosen":"DEFECT","items_purchased":["Capacitor","Leap","Coolheaded","Barrage","ClockworkSouvenir","Torii"],"campfire_rested":6,"item_purchase_floors":[5,5,5,5,42,42],"current_hp_per_floor":[75,75,75,68,68,68,57,57,57,57,57,48,12,12,49,31,75,62,62,76,76,61,61,1,44,44,18,61,54,54,48,91,65,94,91,91,81,30,10,53,46,46,46,89,89,43,1,0,0],"gold":89,"neow_bonus":"HUNDRED_GOLD","is_daily":false,"chose_seed":false,"campfire_upgraded":5,"win_rate":0.0,"timestamp":1613243967,"path_taken":["M","?","M","M","$","R","E","R","T","R","M","M","E","?","R","BOSS","M","$","?","?","M","R","E","R","T","E","R","M","R","?","R","BOSS","M","?","M","M","?","R","M","$","T","R","?","M","M","M"],"items_purchased_type":["Card","Card","Card","Card","Relic","Relic"],"build_version":"2020-12-22","purchased_purges":1,"victory":false,"max_hp_per_floor":[75,75,75,75,75,75,75,75,75,75,75,75,75,75,75,75,75,75,75,89,89,89,89,94,94,94,94,94,94,94,94,94,94,94,94,94,94,94,94,94,94,94,94,94,94,94,94,94,94],"card_choices":[{"not_picked":["Coolheaded","Redo"],"picked":"Chill","floor":1},{"not_picked":["Blizzard","Stack"],"picked":"Chaos","floor":3},{"not_picked":["Stack","Blizzard"],"picked":"Gash","floor":4},{"not_picked":["Sunder+1","Streamline+1"],"picked":"Cold Snap+1","floor":7},{"not_picked":["Hologram","Auto Shields"],"picked":"Compile Driver+1","floor":11},{"not_picked":["Stack","Force Field"],"picked":"Hologram","floor":12},{"not_picked":["Hello World","Sunder+1"],"picked":"Chill","floor":13},{"not_picked":["Multi-Cast","Hyperbeam+1"],"picked":"Amplify","floor":16},{"not_picked":["Conserve Battery","Chaos"],"picked":"Double Energy+1","floor":18},{"not_picked":["Rip and Tear+1","Chill","Sweeping Beam+1"],"picked":"SKIP","floor":22},{"not_picked":["Redo","Steam"],"picked":"Blizzard+1","floor":24},{"not_picked":["Force Field","Gash+1"],"picked":"Leap","floor":27},{"not_picked":["Sweeping Beam+1","Rip and Tear+1","Reboot"],"picked":"SKIP","floor":29},{"not_picked":["Chaos","Lockon+1"],"picked":"Go for the Eyes+1","floor":31},{"not_picked":["Buffer","Meteor Strike+1"],"picked":"Electrodynamics","floor":33},{"not_picked":["Ball Lightning+1","Genetic Algorithm"],"picked":"Leap+1","floor":35},{"not_picked":["Static Discharge+1","Beam Cell+1"],"picked":"Cold Snap+1","floor":37},{"not_picked":["Coolheaded","Steam"],"picked":"Loop+1","floor":38},{"not_picked":["Go for the Eyes+1","Compile Driver+1"],"picked":"Barrage+1","floor":41},{"not_picked":["Sweeping Beam+1","Electrodynamics"],"picked":"Stack+1","floor":46},{"not_picked":["Rebound+1","Double Energy"],"picked":"Cold Snap+1","floor":47}],"player_experience":458903,"relics_obtained":[{"floor":7,"key":"Molten Egg 2"},{"floor":9,"key":"Regal Pillow"},{"floor":13,"key":"Gambling Chip"},{"floor":26,"key":"Potion Belt"},{"floor":27,"key":"Blood Vial"}],"event_choices":[{"cards_removed":["Defend_B"],"damage_healed":0,"gold_gain":0,"player_choice":"Card Removal","damage_taken":0,"max_hp_gain":0,"max_hp_loss":0,"event_name":"The Cleric","floor":2,"gold_loss":50},{"cards_removed":["Strike_B"],"damage_healed":0,"gold_gain":0,"player_choice":"Purged","damage_taken":0,"max_hp_gain":0,"max_hp_loss":0,"event_name":"Purifier","floor":14,"gold_loss":0},{"damage_healed":0,"gold_gain":0,"player_choice":"Opened","damage_taken":0,"relics_obtained":["Mango"],"max_hp_gain":0,"max_hp_loss":0,"event_name":"The Mausoleum","floor":20,"gold_loss":0,"cards_obtained":["Writhe"]},{"damage_healed":0,"gold_gain":0,"player_choice":"Ignored","damage_taken":0,"max_hp_gain":0,"max_hp_loss":0,"event_name":"N\u0027loth","floor":21,"gold_loss":0},{"damage_healed":0,"gold_gain":0,"player_choice":"Copied","damage_taken":0,"max_hp_gain":0,"max_hp_loss":0,"event_name":"Duplicator","floor":36,"gold_loss":0,"cards_obtained":["Barrage"]},{"cards_removed":["Writhe"],"damage_healed":0,"gold_gain":0,"player_choice":"Purged","damage_taken":0,"max_hp_gain":0,"max_hp_loss":0,"event_name":"Purifier","floor":45,"gold_loss":0}],"is_beta":false,"boss_relics":[{"not_picked":["Empty Cage","Busted Crown"],"picked":"Inserter"},{"not_picked":["Sozu","Coffee Dripper"],"picked":"SlaversCollar"}],"items_purged_floors":[19],"is_endless":false,"potions_floor_spawned":[11,16,18,29,31,33,35,39,47],"killed_by":"Spire Growth","ascension_level":3}}