{"host":"grpjhwjd167m6b3a","time":1613196895,"event":{"mods":["BaseMod","Bossed Relics","LagranYue(拉格朗・月)","Minty Spire (QoL Compilation)","Prisma Mod","Reliquary","SOS（斯巴达之子）","StSLib","The Alterego","The Saiyan","The Senshi"],"gold_per_floor":[139,139,139,179,219,219,299,364,389,86,86,86,166,243,255,417,429,456,533,545,557,569,661,673,735,747,789,42,42,122,107,107,177,177,242,292,277,277,292,342,342,422,422,502,502,532,11,11,11,11],"floor_reached":51,"language":"ZHS","playtime":6055,"items_purged":["Writhe","Bouncing Flask"],"score":1097,"play_id":"31a1cada-7bda-46e5-bec7-e42f9bfab428","local_time":"20210213161455","daily_mods":["SealedDeck","Diverse","Elite Swarm"],"is_ascension_mode":false,"campfire_choices":[{"data":"PrismaMod:MiyuEvokeBuffStr","floor":6.0,"key":"SMITH"},{"data":"PrismaMod:ChloeRitsuka","floor":11.0,"key":"SMITH"},{"data":"PrismaMod:MiyuUncommonPlate","floor":15.0,"key":"SMITH"},{"data":"Vault","floor":24.0,"key":"SMITH"},{"data":"LagranYue:LifeForgingCard","floor":32.0,"key":"SMITH"},{"data":"Omniscience","floor":41.0,"key":"SMITH"},{"data":"1","floor":49,"key":"LIFT"}],"circlet_count":0,"master_deck":["PrismaMod:MiyuCheapAttack2","Aggregate","LagranYue:AttackFireCard","PrismaMod:MiyuUncommonPlate+1","PrismaMod:MiyuEvokeBuffStr+1","PrismaMod:ChloeExhaustOne","LagranYue:AttackWaltzCard","CutThroughFate","PrismaMod:ChloeRitsuka+1","LagranYue:SkillGaeBolgCard","Conserve Battery","LagranYue:AttackGodSpearCard","CarveReality","Steam","Bandage Up","Sadistic Nature","LagranYue:PowerWindKingEnchantmentCard+1","Vault+1","Greenorb","Pray+1","CutThroughFate","alterego_mod:InsideBaseball+1","alterego_mod:AlterEgo+1","alterego_mod:Nekomimi+1","PrismaMod:ChloeDevil","Magnetism+1","Omniscience+1","LagranYue:AttackGalacticZeroCard","LagranYue:SkillBrokenShieldCard","LagranYue:AttackFaithCard","Footwork+1","PrismaMod:MiyuCheapDefend2+1","FollowUp+1","alterego_mod:Mirror","PrismaMod:IllyaBlindPoisonToss","PrismaMod:MiyuEvokeBuffStr+1","LagranYue:AttackCellGodCard","LagranYue:SkillBlazingSevenRingsCard","LagranYue:PrematureBurialCard","theSenshi:StudyParty+1","theSenshi:WarriorOfTheMoon","Reprogram","Fasting2+1","LagranYue:AttackGodSwordCard","Magnetism+1","Apotheosis","Metamorphosis","Mayhem+1"],"relics":["LagranYue:ArmsProficiencyRelics","LagranYue:RandomDrawCardRelic","theSenshi:FeatherClipsRelic","reliquary:BallBearing","theSenshi:SailorFukuRelic","PreservedInsect","Frozen Egg 2","MawBank","Ginger","Strawberry","Happy Flower","LagranYue:BrokenPhantasmRelics","reliquary:TuningFork","Centennial Puzzle","LagranYue:RareGoldArmorRelic","Orichalcum","Pen Nib","TungstenRod","Boot","reliquary:SilkGlove","reliquary:BoilingFlask","Pear","reliquary:ExpiredCoupon","Art of War","reliquary:TatteredRug","Anchor","Astrolabe","Bag of Preparation","Prayer Wheel","reliquary:RoseTintedGlasses","Nunchaku","Ancient Tea Set","Juzu Bracelet","Vajra","reliquary:Buckler","Toy Ornithopter","Girya","LagranYue:LuEnRelics","Bottled Flame","reliquary:IridiumChain"],"acts_visited":["Exordium","TheCity","TheBeyond"],"potions_floor_usage":[],"damage_taken":[{"damage":8.0,"enemies":"Jaw Worm","floor":1.0,"turns":3.0},{"damage":0.0,"enemies":"Cultist","floor":4.0,"turns":3.0},{"damage":1.0,"enemies":"Small Slimes","floor":5.0,"turns":3.0},{"damage":13.0,"enemies":"Lagavulin","floor":7.0,"turns":6.0},{"damage":17.0,"enemies":"Exordium Wildlife","floor":8.0,"turns":4.0},{"damage":14.0,"enemies":"3 Sentries","floor":13.0,"turns":5.0},{"damage":3.0,"enemies":"Looter","floor":14.0,"turns":4.0},{"damage":31.0,"enemies":"The Guardian","floor":16.0,"turns":8.0},{"damage":3.0,"enemies":"Shell Parasite","floor":18.0,"turns":4.0},{"damage":21.0,"enemies":"2 Thieves","floor":19.0,"turns":4.0},{"damage":33.0,"enemies":"Book of Stabbing","floor":23.0,"turns":6.0},{"damage":23.0,"enemies":"Gremlin Leader","floor":25.0,"turns":3.0},{"damage":17.0,"enemies":"Book of Stabbing","floor":27.0,"turns":3.0},{"damage":9.0,"enemies":"Slavers","floor":30.0,"turns":4.0},{"damage":15.0,"enemies":"Sentry and Sphere","floor":31.0,"turns":4.0},{"damage":35.0,"enemies":"Collector","floor":33.0,"turns":7.0},{"damage":19.0,"enemies":"3 Darklings","floor":35.0,"turns":5.0},{"damage":22.0,"enemies":"Mind Bloom Boss Battle","floor":36.0,"turns":5.0},{"damage":11.0,"enemies":"3 Shapes","floor":37.0,"turns":3.0},{"damage":0.0,"enemies":"Writhing Mass","floor":39.0,"turns":2.0},{"damage":1.0,"enemies":"Reptomancer","floor":40.0,"turns":2.0},{"damage":0.0,"enemies":"Giant Head","floor":42.0,"turns":3.0},{"damage":0.0,"enemies":"Reptomancer","floor":44.0,"turns":3.0},{"damage":0.0,"enemies":"Nemesis","floor":46.0,"turns":1.0},{"damage":0,"enemies":"Donu and Deca","floor":50,"turns":2}],"seed_played":"6099103822572544471","potions_obtained":[{"floor":1.0,"key":"Weak Potion"},{"floor":4.0,"key":"LiquidMemories"},{"floor":5.0,"key":"SpeedPotion"},{"floor":14.0,"key":"LiquidBronze"},{"floor":19.0,"key":"SkillPotion"},{"floor":23.0,"key":"Explosive Potion"},{"floor":27.0,"key":"Regen Potion"},{"floor":30.0,"key":"Swift Potion"},{"floor":35.0,"key":"DistilledChaos"},{"floor":36.0,"key":"SkillPotion"},{"floor":37.0,"key":"DistilledChaos"},{"floor":39.0,"key":"DistilledChaos"},{"floor":40.0,"key":"ColorlessPotion"}],"is_trial":false,"path_per_floor":["M","?","?","M","M","R","E","M","T","$","R","T","E","M","R","B",null,"M","M","?","?","$","E","R","E","T","E","$","?","E","M","R","B",null,"M","?","M","?","M","E","R","E","T","E","?","E","$","?","R","B",null],"character_chosen":"LagranYueCharacter","items_purchased":["Steam","Bandage Up","Sadistic Nature","reliquary:BoilingFlask","Pear","Magnetism+1","Magnetism+1","reliquary:IridiumChain"],"campfire_rested":0,"item_purchase_floors":[10,10,10,28,28,28,47,47],"current_hp_per_floor":[67,64,69,75,75,75,68,57,57,57,57,57,53,67,67,46,82,82,81,81,81,81,63,63,50,50,43,53,53,58,60,60,44,92,86,84,83,83,104,104,104,114,114,124,124,134,134,125,125,141],"gold":11,"neow_bonus":"","is_daily":true,"chose_seed":false,"campfire_upgraded":6,"win_rate":0.0,"timestamp":1613196895,"path_taken":["M","?","?","M","?","R","E","M","T","$","R","?","E","M","R","BOSS","M","?","?","?","$","E","R","E","T","E","?","?","E","M","R","BOSS","M","?","M","?","?","E","R","E","T","E","?","E","$","?","R","BOSS"],"items_purchased_type":["Card","Card","Card","Relic","Relic","Card","Card","Relic"],"build_version":"2020-12-22","purchased_purges":2,"victory":true,"max_hp_per_floor":[75,75,75,75,75,75,75,75,75,75,75,75,75,82,82,82,82,82,82,82,82,82,82,82,82,82,82,92,92,92,92,92,92,92,92,93,94,94,104,104,104,114,114,124,124,134,134,134,134,144],"card_choices":[{"not_picked":["Pummel","Rampage"],"picked":"PrismaMod:ChloeRitsuka","floor":1.0},{"not_picked":["alterego_mod:Cooking","alterego_mod:Valentines"],"picked":"LagranYue:SkillGaeBolgCard","floor":4.0},{"not_picked":["alterego_mod:1TonWallop","Sucker Punch"],"picked":"Conserve Battery","floor":5.0},{"not_picked":["Alpha","Feed"],"picked":"LagranYue:AttackGodSpearCard","floor":7.0},{"not_picked":["theSenshi:NeptunesGrace","theSenshi:MoonPunch"],"picked":"CarveReality","floor":8.0},{"not_picked":["Seek","theSenshi:MoonGorgeousMeditation"],"picked":"LagranYue:PowerWindKingEnchantmentCard+1","floor":13.0},{"not_picked":["Weaponupgrade","PrismaMod:IllyaEvokeAll"],"picked":"Bouncing Flask","floor":14.0},{"not_picked":["PrismaMod:MiyuChannelDefendEvoke","PrismaMod:IllyaUberAttackChannel"],"picked":"Vault","floor":16.0},{"not_picked":["Tactician","Dash1"],"picked":"Greenorb","floor":18.0},{"not_picked":["Ecstasy+1","LagranYue:AttackSapphireCard"],"picked":"Pray+1","floor":19.0},{"not_picked":["Whiteorb","PrismaMod:MiyuEvokeAll"],"picked":"CutThroughFate","floor":23.0},{"not_picked":["Reaper","LagranYue:AttackCellGodCard"],"picked":"alterego_mod:InsideBaseball+1","floor":23.0},{"not_picked":["alterego_mod:RingBreak+1","Unload"],"picked":"alterego_mod:AlterEgo+1","floor":25.0},{"not_picked":["PrismaMod:IllyaUberChannel","PrismaMod:MiyuDefenseRemoval"],"picked":"alterego_mod:Nekomimi","floor":27.0},{"not_picked":["Saiyan:SuperSaiyanThree+1","theSenshi:MoonEternalMakeUp+1"],"picked":"PrismaMod:ChloeDevil","floor":27.0},{"not_picked":["ConjureBlade","DevilstarL"],"picked":"Omniscience","floor":30.0},{"not_picked":["alterego_mod:Stockings","Saiyan:DragonFist"],"picked":"LagranYue:LifeForgingCard","floor":31.0},{"not_picked":["Saiyan:MindBoom","PrismaMod:ChloeHalloween"],"picked":"LagranYue:AttackGalacticZeroCard","floor":33.0},{"not_picked":["PrismaMod:ChloeUncommonAOEAttack","Headbutt"],"picked":"LagranYue:SkillBrokenShieldCard","floor":35.0},{"not_picked":["Saiyan:Planning+1","Wild Strike+1"],"picked":"LagranYue:AttackFaithCard","floor":35.0},{"not_picked":["Iron Wave+1","alterego_mod:GoddessCore+1"],"picked":"Footwork+1","floor":36.0},{"not_picked":["LagranYue:AttackRubyCard","LucifercomboB"],"picked":"PrismaMod:MiyuCheapDefend2","floor":37.0},{"not_picked":["CarveReality+1","Saiyan:RemoveWeights"],"picked":"FollowUp+1","floor":37.0},{"not_picked":["theSenshi:MercurysCunning","LagranYue:SkillDevilKissCard"],"picked":"alterego_mod:Mirror","floor":37.0},{"not_picked":["Millionstab"],"picked":"PrismaMod:IllyaBlindPoisonToss","floor":39.0},{"not_picked":["Coolheaded+1","Shock"],"picked":"PrismaMod:MiyuEvokeBuffStr+1","floor":39.0},{"not_picked":["theSenshi:LunasBite+1","Fusion","PrismaMod:MiyuCarnivalAttack+1"],"picked":"SKIP","floor":39.0},{"not_picked":["PrismaMod:IllyaBride","Prostrate"],"picked":"LagranYue:AttackCellGodCard","floor":40.0},{"not_picked":["alterego_mod:ClassAdvantage+1","alterego_mod:Valkyrie"],"picked":"LagranYue:SkillBlazingSevenRingsCard","floor":40.0},{"not_picked":["theSenshi:VenusGlamour","Saiyan:RemoveWeights"],"picked":"LagranYue:PrematureBurialCard","floor":42.0},{"not_picked":["theSenshi:SilverCrystal+1","Stylechange"],"picked":"theSenshi:StudyParty+1","floor":42.0},{"not_picked":["Thunder Strike","PrismaMod:IllyaUberDefendChannel"],"picked":"theSenshi:WarriorOfTheMoon","floor":44.0},{"not_picked":["PrismaMod:MiyuUncommonAttack","alterego_mod:Alter"],"picked":"Reprogram","floor":44.0},{"not_picked":["alterego_mod:Rake","Buffer+1"],"picked":"LagranYue:AttackGodSwordCard","floor":46},{"not_picked":["Impatience","Good Instincts"],"picked":"Apotheosis","floor":48},{"not_picked":["Impatience","PanicButton"],"picked":"Metamorphosis","floor":48},{"not_picked":["Forethought","Jack Of All Trades"],"picked":"Mayhem+1","floor":48}],"player_experience":299415,"relics_obtained":[{"floor":7.0,"key":"reliquary:BallBearing"},{"floor":8.0,"key":"theSenshi:SailorFukuRelic"},{"floor":9.0,"key":"PreservedInsect"},{"floor":12.0,"key":"Frozen Egg 2"},{"floor":13.0,"key":"MawBank"},{"floor":13.0,"key":"Ginger"},{"floor":14.0,"key":"Strawberry"},{"floor":16.0,"key":"Happy Flower"},{"floor":18.0,"key":"reliquary:TuningFork"},{"floor":19.0,"key":"Centennial Puzzle"},{"floor":23.0,"key":"Orichalcum"},{"floor":23.0,"key":"Pen Nib"},{"floor":25.0,"key":"TungstenRod"},{"floor":26.0,"key":"Boot"},{"floor":27.0,"key":"reliquary:SilkGlove"},{"floor":30.0,"key":"reliquary:ExpiredCoupon"},{"floor":30.0,"key":"Art of War"},{"floor":31.0,"key":"reliquary:TatteredRug"},{"floor":33.0,"key":"Anchor"},{"floor":35.0,"key":"Bag of Preparation"},{"floor":36.0,"key":"Prayer Wheel"},{"floor":36.0,"key":"reliquary:RoseTintedGlasses"},{"floor":39.0,"key":"Ancient Tea Set"},{"floor":40.0,"key":"Juzu Bracelet"},{"floor":40.0,"key":"Vajra"},{"floor":42.0,"key":"reliquary:Buckler"},{"floor":42.0,"key":"Toy Ornithopter"},{"floor":43.0,"key":"Girya"},{"floor":44.0,"key":"LagranYue:LuEnRelics"},{"floor":46,"key":"Bottled Flame"}],"event_choices":[{"damage_healed":0.0,"max_hp_gain":0.0,"max_hp_loss":0.0,"gold_gain":0.0,"event_name":"Scrap Ooze","player_choice":"Success","floor":2.0,"gold_loss":0.0,"damage_taken":3.0,"relics_obtained":["theSenshi:FeatherClipsRelic"]},{"cards_removed":["Airhike"],"damage_healed":5.0,"max_hp_gain":0.0,"max_hp_loss":0.0,"gold_gain":0.0,"event_name":"Bonfire Elementals","player_choice":"Offered Common","floor":3.0,"gold_loss":0.0,"damage_taken":0.0},{"cards_removed":["Airhike"],"damage_healed":5.0,"max_hp_gain":0.0,"max_hp_loss":0.0,"gold_gain":0.0,"event_name":"Bonfire Elementals","player_choice":"Offered Special","floor":3.0,"gold_loss":0.0,"damage_taken":0.0},{"damage_healed":0.0,"max_hp_gain":0.0,"max_hp_loss":0.0,"gold_gain":0.0,"event_name":"The Mausoleum","player_choice":"Opened","floor":20.0,"gold_loss":0.0,"damage_taken":0.0,"relics_obtained":["LagranYue:RareGoldArmorRelic"],"cards_obtained":["Writhe"]},{"damage_healed":0.0,"max_hp_gain":0.0,"max_hp_loss":0.0,"gold_gain":0.0,"event_name":"Vampires","player_choice":"Ignored","floor":21.0,"gold_loss":0.0,"damage_taken":0.0},{"cards_removed":["alterego_mod:GoddessCore"],"damage_healed":0.0,"max_hp_gain":0.0,"max_hp_loss":0.0,"gold_gain":0.0,"event_name":"Back to Basics","player_choice":"Elegance","floor":29.0,"gold_loss":0.0,"damage_taken":0.0},{"damage_healed":0.0,"max_hp_gain":0.0,"max_hp_loss":0.0,"gold_gain":0.0,"event_name":"MindBloom","player_choice":"Fight","floor":36.0,"gold_loss":0.0,"damage_taken":0.0},{"cards_removed":["LagranYue:LifeForgingCard"],"damage_healed":0.0,"max_hp_gain":0.0,"max_hp_loss":0.0,"gold_gain":0.0,"event_name":"WeMeetAgain","player_choice":"Gave Card","floor":38.0,"gold_loss":0.0,"damage_taken":0.0,"relics_obtained":["Nunchaku"]},{"damage_healed":0.0,"max_hp_gain":0.0,"max_hp_loss":0.0,"gold_gain":0.0,"event_name":"Match and Keep!","player_choice":"1 cards matched","floor":45.0,"gold_loss":0.0,"damage_taken":0.0,"cards_obtained":["Fasting2"]},{"damage_healed":0,"gold_gain":0,"player_choice":"Memory 3","damage_taken":10,"max_hp_gain":0,"max_hp_loss":0,"event_name":"SensoryStone","floor":48,"gold_loss":0}],"is_beta":false,"boss_relics":[{"not_picked":["SacredBark","Philosopher\u0027s Stone"],"picked":"LagranYue:BrokenPhantasmRelics"},{"not_picked":["Sozu","reliquary:WritOfMandamus"],"picked":"Astrolabe"}],"items_purged_floors":[28,47],"is_endless":false,"potions_floor_spawned":[1,4,5,14,19,23,27,30,35,37,39,40,44,46],"ascension_level":0}}