{"host":"gjwzgdilc53yxmt0","time":1613184191,"event":{"mods":["2.2 Compatiblity","BaseMod","Bestiary","Highlight Path","Minty Spire (QoL Compilation)","Relic Stats","StSLib","ojb\u0027s Info Mod"],"gold_per_floor":[109,56,76,87,87,120,140,170,170,195,195,270,300,300,300,377,377,396,396,10,60,78,110,125,125,125,150,196,208,251,274,286,370,382,405,430,442,471,494,534,559,596,608,645,125,138,152,152,152,152,152,152,152,22,51,51],"floor_reached":57,"language":"ENG","playtime":12512,"items_purged":["Strike_G","Strike_G"],"score":3064,"play_id":"cceda4a2-d1e5-4ff2-bf57-bd073fbd61dc","local_time":"20210212214311","is_ascension_mode":true,"campfire_choices":[{"floor":15.0,"key":"REST"},{"floor":25.0,"key":"REST"},{"data":"Well Laid Plans","floor":32.0,"key":"SMITH"},{"floor":49.0,"key":"RECALL"},{"floor":53.0,"key":"REST"}],"circlet_count":0,"master_deck":["AscendersBane","Strike_G","Strike_G+1","Defend_G","Defend_G","Defend_G","Defend_G","Survivor+1","Neutralize","Terror","Well Laid Plans+1","Predator","Slice","Flechettes+1","Sucker Punch+1","Phantasmal Killer","Infinite Blades","Leg Sweep","Outmaneuver","Glass Knife+1","Backflip","Heel Hook+1","PiercingWail","Calculated Gamble","Burst","Leg Sweep","Backstab+1","Backstab+1","Concentrate+1","Blur+1","Doppelganger+1","Dodge and Roll+1","Blade Dance+1","Bandage Up+1","Dark Shackles+1","Flash of Steel+1","PiercingWail+1","Burst+1","Dash+1","Backflip+1","Blade Dance+1","Clumsy","Tactician+1","Footwork","Dodge and Roll+1","Deflect+1","Dodge and Roll+1","Cloak And Dagger+1","Dodge and Roll+1","After Image","PiercingWail+1"],"relics":["Ring of the Snake","Molten Egg 2","Dream Catcher","Paper Crane","Ornamental Fan","Bag of Preparation","Mercury Hourglass","Black Star","Enchiridion","Membership Card","Strawberry","StrikeDummy","HornCleat","MawBank","Lizard Tail","Centennial Puzzle","Regal Pillow","Toxic Egg 2","Cursed Key","Oddly Smooth Stone","White Beast Statue","Shuriken","PreservedInsect","Gambling Chip","Turnip","Potion Belt","Ginger","Sling","Lantern","Bronze Scales"],"acts_visited":["Exordium","TheCity","TheBeyond","TheEnding"],"potions_floor_usage":[56,56],"damage_taken":[{"damage":0.0,"enemies":"Small Slimes","floor":1.0,"turns":4.0},{"damage":0.0,"enemies":"2 Louse","floor":3.0,"turns":2.0},{"damage":0.0,"enemies":"Cultist","floor":4.0,"turns":3.0},{"damage":3.0,"enemies":"Gremlin Nob","floor":6.0,"turns":3.0},{"damage":1.0,"enemies":"Looter","floor":7.0,"turns":3.0},{"damage":7.0,"enemies":"Lagavulin","floor":8.0,"turns":7.0},{"damage":12.0,"enemies":"3 Sentries","floor":10.0,"turns":6.0},{"damage":6.0,"enemies":"Gremlin Nob","floor":13.0,"turns":3.0},{"damage":10.0,"enemies":"The Guardian","floor":16.0,"turns":7.0},{"damage":6.0,"enemies":"Shell Parasite","floor":18.0,"turns":3.0},{"damage":10.0,"enemies":"3 Byrds","floor":22.0,"turns":4.0},{"damage":19.0,"enemies":"Book of Stabbing","floor":23.0,"turns":5.0},{"damage":0.0,"enemies":"3 Cultists","floor":24.0,"turns":3.0},{"damage":0.0,"enemies":"Snake Plant","floor":27.0,"turns":4.0},{"damage":0.0,"enemies":"Slavers","floor":28.0,"turns":5.0},{"damage":2.0,"enemies":"Gremlin Leader","floor":30.0,"turns":5.0},{"damage":0.0,"enemies":"Cultist and Chosen","floor":31.0,"turns":3.0},{"damage":11.0,"enemies":"Collector","floor":33.0,"turns":8.0},{"damage":15.0,"enemies":"3 Darklings","floor":35.0,"turns":6.0},{"damage":0.0,"enemies":"3 Shapes","floor":36.0,"turns":4.0},{"damage":0.0,"enemies":"Jaw Worm Horde","floor":38.0,"turns":2.0},{"damage":0.0,"enemies":"4 Shapes","floor":39.0,"turns":7.0},{"damage":12.0,"enemies":"Reptomancer","floor":40.0,"turns":5.0},{"damage":0.0,"enemies":"Transient","floor":41.0,"turns":6.0},{"damage":0.0,"enemies":"Nemesis","floor":42.0,"turns":9.0},{"damage":0.0,"enemies":"Reptomancer","floor":44.0,"turns":5.0},{"damage":0.0,"enemies":"Sphere and 2 Shapes","floor":46.0,"turns":4.0},{"damage":0.0,"enemies":"Maw","floor":47.0,"turns":5.0},{"damage":36.0,"enemies":"Time Eater","floor":50.0,"turns":17.0},{"damage":40.0,"enemies":"Donu and Deca","floor":51.0,"turns":13.0},{"damage":53.0,"enemies":"Shield and Spear","floor":55.0,"turns":9.0},{"damage":27,"enemies":"The Heart","floor":56,"turns":14}],"seed_played":"-3835373286610471466","potions_obtained":[{"floor":1.0,"key":"Strength Potion"},{"floor":7.0,"key":"Explosive Potion"},{"floor":8.0,"key":"CultistPotion"},{"floor":13.0,"key":"LiquidMemories"},{"floor":22.0,"key":"SteroidPotion"},{"floor":23.0,"key":"Swift Potion"},{"floor":24.0,"key":"CunningPotion"},{"floor":31.0,"key":"LiquidMemories"},{"floor":33.0,"key":"DistilledChaos"},{"floor":35.0,"key":"SteroidPotion"},{"floor":40.0,"key":"SpeedPotion"},{"floor":41.0,"key":"FairyPotion"},{"floor":55.0,"key":"Fruit Juice"}],"is_trial":false,"path_per_floor":["M","$","M","M","?","E","M","E","T","E","?","?","E","?","R","B",null,"M","?","$","?","M","E","M","R","T","M","E","?","E","M","R","B",null,"M","M","?","M","M","E","M","E","T","E","$","M","M","?","R","B","B",null,"R","$","E","B",null],"character_chosen":"THE_SILENT","items_purchased":["Energy Potion","Membership Card","Strawberry","Heel Hook+1","Fruit Juice","PiercingWail","Potion Belt","Footwork","Dodge and Roll+1","Deflect+1","CunningPotion","Block Potion","Ginger","Sling","After Image","Ancient Potion"],"campfire_rested":3,"item_purchase_floors":[2,20,20,20,20,20,45,45,45,45,45,45,45,45,54,54],"current_hp_per_floor":[59,59,59,59,59,56,55,48,48,36,18,7,1,1,19,9,47,41,20,32,32,22,3,3,24,24,24,24,72,70,70,70,59,69,54,54,44,44,50,44,50,62,62,72,72,72,72,72,72,42,8,56,72,72,19,3],"gold":51,"neow_bonus":"TRANSFORM_TWO_CARDS","is_daily":false,"chose_seed":false,"campfire_upgraded":1,"win_rate":0.0,"timestamp":1613184191,"path_taken":["M","$","M","M","?","E","M","E","T","E","?","?","E","?","R","BOSS","M","?","$","?","M","E","?","R","T","M","E","?","E","M","R","BOSS","M","M","?","M","M","E","M","E","T","E","$","M","M","?","R","BOSS","BOSS","R","$","E","BOSS"],"items_purchased_type":["Potion","Relic","Relic","Card","Potion","Card","Relic","Card","Card","Card","Potion","Potion","Relic","Relic","Card","Potion"],"build_version":"2020-12-22","purchased_purges":2,"victory":true,"max_hp_per_floor":[60,60,60,60,60,60,60,60,60,60,60,60,60,60,60,60,60,60,60,72,72,72,72,72,72,72,72,72,72,72,72,72,72,72,72,72,72,72,72,72,72,72,72,72,72,72,72,72,72,72,72,72,72,72,72,77],"relic_stats":{"Regal Pillow":0,"counters":[32,184],"PreservedInsect":137,"Bag of Preparation":[47],"Ginger":[11],"MawBank":228,"Cursed Key":1,"Mercury Hourglass":[590],"Dream Catcher":3,"Lizard Tail":0,"Centennial Puzzle":[24],"Ornamental Fan":[388],"Shuriken":[41],"Gambling Chip":[24],"Bronze Scales":[192],"Turnip":[11],"Black Star":7,"obtain_stats":[{"Regal Pillow":30,"Lantern":55,"Enchiridion":19,"Bag of Preparation":13,"Ginger":45,"Cursed Key":34,"Sling":45,"Dream Catcher":8,"Lizard Tail":28,"Centennial Puzzle":28,"HornCleat":23,"Strawberry":20,"Gambling Chip":44,"Toxic Egg 2":30,"Ring of the Snake":0,"Potion Belt":45,"Oddly Smooth Stone":40,"PreservedInsect":42,"Paper Crane":9,"MawBank":26,"White Beast Statue":40,"Mercury Hourglass":14,"Ornamental Fan":10,"Shuriken":42,"Bronze Scales":55,"Molten Egg 2":6,"Turnip":44,"Black Star":17,"Membership Card":20,"StrikeDummy":23},{"Regal Pillow":16,"Lantern":31,"Enchiridion":10,"Bag of Preparation":8,"Ginger":26,"Cursed Key":18,"Sling":26,"Dream Catcher":6,"Lizard Tail":15,"Centennial Puzzle":15,"HornCleat":12,"Strawberry":10,"Gambling Chip":26,"Toxic Egg 2":16,"Ring of the Snake":0,"Potion Belt":26,"Oddly Smooth Stone":23,"PreservedInsect":25,"Paper Crane":6,"MawBank":13,"White Beast Statue":23,"Mercury Hourglass":8,"Ornamental Fan":7,"Shuriken":25,"Bronze Scales":31,"Molten Egg 2":4,"Turnip":26,"Black Star":9,"Membership Card":10,"StrikeDummy":12},{"Regal Pillow":67,"Lantern":170,"Enchiridion":41,"Bag of Preparation":31,"Ginger":122,"Cursed Key":78,"Sling":122,"Dream Catcher":22,"Lizard Tail":62,"Centennial Puzzle":62,"HornCleat":50,"Strawberry":41,"Gambling Chip":122,"Toxic Egg 2":67,"Ring of the Snake":0,"Potion Belt":122,"Oddly Smooth Stone":102,"PreservedInsect":117,"Paper Crane":22,"MawBank":53,"White Beast Statue":102,"Mercury Hourglass":31,"Ornamental Fan":28,"Shuriken":117,"Bronze Scales":170,"Molten Egg 2":12,"Turnip":122,"Black Star":38,"Membership Card":41,"StrikeDummy":50}],"Ring of the Snake":[65]},"card_choices":[{"not_picked":["Backflip","Choke"],"picked":"Predator","floor":1.0},{"not_picked":["PiercingWail","Dagger Throw"],"picked":"Slice","floor":3.0},{"not_picked":["Prepared","Predator"],"picked":"Endless Agony","floor":4.0},{"not_picked":["Concentrate","Dodge and Roll"],"picked":"Flechettes+1","floor":6.0},{"not_picked":["Prepared","Dodge and Roll"],"picked":"Sucker Punch+1","floor":7.0},{"not_picked":["Blur","Outmaneuver"],"picked":"Phantasmal Killer","floor":8.0},{"not_picked":["Flying Knee+1","Backflip"],"picked":"Infinite Blades","floor":10.0},{"not_picked":["Dodge and Roll","PiercingWail"],"picked":"Leg Sweep","floor":13.0},{"not_picked":["Flying Knee+1","Storm of Steel"],"picked":"Outmaneuver","floor":15.0},{"not_picked":["Unload+1","Doppelganger"],"picked":"Glass Knife+1","floor":16.0},{"not_picked":["Underhanded Strike+1","Outmaneuver"],"picked":"Backflip","floor":18.0},{"not_picked":["Outmaneuver","Reflex"],"picked":"Calculated Gamble","floor":22.0},{"not_picked":["Endless Agony+1","Unload+1"],"picked":"Burst","floor":23.0},{"not_picked":["Poisoned Stab+1","Skewer+1"],"picked":"Leg Sweep","floor":24.0},{"not_picked":["Dagger Spray+1","Flying Knee+1"],"picked":"Backstab+1","floor":25.0},{"not_picked":["Expertise","Prepared+1","Flying Knee+1"],"picked":"SKIP","floor":27.0},{"not_picked":["Dagger Spray+1","Acrobatics"],"picked":"Backstab+1","floor":28.0},{"not_picked":["Noxious Fumes+1","Escape Plan+1"],"picked":"Concentrate+1","floor":30.0},{"not_picked":["Sucker Punch+1","Slice+1"],"picked":"Blur+1","floor":31.0},{"not_picked":["Burst+1","Bullet Time+1"],"picked":"Doppelganger+1","floor":33.0},{"not_picked":["Dagger Spray+1","Terror+1"],"picked":"Dodge and Roll+1","floor":35.0},{"not_picked":["Deadly Poison+1","Escape Plan+1"],"picked":"Blade Dance+1","floor":36.0},{"not_picked":["Forethought+1","Trip+1"],"picked":"Bandage Up+1","floor":37.0},{"not_picked":["Secret Technique+1","PanicButton+1"],"picked":"Dark Shackles+1","floor":37.0},{"not_picked":["Madness+1","Good Instincts+1"],"picked":"Flash of Steel+1","floor":37.0},{"not_picked":["Backflip+1","Deadly Poison+1"],"picked":"PiercingWail+1","floor":38.0},{"not_picked":["Masterful Stab+1","Tactician+1"],"picked":"Burst+1","floor":39.0},{"not_picked":["Quick Slash+1","Flechettes+1"],"picked":"Dash+1","floor":40.0},{"not_picked":["Bane+1","Dagger Spray+1"],"picked":"Backflip+1","floor":41.0},{"not_picked":["Blur+1","Unload+1"],"picked":"Blade Dance+1","floor":42.0},{"not_picked":["Venomology+1","Dagger Throw+1"],"picked":"Tactician+1","floor":44.0},{"not_picked":["Infinite Blades","Deflect+1"],"picked":"Dodge and Roll+1","floor":46.0},{"not_picked":["Skewer+1","Noxious Fumes"],"picked":"Cloak And Dagger+1","floor":47.0},{"not_picked":["Concentrate+1","Accuracy"],"picked":"Dodge and Roll+1","floor":53.0},{"not_picked":["Dagger Spray+1","Predator+1"],"picked":"PiercingWail+1","floor":55.0}],"player_experience":4925193,"relics_obtained":[{"floor":6.0,"key":"Molten Egg 2"},{"floor":8.0,"key":"Dream Catcher"},{"floor":9.0,"key":"Paper Crane"},{"floor":10.0,"key":"Ornamental Fan"},{"floor":13.0,"key":"Bag of Preparation"},{"floor":14.0,"key":"Mercury Hourglass"},{"floor":19.0,"key":"Enchiridion"},{"floor":23.0,"key":"StrikeDummy"},{"floor":23.0,"key":"HornCleat"},{"floor":26.0,"key":"MawBank"},{"floor":28.0,"key":"Lizard Tail"},{"floor":28.0,"key":"Centennial Puzzle"},{"floor":30.0,"key":"Regal Pillow"},{"floor":30.0,"key":"Toxic Egg 2"},{"floor":40.0,"key":"Oddly Smooth Stone"},{"floor":40.0,"key":"White Beast Statue"},{"floor":42.0,"key":"Shuriken"},{"floor":42.0,"key":"PreservedInsect"},{"floor":44.0,"key":"Gambling Chip"},{"floor":44.0,"key":"Turnip"},{"floor":55.0,"key":"Lantern"},{"floor":55.0,"key":"Bronze Scales"}],"event_choices":[{"damage_healed":0.0,"max_hp_gain":0.0,"max_hp_loss":0.0,"gold_gain":0.0,"event_name":"Liars Game","player_choice":"Ignored","floor":5.0,"gold_loss":0.0,"damage_taken":0.0},{"damage_healed":0.0,"max_hp_gain":0.0,"max_hp_loss":0.0,"gold_gain":0.0,"event_name":"Shining Light","player_choice":"Entered Light","floor":11.0,"gold_loss":0.0,"damage_taken":18.0,"cards_upgraded":["Survivor","Strike_G"]},{"damage_healed":0.0,"max_hp_gain":0.0,"max_hp_loss":0.0,"gold_gain":75.0,"event_name":"World of Goop","player_choice":"Gather Gold","floor":12.0,"gold_loss":0.0,"damage_taken":11.0},{"damage_healed":0.0,"max_hp_gain":0.0,"max_hp_loss":0.0,"gold_gain":0.0,"event_name":"Wheel of Change","player_choice":"Relic","floor":14.0,"gold_loss":0.0,"damage_taken":0.0},{"damage_healed":0.0,"max_hp_gain":0.0,"max_hp_loss":0.0,"gold_gain":0.0,"event_name":"Cursed Tome","player_choice":"Obtained Book","floor":19.0,"gold_loss":0.0,"damage_taken":21.0},{"damage_healed":0.0,"max_hp_gain":0.0,"max_hp_loss":0.0,"gold_gain":50.0,"event_name":"Golden Shrine","player_choice":"Pray","floor":21.0,"gold_loss":0.0,"damage_taken":0.0},{"cards_removed":["Endless Agony"],"damage_healed":48.0,"max_hp_gain":0.0,"max_hp_loss":0.0,"gold_gain":0.0,"event_name":"Bonfire Elementals","player_choice":"Offered Uncommon","floor":29.0,"gold_loss":0.0,"damage_taken":0.0},{"damage_healed":0.0,"max_hp_gain":0.0,"max_hp_loss":0.0,"gold_gain":0.0,"event_name":"SensoryStone","player_choice":"Memory 3","floor":37.0,"gold_loss":0.0,"damage_taken":10.0},{"damage_healed":0.0,"max_hp_gain":0.0,"max_hp_loss":0.0,"gold_gain":0.0,"event_name":"Tomb of Lord Red Mask","player_choice":"Ignored","floor":48.0,"gold_loss":0.0,"damage_taken":0.0}],"is_beta":false,"boss_relics":[{"not_picked":["Runic Dome","Ectoplasm"],"picked":"Black Star"},{"not_picked":["SlaversCollar","Astrolabe"],"picked":"Cursed Key"}],"items_purged_floors":[20,45],"is_endless":false,"potions_floor_spawned":[1,7,8,13,22,23,24,31,33,35,40,41,42,44,46,47,55],"ascension_level":20}}