{"host":"kqjncq1jgqa58i7s","time":1613207581,"event":{"mods":["AchievementEnabler","BaseMod","Colored Map","Minty Spire (QoL Compilation)","Relic Stats"],"gold_per_floor":[119,119,139,139,155,155,169,169,169,202,202,220,237,249,249,321,321,335,385,399,63,63,63,63,63],"floor_reached":24,"language":"ENG","playtime":2127,"items_purged":[],"score":396,"play_id":"c4a62efb-c4ac-4c5d-a84a-c2152b5537e0","local_time":"20210213101301","is_ascension_mode":true,"campfire_choices":[{"data":"Eruption","floor":6,"key":"SMITH"},{"data":"TalkToTheHand","floor":8,"key":"SMITH"},{"data":"Ragnarok","floor":11,"key":"SMITH"},{"data":"MentalFortress","floor":15,"key":"SMITH"},{"data":"WaveOfTheHand","floor":23,"key":"SMITH"}],"circlet_count":0,"master_deck":["AscendersBane","Strike_P","Strike_P","Strike_P","Strike_P","Defend_P","Defend_P","Defend_P","Eruption+1","Vigilance","Consecrate","Tantrum","MentalFortress+1","TalkToTheHand+1","Ragnarok+1","ClearTheMind","FlyingSleeves","WheelKick","Wish","Evaluate","WaveOfTheHand+1","Pain"],"relics":["Runic Pyramid","Meat on the Bone","StrikeDummy","Cursed Key","Bird Faced Urn","HornCleat"],"acts_visited":["Exordium","TheCity"],"potions_floor_usage":[10,24],"damage_taken":[{"damage":0,"enemies":"Small Slimes","floor":1,"turns":3},{"damage":0,"enemies":"Cultist","floor":3,"turns":2},{"damage":0,"enemies":"Jaw Worm","floor":5,"turns":2},{"damage":9,"enemies":"Red Slaver","floor":7,"turns":3},{"damage":14,"enemies":"Lagavulin","floor":10,"turns":3},{"damage":0,"enemies":"Large Slime","floor":12,"turns":2},{"damage":3,"enemies":"Looter","floor":13,"turns":3},{"damage":19,"enemies":"Exordium Wildlife","floor":14,"turns":2},{"damage":18,"enemies":"The Guardian","floor":16,"turns":8},{"damage":23,"enemies":"2 Thieves","floor":18,"turns":3},{"damage":14,"enemies":"3 Byrds","floor":20,"turns":4},{"damage":48,"enemies":"Slavers","floor":24,"turns":3}],"seed_played":"-7364560443910804489","potions_obtained":[{"floor":3,"key":"DistilledChaos"},{"floor":7,"key":"DuplicationPotion"},{"floor":10,"key":"GamblersBrew"}],"is_trial":false,"path_per_floor":["M","?","M","?","M","R","M","R","T","E","R","M","M","M","R","B",null,"M","?","M","$","T","R","E"],"character_chosen":"WATCHER","items_purchased":["Bird Faced Urn"],"campfire_rested":0,"item_purchase_floors":[21],"current_hp_per_floor":[61,54,54,54,54,54,45,45,45,43,43,43,40,33,33,27,58,35,35,33,33,33,33,0,0],"gold":63,"neow_bonus":"BOSS_RELIC","is_daily":false,"chose_seed":false,"campfire_upgraded":5,"win_rate":0.0,"timestamp":1613207581,"path_taken":["M","?","M","?","M","R","M","R","T","E","R","M","M","?","R","BOSS","M","?","M","$","?","R","E"],"items_purchased_type":["Relic"],"build_version":"2020-12-22","purchased_purges":0,"victory":false,"max_hp_per_floor":[68,68,68,68,68,68,68,68,68,68,68,68,68,68,68,68,68,68,68,68,68,68,68,68,68],"relic_stats":{"counters":[12,38],"Bird Faced Urn":[2],"Cursed Key":1,"obtain_stats":[{"HornCleat":22,"Bird Faced Urn":21,"PureWater":0,"StrikeDummy":10,"Cursed Key":17,"Runic Pyramid":0,"Meat on the Bone":9},{"HornCleat":11,"Bird Faced Urn":11,"PureWater":0,"StrikeDummy":5,"Cursed Key":9,"Runic Pyramid":0,"Meat on the Bone":4},{"HornCleat":35,"Bird Faced Urn":35,"PureWater":0,"StrikeDummy":13,"Cursed Key":28,"Runic Pyramid":0,"Meat on the Bone":10}],"Meat on the Bone":48},"card_choices":[{"not_picked":["CrushJoints","BowlingBash"],"picked":"Consecrate","floor":1},{"not_picked":["Collect","EmptyBody"],"picked":"Tantrum","floor":3},{"not_picked":["ClearTheMind","PathToVictory"],"picked":"MentalFortress","floor":5},{"not_picked":["EmptyBody","FlurryOfBlows"],"picked":"TalkToTheHand","floor":7},{"not_picked":["ThirdEye","Crescendo"],"picked":"Ragnarok","floor":10},{"not_picked":["EmptyBody","Swivel"],"picked":"ClearTheMind","floor":12},{"not_picked":["Study","SignatureMove"],"picked":"FlyingSleeves","floor":13},{"not_picked":["FlyingSleeves","CutThroughFate"],"picked":"WheelKick","floor":14},{"not_picked":["Scrawl","Brilliance"],"picked":"Wish","floor":16},{"not_picked":["Tantrum","CutThroughFate"],"picked":"Evaluate","floor":18},{"not_picked":["Indignation","ThirdEye"],"picked":"WaveOfTheHand","floor":20}],"player_experience":1678414,"relics_obtained":[{"floor":9,"key":"Meat on the Bone"},{"floor":10,"key":"StrikeDummy"},{"floor":22,"key":"HornCleat"}],"event_choices":[{"cards_removed":["Defend_P"],"damage_healed":0,"gold_gain":0,"player_choice":"Card Removal","damage_taken":7,"max_hp_gain":0,"max_hp_loss":0,"event_name":"Golden Wing","floor":2,"gold_loss":0},{"damage_healed":0,"gold_gain":0,"player_choice":"0 cards matched","damage_taken":0,"max_hp_gain":0,"max_hp_loss":0,"event_name":"Match and Keep!","floor":4,"gold_loss":0,"cards_obtained":[]},{"damage_healed":0,"gold_gain":100,"player_choice":"Bet on Murderer","damage_taken":0,"max_hp_gain":0,"max_hp_loss":0,"event_name":"The Joust","floor":19,"gold_loss":50}],"is_beta":false,"boss_relics":[{"not_picked":["SacredBark","Ectoplasm"],"picked":"Cursed Key"}],"items_purged_floors":[],"is_endless":false,"potions_floor_spawned":[3,7,10,14,16],"killed_by":"Slavers","ascension_level":20}}