{"host":"qxeepl7ydvsgmfdb","time":1613220900,"event":{"mods":["AchievementEnabler","BaseMod","Colored Powertips","Minty Spire (QoL Compilation)","Quick Restart","slay the spire mod where everything is the same but ironclad has a cowboy hat"],"gold_per_floor":[117,192,265,265,280,280,123,155,179,213,224,224,237,254,254,356,356,372,322,341,351,351,351],"floor_reached":22,"language":"ENG","playtime":733,"items_purged":[],"score":246,"play_id":"abf84c29-4193-4a7d-b493-dc8b16b1bd76","local_time":"20210213075500","is_ascension_mode":false,"campfire_choices":[{"floor":6.0,"key":"RECALL"},{"data":"Phantasmal Killer","floor":12.0,"key":"SMITH"},{"data":"Distraction","floor":15.0,"key":"SMITH"}],"circlet_count":0,"master_deck":["Strike_G","Strike_G","Strike_G","Strike_G","Strike_G","Defend_G","Defend_G","Defend_G","Defend_G","Defend_G","Survivor","Neutralize","Cloak And Dagger","Regret","Dagger Spray","Distraction+1","Phantasmal Killer+1","Backstab","Footwork","CurseOfTheBell","Poisoned Stab","Accuracy","Deflect+1"],"relics":["Ring of the Snake","NeowsBlessing","Pear","Membership Card","Bag of Marbles","Potion Belt","Tiny Chest","Calling Bell","Strawberry","Toxic Egg 2","Ice Cream"],"acts_visited":["Exordium","TheCity"],"potions_floor_usage":[21],"damage_taken":[{"damage":0.0,"enemies":"Jaw Worm","floor":1.0,"turns":1.0},{"damage":0.0,"enemies":"Small Slimes","floor":5.0,"turns":1.0},{"damage":0.0,"enemies":"Lagavulin","floor":8.0,"turns":1.0},{"damage":7.0,"enemies":"Gremlin Nob","floor":10.0,"turns":4.0},{"damage":3.0,"enemies":"Cultist","floor":11.0,"turns":4.0},{"damage":8.0,"enemies":"Red Slaver","floor":13.0,"turns":3.0},{"damage":6.0,"enemies":"Lots of Slimes","floor":14.0,"turns":2.0},{"damage":41.0,"enemies":"Hexaghost","floor":16.0,"turns":10.0},{"damage":32.0,"enemies":"Spheric Guardian","floor":18.0,"turns":6.0},{"damage":23.0,"enemies":"3 Byrds","floor":20.0,"turns":7.0},{"damage":19,"enemies":"3 Cultists","floor":21,"turns":5},{"damage":14,"enemies":"Shelled Parasite and Fungi","floor":22,"turns":4}],"seed_played":"-8290225078393750945","potions_obtained":[{"floor":1.0,"key":"SneckoOil"},{"floor":10.0,"key":"SpeedPotion"},{"floor":11.0,"key":"Strength Potion"},{"floor":13.0,"key":"Swift Potion"},{"floor":20.0,"key":"DuplicationPotion"}],"is_trial":false,"path_per_floor":["M","?","T","?","M","R","$","E","T","E","M","R","M","M","R","B",null,"M","?","M","M","M"],"character_chosen":"THE_SILENT","items_purchased":["Membership Card"],"campfire_rested":0,"item_purchase_floors":[7],"current_hp_per_floor":[70,59,59,69,69,69,69,69,69,62,59,59,51,45,45,4,87,55,55,32,13,0,0],"gold":351,"neow_bonus":"THREE_ENEMY_KILL","is_daily":false,"chose_seed":false,"campfire_upgraded":2,"win_rate":0.0,"timestamp":1613220900,"path_taken":["M","?","?","?","M","R","$","E","T","E","M","R","?","M","R","BOSS","M","?","?","M","M"],"items_purchased_type":["Relic"],"build_version":"2020-12-22","purchased_purges":0,"victory":false,"max_hp_per_floor":[70,70,70,80,80,80,80,80,80,80,80,80,80,80,80,80,87,87,87,87,87,87,87],"card_choices":[{"not_picked":["Crippling Poison","Dash"],"picked":"Cloak And Dagger","floor":1.0},{"not_picked":["Calculated Gamble","Dodge and Roll"],"picked":"Dagger Spray","floor":5.0},{"not_picked":["PiercingWail","Heel Hook"],"picked":"Distraction","floor":8.0},{"not_picked":["Dash","Deadly Poison"],"picked":"Phantasmal Killer","floor":10.0},{"not_picked":["Flying Knee","Bane","Sucker Punch"],"picked":"SKIP","floor":11.0},{"not_picked":["Bane","Flying Knee"],"picked":"Backstab","floor":13.0},{"not_picked":["Eviscerate","Dodge and Roll"],"picked":"Footwork","floor":14.0},{"not_picked":["Flying Knee","Predator"],"picked":"Poisoned Stab","floor":18.0},{"not_picked":["Quick Slash+1","Backflip+1"],"picked":"Accuracy","floor":20.0},{"not_picked":["Blur+1","Poisoned Stab"],"picked":"Deflect+1","floor":21}],"player_experience":137017,"relics_obtained":[{"floor":8.0,"key":"Bag of Marbles"},{"floor":9.0,"key":"Potion Belt"},{"floor":10.0,"key":"Tiny Chest"},{"floor":17.0,"key":"Strawberry"},{"floor":17.0,"key":"Toxic Egg 2"},{"floor":17.0,"key":"Ice Cream"}],"event_choices":[{"damage_healed":0.0,"max_hp_gain":0.0,"max_hp_loss":0.0,"gold_gain":75.0,"event_name":"World of Goop","player_choice":"Gather Gold","floor":2.0,"gold_loss":0.0,"damage_taken":11.0},{"damage_healed":0.0,"max_hp_gain":0.0,"max_hp_loss":0.0,"gold_gain":0.0,"event_name":"Big Fish","player_choice":"Box","floor":4.0,"gold_loss":0.0,"damage_taken":0.0,"relics_obtained":["Pear"],"cards_obtained":["Regret"]},{"damage_healed":0.0,"max_hp_gain":0.0,"max_hp_loss":0.0,"gold_gain":0.0,"event_name":"The Joust","player_choice":"Bet on Murderer","floor":19.0,"gold_loss":50.0,"damage_taken":0.0}],"is_beta":false,"boss_relics":[{"not_picked":["Ectoplasm","Velvet Choker"],"picked":"Calling Bell"}],"items_purged_floors":[],"is_endless":false,"potions_floor_spawned":[1,10,11,13,20],"killed_by":"Shelled Parasite and Fungi","ascension_level":0}}