{"host":"4gr5irrdjh39ysed","time":1613185294,"event":{"mods":["AchievementEnabler","BaseMod","Colored Map","Downfall","Hermit","Minty Spire (QoL Compilation)","Random Character Button","StSLib","The Construct","The Cursed","The Disciple","The Hierophant","The Mystic","The Necromancer","The Runesmith"],"gold_per_floor":[99,118,176,176,188,52,77,95,95,114,124,24,52,52,64,163,163,63,81,41,55,55,65,65,78,78,63,63,79,79,114,132,231,231,131,148,167,217,217,233,233,233,258,258,268,280,280,310,321,321,321,354,86,86,86,86],"floor_reached":57,"language":"ENG","playtime":6431,"items_purged":["Guardian:Defend_Guardian","Guardian:Defend_Guardian","Guardian:Defend_Guardian"],"score":1401,"play_id":"a3726277-b03b-4412-83db-20bbd6d4540b","local_time":"20210212200134","is_ascension_mode":true,"campfire_choices":[{"floor":1,"key":"RECALL"},{"data":"Guardian:TwinSlam","floor":9,"key":"SMITH"},{"data":"Guardian:StasisField","floor":12,"key":"SMITH"},{"data":"Guardian:Orbwalk","floor":18,"key":"SMITH"},{"data":"Guardian:GemFire","floor":28,"key":"SMITH"},{"data":"Guardian:PrismaticBarrier","floor":30,"key":"SMITH"},{"data":"Guardian:ExploitGems","floor":35,"key":"SMITH"},{"data":"Guardian:RevengeProtocol","floor":44,"key":"SMITH"},{"data":"Guardian:BodySlam","floor":47,"key":"SMITH"},{"data":"Guardian:RefractedBeam+1","floor":54,"key":"SMITH"}],"circlet_count":0,"master_deck":["Guardian:Defend_Guardian","Guardian:CurlUp+1","Guardian:TwinSlam+1","Guardian:Orbwalk+1","Guardian:Gem_Cyan","Guardian:Gem_Blue","Guardian:Gem_Green","Guardian:Gem_Cyan","Guardian:SpikerProtocol","Guardian:CrystalBeam","Guardian:StasisField+1","Guardian:Suspension","Guardian:MultiBeam","Guardian:RefractedBeam+2","Guardian:TimeSifter","Guardian:GemFire+1","Guardian:ChargeCore+1","Bite","Bite","Bite","Bite+1","Bite","Guardian:BodySlam+1","Guardian:SpikerProtocol+1","Guardian:Incinerate+1","Guardian:PrismaticBarrier+1","Guardian:RevengeProtocol+1","Guardian:ChargeCore+1","Guardian:ExploitGems+1","Guardian:PolyBeam+1","Guardian:Incinerate+1","Guardian:Reroute","Guardian:PolyBeam+1","Guardian:Planning+1","Guardian:PrismaticBarrier","Guardian:TimeCapacitor+1","Guardian:Clone+1"],"relics":["Guardian:ModeShifterPlus","Runesmith:AutoHammer","Orichalcum","Guardian:PickAxe","downfall:HeartBlessingRed","Strawberry","Cursed Key","downfall:HeartBlessingGreen","Ancient Tea Set","downfall:HeartBlessingBlue","Gambling Chip","Guardian:StasisEgg","Sling","Spirit Poop","Whetstone","War Paint","Slimebound:StickyStick","Nunchaku"],"acts_visited":["Exordium","TheCity","TheBeyond","TheEnding"],"potions_floor_usage":[11,15,19,20,25,27,33,43,45,48,50,56],"damage_taken":[{"damage":14,"enemies":"Small Slimes","floor":2,"turns":4},{"damage":30,"enemies":"3 Sentries","floor":3,"turns":12},{"damage":39,"enemies":"3 Sentries","floor":4,"turns":5},{"damage":14,"enemies":"Jaw Worm","floor":5,"turns":7},{"damage":5,"enemies":"downfall:FleeingMerchant","floor":6,"turns":4},{"damage":5,"enemies":"Cultist","floor":8,"turns":5},{"damage":15,"enemies":"2 Fungi Beasts","floor":10,"turns":5},{"damage":0,"enemies":"3 Louse","floor":11,"turns":4},{"damage":21,"enemies":"Gremlin Nob","floor":13,"turns":4},{"damage":4,"enemies":"Exordium Thugs","floor":15,"turns":4},{"damage":42,"enemies":"IC_STATUS_ARCHETYPE","floor":16,"turns":13},{"damage":9,"enemies":"Chosen","floor":19,"turns":5},{"damage":1,"enemies":"downfall:FleeingMerchant","floor":20,"turns":4},{"damage":5,"enemies":"Sentry and Sphere","floor":21,"turns":4},{"damage":17,"enemies":"Centurion and Healer","floor":23,"turns":3},{"damage":9,"enemies":"Snecko","floor":25,"turns":4},{"damage":14,"enemies":"downfall:FleeingMerchant","floor":27,"turns":4},{"damage":0,"enemies":"3 Cultists","floor":29,"turns":1},{"damage":28,"enemies":"Slavers","floor":31,"turns":2},{"damage":14,"enemies":"Snake Plant","floor":32,"turns":5},{"damage":7,"enemies":"WA_ARCHETYPE_CALM","floor":33,"turns":7},{"damage":3,"enemies":"Orb Walker","floor":36,"turns":4},{"damage":36,"enemies":"3 Shapes","floor":37,"turns":2},{"damage":0,"enemies":"3 Shapes","floor":38,"turns":2},{"damage":0,"enemies":"downfall:FleeingMerchant","floor":40,"turns":1},{"damage":0,"enemies":"Reptomancer","floor":43,"turns":2},{"damage":0,"enemies":"Writhing Mass","floor":45,"turns":4},{"damage":16,"enemies":"Sphere and 2 Shapes","floor":46,"turns":3},{"damage":19,"enemies":"Giant Head","floor":48,"turns":7},{"damage":17,"enemies":"3 Darklings","floor":49,"turns":4},{"damage":3,"enemies":"DF_ARCHETYPE_ORBS","floor":50,"turns":3},{"damage":128,"enemies":"downfall:CharBossMerchant","floor":52,"turns":10},{"damage":113,"enemies":"downfall:NeowBoss","floor":55,"turns":18},{"damage":63,"enemies":"downfall:NeowBossFinal","floor":56,"turns":9}],"seed_played":"-9210226830944668137","potions_obtained":[{"floor":5,"key":"Energy Potion"},{"floor":10,"key":"Guardian:DefensiveModePotion"},{"floor":11,"key":"Block Potion"},{"floor":13,"key":"DuplicationPotion"},{"floor":16,"key":"SteroidPotion"},{"floor":19,"key":"SpeedPotion"},{"floor":23,"key":"GamblersBrew"},{"floor":29,"key":"Swift Potion"},{"floor":31,"key":"Explosive Potion"},{"floor":36,"key":"SteroidPotion"},{"floor":43,"key":"Ancient Potion"},{"floor":45,"key":"LiquidBronze"},{"floor":48,"key":"BlessingOfTheForge"}],"is_trial":false,"path_per_floor":["R","M","?","?","M","$","T","M","R","M","M","R","E","?","M","B",null,"R","M","$","M","?","M","T","M","?","$","R","M","R","E","M","B",null,"R","M","M","?","?","$","T","?","E","R","M","M","R","E","M","B",null,"E","$","R","B","B",null],"character_chosen":"GUARDIAN","items_purchased":["Guardian:CrystalBeam","Guardian:ChargeCore","Guardian:Gem_Orange","Sling","Nunchaku"],"campfire_rested":0,"item_purchase_floors":[6,20,40,40,53],"current_hp_per_floor":[2080,2066,2036,1931,1917,1912,1912,1907,1907,1892,1892,1892,1878,1878,1874,1832,2087,2087,2078,2077,2072,1460,1447,1447,1442,1442,1436,1436,1436,1436,1412,1404,1403,1460,1470,1470,1434,1434,1434,1434,1434,1434,1438,1438,1445,1434,1434,1427,1412,1409,1470,1344,1344,1344,1259,1203],"gold":86,"neow_bonus":"RANDOM_COMMON_RELIC","is_daily":false,"chose_seed":false,"campfire_upgraded":9,"win_rate":0.0,"timestamp":1613185294,"path_taken":["R","M","?","?","M","$","T","M","R","M","M","R","E","?","M","BOSS","R","M","$","M","?","M","T","M","?","$","R","M","R","E","M","BOSS","R","M","M","?","?","$","T","?","E","R","?","M","R","E","M","BOSS","E","$","R","BOSS","BOSS"],"items_purchased_type":["Card","Card","Card","Relic","Relic"],"build_version":"2020-12-22","purchased_purges":3,"victory":true,"max_hp_per_floor":[2080,2080,2080,2080,2080,2080,2080,2080,2080,2080,2080,2080,2087,2087,2087,2087,2087,2087,2087,2087,2087,1460,1460,1460,1460,1460,1460,1460,1460,1460,1460,1460,1460,1460,1470,1470,1470,1470,1470,1470,1470,1470,1470,1470,1470,1470,1470,1470,1470,1470,1470,1470,1470,1470,1470,1470],"card_choices":[{"not_picked":["Guardian:Harden","Guardian:Planning"],"picked":"Guardian:Gem_Red","floor":2},{"not_picked":["Guardian:TimeCapacitor","Guardian:VentSteam"],"picked":"Guardian:Orbwalk","floor":3},{"not_picked":["Guardian:VentSteam","Guardian:Emergency"],"picked":"Guardian:Gem_Fragmented","floor":5},{"not_picked":["Guardian:Gem_Cyan","Guardian:Gem_Lightblue"],"picked":"Guardian:SpikerProtocol","floor":6},{"not_picked":["Guardian:ShieldCharger","Guardian:Gem_Red"],"picked":"Guardian:StasisField","floor":8},{"not_picked":["Guardian:Recover","Guardian:GuardianWhirl"],"picked":"Guardian:Suspension","floor":10},{"not_picked":["Guardian:Gem_Blue","Guardian:Gem_Crimson"],"picked":"Guardian:MultiBeam","floor":11},{"not_picked":["Guardian:Recover","Guardian:PrismaticBarrier"],"picked":"Guardian:RefractedBeam","floor":13},{"not_picked":["Guardian:ShieldSpikes","Guardian:Incinerate"],"picked":"Guardian:TimeSifter","floor":15},{"not_picked":["Guardian:StasisField","Guardian:FastForward"],"picked":"Guardian:Gem_Orange","floor":16},{"not_picked":["Guardian:TemporalShield+1","Guardian:Recover"],"picked":"Guardian:Gem_Lightblue","floor":19},{"not_picked":["Guardian:TemporalShield","Guardian:Gem_Purple"],"picked":"Guardian:GemFire","floor":20},{"not_picked":["Guardian:RollAttack","Guardian:ShieldSpikes+1"],"picked":"Guardian:Gem_Red","floor":21},{"not_picked":["Guardian:TemporalStrike","Guardian:GuardianWhirl"],"picked":"Guardian:BodySlam","floor":23},{"not_picked":["Guardian:Recover","Guardian:Gem_Red"],"picked":"Guardian:SpikerProtocol+1","floor":25},{"not_picked":["Guardian:Gem_Cyan","Guardian:TimeCapacitor"],"picked":"Guardian:Incinerate+1","floor":27},{"not_picked":["Guardian:Harden","Guardian:MultiBeam"],"picked":"Guardian:PrismaticBarrier","floor":29},{"not_picked":["Guardian:Gem_Cyan","Guardian:CrystalBeam"],"picked":"Guardian:RevengeProtocol","floor":31},{"not_picked":["Guardian:Planning","Guardian:RollAttack"],"picked":"Guardian:ChargeCore+1","floor":32},{"not_picked":["Guardian:GatlingBeam","Guardian:SphericShield"],"picked":"Guardian:ExploitGems","floor":33},{"not_picked":["Guardian:PrismaticBarrier","Guardian:ChargeCore"],"picked":"Guardian:PolyBeam+1","floor":36},{"not_picked":["Guardian:RollAttack+1","Guardian:Repulse+1"],"picked":"Guardian:Incinerate+1","floor":37},{"not_picked":["Guardian:Planning","Guardian:Gem_Yellow"],"picked":"Guardian:Reroute","floor":38},{"not_picked":["Guardian:ShieldCharger","Guardian:EvasiveProtocol"],"picked":"Guardian:PolyBeam+1","floor":40},{"not_picked":["Guardian:Recover","Guardian:SpikerProtocol"],"picked":"Guardian:Planning","floor":43},{"not_picked":["Guardian:Recover","Guardian:Suspension","Guardian:Gem_Red"],"picked":"SKIP","floor":45},{"not_picked":["Guardian:TemporalShield+1","Guardian:Gem_Cyan"],"picked":"Guardian:PrismaticBarrier","floor":46},{"not_picked":["Guardian:Harden","Guardian:PolyBeam"],"picked":"Guardian:TimeCapacitor+1","floor":48},{"not_picked":["Guardian:Gem_Green","Guardian:EvasiveProtocol"],"picked":"Guardian:Gem_Lightblue","floor":49},{"not_picked":["Guardian:Gem_Blue","Guardian:Gem_Cyan"],"picked":"Guardian:Clone+1","floor":52}],"player_experience":355056,"relics_obtained":[{"floor":3,"key":"Orichalcum"},{"floor":13,"key":"Strawberry"},{"floor":31,"key":"Ancient Tea Set"},{"floor":38,"key":"Gambling Chip"},{"floor":43,"key":"Whetstone"},{"floor":48,"key":"War Paint"},{"floor":52,"key":"Slimebound:StickyStick"}],"event_choices":[{"damage_healed":0,"gold_gain":0,"player_choice":"Became a vampire","damage_taken":0,"max_hp_gain":0,"max_hp_loss":627,"event_name":"Vampires","floor":22,"gold_loss":0,"cards_obtained":["Bite","Bite","Bite","Bite","Bite"]},{"cards_removed":["downfall:Aged"],"damage_healed":0,"gold_gain":0,"player_choice":"Offered Curse","damage_taken":0,"relics_obtained":["Spirit Poop"],"max_hp_gain":0,"max_hp_loss":0,"event_name":"Bonfire Elementals","floor":42,"gold_loss":0}],"is_beta":false,"boss_relics":[{"not_picked":["Black Star","Philosopher\u0027s Stone"],"picked":"Cursed Key"},{"not_picked":["Snecko Eye","Guardian:StasisSlotReductionRelic"],"picked":"Guardian:ModeShifterPlus"}],"items_purged_floors":[6,40,53],"is_endless":false,"potions_floor_spawned":[4,5,10,11,13,16,19,23,29,31,36,37,43,45,48,49],"ascension_level":2}}