{"host":"6to8m083wj0ro91z","time":1613241062,"event":{"mods":["BaseMod","Better Third Choice","BetterRewards","CatGirl Mod","ChefMod","Friendly Minions","Hubris","Mad Scientist","Marisa????????","Minty Spire (QoL Compilation)","Robot Space Explorer","Shade Mod","Spicy Shops","StSLib","The Blackbeard","The Death Knight","The Elementalist","The Forsaken","The Gatherer","The Marked","The Mystic","The Necromancer","The Runesmith","The Servant 0.9.4","The Showman","The Vixen","Yohane!"],"gold_per_floor":[111,111,130,146,162,188,188,188,188,288,316,334,346,376,376,475,475,490,415,415,431,341,341,369,369,369,369,383,399,399,431,431,535,535,555,555,568,928,946,974,991,1024,1048,1048,1063,1095,1095,638,638,638,638,638,33,68,68],"floor_reached":56,"language":"ENG","playtime":3088,"items_purged":["Decay","elementalist:Strike+Elemblue","elementalist:Earthstrike"],"score":1917,"play_id":"f5636a69-d865-4eab-8a5c-cbc4c51ed1c0","local_time":"20210213193102","is_ascension_mode":true,"campfire_choices":[{"data":"elementalist:Caution","floor":8.0,"key":"SMITH"},{"floor":15.0,"key":"RECALL"},{"data":"elementalist:Fire_Emblem","floor":23.0,"key":"SMITH"},{"data":"elementalist:Fire_Emblem","floor":25.0,"key":"SMITH"},{"data":"elementalist:Defend_Elemblue","floor":27.0,"key":"SMITH"},{"data":"elementalist:Solar_Form","floor":30.0,"key":"SMITH"},{"data":"elementalist:Fire_Emblem","floor":32.0,"key":"SMITH"},{"data":"elementalist:Kiln","floor":44,"key":"SMITH"},{"data":"elementalist:Defend_Elemblue","floor":47,"key":"SMITH"},{"data":"elementalist:Earth_Emblem","floor":49,"key":"SMITH"},{"data":"elementalist:Fire_Emblem","floor":52,"key":"SMITH"}],"circlet_count":0,"master_deck":["elementalist:Fire_Emblem+1","elementalist:Earth_Emblem+1","elementalist:Fire_Emblem+1","elementalist:Fire_Emblem+1","elementalist:Fire_Emblem+1","elementalist:Fire_Emblem+1","elementalist:Defend_Elemblue","elementalist:Defend_Elemblue+1","elementalist:Defend_Elemblue+1","elementalist:Defend_Elemblue+1","elementalist:Firestrike","elementalist:Airstrike+1","elementalist:Crystal_Chalk","elementalist:Flame+1","elementalist:Impact+1","elementalist:Caution+1","elementalist:Flame+1","elementalist:Flame+1","elementalist:Impact+1","elementalist:Flame+1","elementalist:Blaze+1","elementalist:Solar_Form+1","elementalist:Kiln+1","elementalist:Blaze+1"],"relics":["elementalistmod:MagusStaff","elementalistmod:RedRibbon","Chemical X","Molten Egg 2","Medical Kit","Vajra","TheAbacus","Meat on the Bone","Anchor","Ancient Tea Set","Bronze Scales","SlaversCollar","NlothsMask","hubris:TenFootPole","DeathKnight:PutricidesVial","Sozu","theForsaken:Lifeblossom","Pen Nib","hubris:GlazedTorus","Toolbox","StoneCalendar","ClockworkSouvenir","Oddly Smooth Stone","hubris:MedicalManual","hubris:ToyBattleship"],"acts_visited":["Exordium","TheCity","TheBeyond","TheEnding"],"potions_floor_usage":[45,55,55],"damage_taken":[{"damage":0.0,"enemies":"2 Louse","floor":1.0,"turns":2.0},{"damage":0.0,"enemies":"Cultist","floor":3.0,"turns":3.0},{"damage":0.0,"enemies":"Jaw Worm","floor":4.0,"turns":4.0},{"damage":0.0,"enemies":"Large Slime","floor":5.0,"turns":7.0},{"damage":0.0,"enemies":"3 Sentries","floor":6.0,"turns":6.0},{"damage":15.0,"enemies":"Gremlin Nob","floor":11.0,"turns":5.0},{"damage":0.0,"enemies":"Red Slaver","floor":12.0,"turns":3.0},{"damage":0.0,"enemies":"Looter","floor":13.0,"turns":3.0},{"damage":0.0,"enemies":"3 Sentries","floor":14.0,"turns":5.0},{"damage":0.0,"enemies":"The Guardian","floor":16.0,"turns":8.0},{"damage":0.0,"enemies":"Chosen","floor":18.0,"turns":4.0},{"damage":0.0,"enemies":"2 Thieves","floor":21.0,"turns":5.0},{"damage":0.0,"enemies":"Gremlin Leader","floor":24.0,"turns":5.0},{"damage":0.0,"enemies":"Shelled Parasite and Fungi","floor":28.0,"turns":4.0},{"damage":0.0,"enemies":"Cultist and Chosen","floor":29.0,"turns":3.0},{"damage":0.0,"enemies":"Slavers","floor":31.0,"turns":3.0},{"damage":15,"enemies":"Collector","floor":33,"turns":6},{"damage":0,"enemies":"3 Shapes","floor":35,"turns":4},{"damage":0,"enemies":"3 Darklings","floor":37,"turns":4},{"damage":7,"enemies":"Spire Growth","floor":39,"turns":3},{"damage":0,"enemies":"Nemesis","floor":40,"turns":3},{"damage":25,"enemies":"Maw","floor":41,"turns":4},{"damage":13,"enemies":"Reptomancer","floor":42,"turns":3},{"damage":0,"enemies":"Writhing Mass","floor":45,"turns":3},{"damage":0,"enemies":"Nemesis","floor":46,"turns":3},{"damage":10,"enemies":"Time Eater","floor":50,"turns":6},{"damage":0,"enemies":"Shield and Spear","floor":54,"turns":3},{"damage":62,"enemies":"The Heart","floor":55,"turns":6}],"seed_played":"4321487126467508622","potions_obtained":[{"floor":1.0,"key":"FairyPotion"},{"floor":6.0,"key":"Fire Potion"},{"floor":11.0,"key":"Dexterity Potion"},{"floor":12.0,"key":"GamblersBrew"},{"floor":14.0,"key":"FearPotion"},{"floor":16.0,"key":"ColorlessPotion"},{"floor":21.0,"key":"LiquidMemories"},{"floor":24.0,"key":"CultistPotion"},{"floor":33,"key":"BlessingOfTheForge"}],"is_trial":false,"path_per_floor":["M","?","M","M","M","E","?","R","T","?","E","M","M","E","R","B",null,"M","?","?","M","?","R","E","R","T","R","M","M","R","E","R","B",null,"M","?","M","?","M","E","M","E","T","R","M","E","R","$","R","B",null,"R","$","E","B",null],"character_chosen":"THE_ELEMENTALIST","items_purchased":["elementalist:Flame","Chemical X","Molten Egg 2","elementalist:Impact+1","Medical Kit","Vajra","TheAbacus","Toolbox","StoneCalendar","ClockworkSouvenir","Oddly Smooth Stone","hubris:MedicalManual"],"campfire_rested":0,"item_purchase_floors":[0,0,0,0,0,0,0,48,48,53,53,53],"current_hp_per_floor":[30,30,30,30,30,30,16,16,16,16,13,25,37,37,37,37,70,70,70,70,70,70,70,70,70,70,70,70,70,70,70,70,55,70,70,70,70,53,46,46,39,43,43,43,48,53,53,53,53,49,70,70,70,70,20],"gold":68,"neow_bonus":"","is_daily":false,"chose_seed":false,"campfire_upgraded":10,"win_rate":0.0,"timestamp":1613241062,"path_taken":["M","?","M","?","M","E","?","R","T","?","E","?","M","E","R","BOSS","M","?","?","?","?","R","E","R","T","R","M","M","R","E","R","BOSS","M","?","M","?","M","E","M","E","T","R","M","E","R","$","R","BOSS","R","$","E","BOSS"],"items_purchased_type":["Card","Relic","Relic","Card","Relic","Relic","Relic","Relic","Relic","Relic","Relic","Relic"],"build_version":"2020-12-22","purchased_purges":3,"victory":true,"max_hp_per_floor":[70,70,70,70,70,70,70,70,70,70,70,70,70,70,70,70,70,70,70,70,70,70,70,70,70,70,70,70,70,70,70,70,70,70,70,70,70,70,70,70,70,70,70,70,70,70,70,70,70,70,70,70,70,70,70],"card_choices":[{"not_picked":["elementalist:Wards","elementalist:Monument+1","elementalist:Cauterize+1"],"picked":"SKIP","floor":1.0},{"not_picked":["elementalist:Rising_Tides+1","elementalist:Ignition+1"],"picked":"elementalist:Caution","floor":3.0},{"not_picked":["elementalist:Emberveil","elementalist:Cyclone","elementalist:Spout+1"],"picked":"SKIP","floor":4.0},{"not_picked":["elementalist:Aegis","elementalist:Prepared_Sand+1","elementalist:Widdershins_Conversion"],"picked":"SKIP","floor":5.0},{"not_picked":["elementalist:Mist","elementalist:Overheat"],"picked":"elementalist:Flame+1","floor":6.0},{"not_picked":["elementalist:Sidereal_Form","elementalist:Gaian_Form"],"picked":"elementalist:Flame+1","floor":11.0},{"not_picked":["elementalist:Sidereal_Form","elementalist:Etherstrike+1"],"picked":"elementalist:Impact+1","floor":12.0},{"not_picked":["elementalist:Emberveil","elementalist:Geomancy","elementalist:Breeze"],"picked":"SKIP","floor":13.0},{"not_picked":["elementalist:Heavensfall+1","elementalist:Geomancy","elementalist:Pressurize+1"],"picked":"SKIP","floor":14.0},{"not_picked":["elementalist:Mist+1","elementalist:Monument+1","elementalist:Aero"],"picked":"SKIP","floor":18.0},{"not_picked":["elementalist:Overheat","elementalist:Emberveil","elementalist:Spout+1"],"picked":"SKIP","floor":21.0},{"not_picked":["elementalist:Flame+1","elementalist:Overheat+1","elementalist:Magma_Shot+1"],"picked":"SKIP","floor":24.0},{"not_picked":["elementalist:Aegis","elementalist:Wards"],"picked":"elementalist:Blaze+1","floor":28.0},{"not_picked":["elementalist:Geomancy","elementalist:Mage_Hand"],"picked":"elementalist:Solar_Form","floor":29.0},{"not_picked":["elementalist:Magma_Shot+1","elementalist:Aero","elementalist:Fission_Lance+1"],"picked":"SKIP","floor":31.0},{"not_picked":["elementalist:Glaciate+1","elementalist:Erosion"],"picked":"elementalist:Kiln","floor":33},{"not_picked":["elementalist:Emberveil+1","elementalist:Pressurize+1","elementalist:Lunar_Form+1"],"picked":"SKIP","floor":35},{"not_picked":["elementalist:Overheat+1","elementalist:Flame+1"],"picked":"elementalist:Blaze+1","floor":37},{"not_picked":["elementalist:Etherstrike+1","elementalist:Magma_Shot+1","elementalist:Wards"],"picked":"SKIP","floor":39},{"not_picked":["elementalist:Emberveil","elementalist:Solar_Form+1","elementalist:Cyclone"],"picked":"SKIP","floor":40},{"not_picked":["elementalist:Blaze+1","elementalist:Aegis+1","elementalist:Stone_to_Mud+1"],"picked":"SKIP","floor":41},{"not_picked":["elementalist:Blaze+1","elementalist:Geomancy","elementalist:Emberveil+1"],"picked":"SKIP","floor":42},{"not_picked":["elementalist:Geomancy+1","elementalist:Fission_Lance+1","elementalist:Spark+1"],"picked":"SKIP","floor":45},{"not_picked":["elementalist:Overheat+1","elementalist:Burning_Soul","elementalist:Spark+1"],"picked":"SKIP","floor":46},{"not_picked":["elementalist:Emberveil","elementalist:Spout+1","elementalist:Fission_Lance+1"],"picked":"SKIP","floor":54}],"player_experience":1152114,"relics_obtained":[{"floor":6.0,"key":"Meat on the Bone"},{"floor":9.0,"key":"Anchor"},{"floor":11.0,"key":"Ancient Tea Set"},{"floor":14.0,"key":"Bronze Scales"},{"floor":24.0,"key":"hubris:TenFootPole"},{"floor":31.0,"key":"DeathKnight:PutricidesVial"},{"floor":40,"key":"theForsaken:Lifeblossom"},{"floor":42,"key":"Pen Nib"},{"floor":46,"key":"hubris:GlazedTorus"},{"floor":54,"key":"hubris:ToyBattleship"}],"event_choices":[{"damage_healed":0.0,"max_hp_gain":0.0,"max_hp_loss":0.0,"gold_gain":0.0,"event_name":"Accursed Blacksmith","player_choice":"Forge","floor":2.0,"gold_loss":0.0,"damage_taken":0.0,"cards_upgraded":["elementalist:Flame"]},{"damage_healed":30.0,"max_hp_gain":0.0,"max_hp_loss":70.0,"gold_gain":0.0,"event_name":"betterThird:BetterShining","player_choice":"Upgrade","floor":7.0,"gold_loss":0.0,"damage_taken":14.0,"cards_upgraded":["elementalist:Defend_Elemblue","elementalist:Airstrike"]},{"damage_healed":0.0,"max_hp_gain":0.0,"max_hp_loss":0.0,"gold_gain":100.0,"event_name":"Wheel of Change","player_choice":"Gold","floor":10.0,"gold_loss":0.0,"damage_taken":0.0},{"cards_removed":["elementalist:Waterstrike"],"damage_healed":0.0,"max_hp_gain":0.0,"max_hp_loss":0.0,"gold_gain":0.0,"event_name":"Beggar","player_choice":"Gave Gold","floor":19.0,"gold_loss":75.0,"damage_taken":0.0},{"damage_healed":0.0,"max_hp_gain":0.0,"max_hp_loss":0.0,"gold_gain":0.0,"event_name":"FaceTrader","player_choice":"Trade","floor":20.0,"gold_loss":0.0,"damage_taken":0.0,"relics_obtained":["NlothsMask"]},{"cards_removed":["elementalist:Defend_Elemblue"],"damage_healed":0.0,"max_hp_gain":0.0,"max_hp_loss":0.0,"gold_gain":0.0,"event_name":"Designer","player_choice":"Upgrade and Remove","floor":22.0,"gold_loss":90.0,"damage_taken":0.0,"cards_upgraded":["elementalist:Fire_Emblem"]},{"damage_healed":0,"gold_gain":0,"player_choice":"Memory 1","damage_taken":0,"max_hp_gain":0,"max_hp_loss":0,"event_name":"SensoryStone","floor":36,"gold_loss":0},{"damage_healed":0,"gold_gain":0,"player_choice":"Random: Green","damage_taken":0,"max_hp_gain":0,"max_hp_loss":0,"event_name":"betterThird:BetterPortal","floor":38,"gold_loss":0},{"damage_healed":0,"gold_gain":360,"player_choice":"GOLD GOLD GOLD GOLD ","damage_taken":36,"max_hp_gain":0,"max_hp_loss":0,"event_name":"Knowing Skull","floor":38,"potions_obtained":[],"gold_loss":0,"cards_obtained":[]}],"is_beta":false,"boss_relics":[{"not_picked":["Busted Crown","hubris:GrandSneckoEye"],"picked":"SlaversCollar"},{"not_picked":["theForsaken:PaleLantern","Astrolabe"],"picked":"Sozu"}],"items_purged_floors":[0,0,0],"is_endless":false,"potions_floor_spawned":[1,6,11,12,14,16,21,24,33,39,41,45],"ascension_level":1}}