{"host":"8rqsnaeml9gxb0kp","time":1613198320,"event":{"mods":["AchievementEnabler","BaseMod","Dark Map","Minty Spire (QoL Compilation)","Relic Stats","StSLib","slay the spire mod where everything is the same but ironclad has a cowboy hat"],"gold_per_floor":[16,36,48,65,65,94,94,127,151,151,163,183,183,209,209,209,209],"floor_reached":16,"language":"ENG","playtime":711,"items_purged":[],"score":146,"play_id":"9aab0e9d-923a-433a-aa77-5b7187bc4d3f","local_time":"20210212223840","is_ascension_mode":true,"campfire_choices":[{"floor":7.0,"key":"REST"},{"data":"Deadly Poison","floor":10.0,"key":"SMITH"},{"floor":13.0,"key":"REST"},{"data":"Deadly Poison","floor":15,"key":"SMITH"}],"circlet_count":0,"master_deck":["Strike_G","Strike_G","Strike_G","Strike_G","Strike_G","Defend_G","Defend_G","Defend_G","Defend_G","Defend_G","Survivor","Neutralize","Deadly Poison+1","Choke","Flying Knee","Deadly Poison+1","Flying Knee","Bane","PiercingWail","Quick Slash","Dash"],"relics":["Ring of the Snake","Thread and Needle","Strawberry","Potion Belt","Regal Pillow","Ancient Tea Set"],"acts_visited":["Exordium"],"potions_floor_usage":[14,16],"damage_taken":[{"damage":0.0,"enemies":"Cultist","floor":1.0,"turns":4.0},{"damage":0.0,"enemies":"2 Louse","floor":2.0,"turns":2.0},{"damage":0.0,"enemies":"Jaw Worm","floor":3.0,"turns":3.0},{"damage":20.0,"enemies":"Gremlin Gang","floor":4.0,"turns":4.0},{"damage":25.0,"enemies":"Gremlin Nob","floor":6.0,"turns":4.0},{"damage":13.0,"enemies":"Lagavulin","floor":8.0,"turns":6.0},{"damage":6.0,"enemies":"Exordium Thugs","floor":11.0,"turns":3.0},{"damage":3.0,"enemies":"Exordium Wildlife","floor":12.0,"turns":5.0},{"damage":16,"enemies":"Gremlin Nob","floor":14,"turns":3},{"damage":58,"enemies":"Slime Boss","floor":16,"turns":11}],"seed_played":"-2873116498414110022","potions_obtained":[{"floor":1.0,"key":"DuplicationPotion"},{"floor":3.0,"key":"SkillPotion"},{"floor":5.0,"key":"DuplicationPotion"},{"floor":5.0,"key":"LiquidBronze"},{"floor":5.0,"key":"EssenceOfSteel"},{"floor":8.0,"key":"DuplicationPotion"},{"floor":14,"key":"AttackPotion"}],"is_trial":false,"path_per_floor":["M","M","M","M","?","E","R","E","T","R","M","M","R","E","R","B"],"character_chosen":"THE_SILENT","items_purchased":[],"campfire_rested":2,"item_purchase_floors":[],"current_hp_per_floor":[70,70,70,50,50,32,55,42,42,42,36,33,71,55,55,0,0],"gold":209,"neow_bonus":"ONE_RARE_RELIC","is_daily":false,"chose_seed":false,"campfire_upgraded":2,"win_rate":0.0,"timestamp":1613198320,"path_taken":["M","M","M","M","?","E","R","E","T","R","?","M","R","E","R","BOSS"],"items_purchased_type":[],"build_version":"2020-12-22","purchased_purges":0,"victory":false,"max_hp_per_floor":[70,70,70,70,70,77,77,77,77,77,77,77,77,77,77,77,77],"relic_stats":{"Regal Pillow":15,"counters":[10,45],"obtain_stats":[{"Potion Belt":8,"Regal Pillow":9,"Strawberry":6,"Thread and Needle":0,"Ancient Tea Set":14,"Ring of the Snake":0},{"Potion Belt":6,"Regal Pillow":6,"Strawberry":5,"Thread and Needle":0,"Ancient Tea Set":9,"Ring of the Snake":0},{"Potion Belt":23,"Regal Pillow":23,"Strawberry":17,"Thread and Needle":0,"Ancient Tea Set":34,"Ring of the Snake":0}],"Ring of the Snake":[20]},"card_choices":[{"not_picked":["Eviscerate","Infinite Blades"],"picked":"Deadly Poison","floor":1.0},{"not_picked":["Underhanded Strike","Distraction"],"picked":"Choke","floor":2.0},{"not_picked":["Crippling Poison","Quick Slash"],"picked":"Flying Knee","floor":3.0},{"not_picked":["Flechettes","Blur"],"picked":"Deadly Poison","floor":4.0},{"not_picked":["Storm of Steel","Distraction"],"picked":"Flying Knee","floor":6.0},{"not_picked":["Deadly Poison","Well Laid Plans"],"picked":"Bane","floor":8.0},{"not_picked":["Dodge and Roll","Underhanded Strike"],"picked":"PiercingWail","floor":11.0},{"not_picked":["Cloak And Dagger","Flying Knee"],"picked":"Quick Slash","floor":12.0},{"not_picked":["Backflip","Distraction"],"picked":"Dash","floor":14}],"player_experience":215912,"relics_obtained":[{"floor":6.0,"key":"Strawberry"},{"floor":8.0,"key":"Potion Belt"},{"floor":9.0,"key":"Regal Pillow"},{"floor":14,"key":"Ancient Tea Set"}],"event_choices":[{"damage_healed":0.0,"max_hp_gain":0.0,"max_hp_loss":0.0,"gold_gain":0.0,"event_name":"Lab","player_choice":"Got Potions","floor":5.0,"gold_loss":0.0,"damage_taken":0.0}],"is_beta":false,"boss_relics":[],"items_purged_floors":[],"is_endless":false,"potions_floor_spawned":[1,3,8,14],"killed_by":"Slime Boss","ascension_level":4}}