{"host":"bebwmhhch11ak7yk","time":1613224426,"event":{"mods":["Act Like it!","Arknights","Aspiration","BaseMod","Better Skull","Better Third Choice","Colored Powertips","Elementarium","Fiend Mod","Hermit","Hunter ??","Kratos Character Expansion","Luminous","Minty Spire (QoL Compilation)","Replay The Spire","SIMod","StSLib","The Animator","The Blackbeard","The Bladedancer","The Bug Knight","The Cursed","The Necromancer","The Servant 0.9.4","The Vixen"],"gold_per_floor":[110,110,110,123,148,192,208,208,234,234,234],"floor_reached":10,"language":"ENG","playtime":825,"items_purged":[],"score":68,"play_id":"5579338e-0d82-4726-87e8-f5dd3f64350c","local_time":"20210213145346","is_ascension_mode":false,"campfire_choices":[{"floor":8,"key":"REST"}],"circlet_count":0,"master_deck":["HollowMod:NailStrikeStart","HollowMod:NailStrikeStart","HollowMod:NailStrikeStart","HollowMod:NailStrikeStart","HollowMod:QuickDashStart","HollowMod:QuickDashStart","HollowMod:QuickDashStart","HollowMod:QuickDashStart","HollowMod:FocusHealStart","HollowMod:PogoStrike","HollowMod:GreatSlash","HollowMod:ChannelNail","HollowMod:SoulEater","HollowMod:MidwifesHunger","HollowMod:Grubsong"],"relics":["HollowMod:VesselMask","Golden Idol","Replay:Wax Seal","Toy Ornithopter"],"acts_visited":["Exordium"],"potions_floor_usage":[6,6,6,7,10],"damage_taken":[{"damage":0,"enemies":"2 Louse","floor":1,"turns":2},{"damage":0,"enemies":"Small Slimes","floor":4,"turns":3},{"damage":6,"enemies":"Jaw Worm","floor":5,"turns":3},{"damage":56,"enemies":"Lagavulin","floor":6,"turns":11},{"damage":24,"enemies":"Blue Slaver","floor":7,"turns":5},{"damage":56,"enemies":"Gremlin Nob","floor":10,"turns":5}],"seed_played":"-8833028611757956319","potions_obtained":[{"floor":0,"key":"Reflective Coating"},{"floor":0,"key":"Milkshake"},{"floor":0,"key":"EssenceOfSteel"},{"floor":6,"key":"FearPotion"},{"floor":7,"key":"Weak Potion"}],"is_trial":false,"path_per_floor":["M","?","?","M","M","E","M","R","T","E"],"character_chosen":"THE_BUGKNIGHT","items_purchased":[],"campfire_rested":1,"item_purchase_floors":[],"current_hp_per_floor":[75,57,62,72,72,26,8,32,32,0,0],"gold":234,"neow_bonus":"THREE_SMALL_POTIONS","is_daily":false,"chose_seed":false,"campfire_upgraded":0,"win_rate":0.0,"timestamp":1613224426,"path_taken":["M","?","?","M","M","E","M","R","T","E"],"items_purchased_type":[],"build_version":"2020-12-22","purchased_purges":0,"victory":false,"max_hp_per_floor":[75,75,80,80,80,80,80,80,80,80,80],"card_choices":[{"not_picked":["HollowMod:DreamGate","HollowMod:NewJinnsSoul"],"picked":"HollowMod:GreatSlash","floor":1},{"not_picked":["HollowMod:CycloneSlash","HollowMod:CloakDash"],"picked":"HollowMod:ChannelNail","floor":4},{"not_picked":["HollowMod:NewJinnsSoul","HollowMod:DoubleDash"],"picked":"HollowMod:SoulEater","floor":5},{"not_picked":["HollowMod:CycloneSlash","HollowMod:LifebloodCocoon"],"picked":"HollowMod:MidwifesHunger","floor":6},{"not_picked":["HollowMod:MonarchWings","HollowMod:SharpenedNail"],"picked":"HollowMod:Grubsong","floor":7}],"player_experience":354525,"relics_obtained":[{"floor":6,"key":"Replay:Wax Seal"},{"floor":9,"key":"Toy Ornithopter"}],"event_choices":[{"damage_healed":0,"gold_gain":0,"player_choice":"Take Damage","damage_taken":18,"relics_obtained":["Golden Idol"],"max_hp_gain":0,"max_hp_loss":0,"event_name":"Golden Idol","floor":2,"gold_loss":0},{"damage_healed":0,"gold_gain":0,"player_choice":"Donut","damage_taken":0,"max_hp_gain":5,"max_hp_loss":0,"event_name":"Big Fish","floor":3,"gold_loss":0}],"is_beta":false,"boss_relics":[],"items_purged_floors":[],"is_endless":false,"potions_floor_spawned":[1,6,7],"killed_by":"Gremlin Nob","ascension_level":0}}