{"host":"8nctav4lo34mnono","time":1613176636,"event":{"mods":["BaseMod","Bestiary","Highlight Path","Minty Spire (QoL Compilation)","Relic Stats","Slay the Relics Exporter"],"gold_per_floor":[112,112,112,130,95,95,129,129,129,156,194,236,258,288,300,417,429,456,468,500,6,6,6,37,37,118,118,118,118,118],"floor_reached":29,"language":"ENG","playtime":925,"items_purged":[],"score":326,"play_id":"dc55c56b-90fe-4d0c-967c-e04abec6d012","local_time":"20210213003716","is_ascension_mode":true,"campfire_choices":[{"data":"Eruption","floor":6.0,"key":"SMITH"},{"floor":8.0,"key":"REST"},{"floor":15,"key":"REST"},{"floor":23,"key":"REST"},{"floor":27,"key":"REST"}],"circlet_count":0,"master_deck":["Strike_P+1","Strike_P+1","Strike_P+1","Defend_P+1","Defend_P+1","Defend_P+1","Defend_P+1","Eruption+1","Vigilance","Master of Strategy","Vengeance","FollowUp","Consecrate","FearNoEvil","Meditate","Weave","FlurryOfBlows","BowlingBash","EmptyFist","DeusExMachina","FlurryOfBlows+1","ThirdEye+1","MentalFortress","Tantrum","Halt","Crescendo","Decay","Halt"],"relics":["HolyWater","Matryoshka","Orichalcum","Akabeko","MawBank","Turnip","Odd Mushroom","Prayer Wheel","Mummified Hand","Dream Catcher","Sundial"],"acts_visited":["Exordium","TheCity"],"potions_floor_usage":[13,24,28,29],"damage_taken":[{"damage":1.0,"enemies":"Small Slimes","floor":1.0,"turns":3.0},{"damage":14.0,"enemies":"2 Louse","floor":4.0,"turns":2.0},{"damage":17.0,"enemies":"3 Sentries","floor":7.0,"turns":6.0},{"damage":2.0,"enemies":"Jaw Worm","floor":10.0,"turns":2.0},{"damage":12.0,"enemies":"Gremlin Nob","floor":11.0,"turns":3.0},{"damage":2.0,"enemies":"The Mushroom Lair","floor":12.0,"turns":2.0},{"damage":0,"enemies":"Exordium Wildlife","floor":13,"turns":1},{"damage":0,"enemies":"3 Louse","floor":14,"turns":1},{"damage":13,"enemies":"Slime Boss","floor":16,"turns":6},{"damage":23,"enemies":"Shell Parasite","floor":18,"turns":3},{"damage":2,"enemies":"3 Byrds","floor":20,"turns":4},{"damage":40,"enemies":"Gremlin Leader","floor":24,"turns":4},{"damage":0,"enemies":"Centurion and Healer","floor":28,"turns":1},{"damage":38,"enemies":"Book of Stabbing","floor":29,"turns":4}],"seed_played":"-9131652808287255560","potions_obtained":[{"floor":1.0,"key":"SmokeBomb"},{"floor":4.0,"key":"StancePotion"},{"floor":10.0,"key":"Strength Potion"},{"floor":16,"key":"DistilledChaos"},{"floor":24,"key":"Ancient Potion"}],"is_trial":false,"path_per_floor":["M","?","?","M","?","R","E","R","T","M","E","?","M","M","R","B",null,"M","?","M","$","?","R","E","?","T","R","M","E"],"character_chosen":"WATCHER","items_purchased":["MentalFortress","Tantrum","Prayer Wheel","Halt","Crescendo"],"campfire_rested":4,"item_purchase_floors":[21,21,21,21,21],"current_hp_per_floor":[64,39,39,25,41,41,24,43,43,41,29,27,27,27,46,33,57,34,34,32,32,32,51,11,11,11,30,30,0,0],"gold":118,"neow_bonus":"RANDOM_COLORLESS_2","is_daily":false,"chose_seed":false,"campfire_upgraded":1,"win_rate":0.0,"timestamp":1613176636,"path_taken":["M","?","?","M","?","R","E","R","T","?","E","?","M","M","R","BOSS","M","?","M","$","?","R","E","?","T","R","M","E"],"items_purchased_type":["Card","Card","Relic","Card","Card"],"build_version":"2020-12-22","purchased_purges":0,"victory":false,"max_hp_per_floor":[65,65,65,65,65,65,65,65,65,65,65,65,65,65,65,65,65,65,65,65,65,65,65,65,65,65,65,65,65,65],"relic_stats":{"Dream Catcher":1,"counters":[14,42],"Mummified Hand":[1],"Sundial":[0],"Prayer Wheel":0,"Turnip":[3],"Orichalcum":[36],"MawBank":144,"obtain_stats":[{"Dream Catcher":26,"Matryoshka":2,"Mummified Hand":24,"Sundial":26,"HolyWater":17,"Prayer Wheel":21,"Turnip":11,"PureWater":0,"Orichalcum":7,"Odd Mushroom":12,"MawBank":9,"Akabeko":9},{"Dream Catcher":12,"Matryoshka":1,"Mummified Hand":12,"Sundial":12,"HolyWater":9,"Prayer Wheel":11,"Turnip":5,"PureWater":0,"Orichalcum":3,"Odd Mushroom":6,"MawBank":3,"Akabeko":3},{"Dream Catcher":37,"Matryoshka":3,"Mummified Hand":37,"Sundial":37,"HolyWater":26,"Prayer Wheel":33,"Turnip":16,"PureWater":0,"Orichalcum":11,"Odd Mushroom":18,"MawBank":11,"Akabeko":11}]},"card_choices":[{"not_picked":["Chrysalis","Transmutation"],"picked":"Master of Strategy","floor":0.0},{"not_picked":["JustLucky","Evaluate"],"picked":"Vengeance","floor":1.0},{"not_picked":["JustLucky","Blasphemy"],"picked":"Consecrate","floor":4.0},{"not_picked":["WindmillStrike","SashWhip"],"picked":"FearNoEvil","floor":7.0},{"not_picked":["ReachHeaven","Collect"],"picked":"Meditate","floor":10.0},{"not_picked":["Halt","EmptyFist"],"picked":"Weave","floor":11.0},{"not_picked":["Sanctity","EmptyBody"],"picked":"FlurryOfBlows","floor":12.0},{"not_picked":["CrushJoints","DeceiveReality"],"picked":"BowlingBash","floor":13},{"not_picked":["Prostrate","BowlingBash"],"picked":"EmptyFist","floor":14},{"not_picked":["Brilliance","DevaForm"],"picked":"DeusExMachina","floor":16},{"not_picked":["EmptyBody+1","Study"],"picked":"FlurryOfBlows+1","floor":18},{"not_picked":["CarveReality","Study"],"picked":"ThirdEye+1","floor":20},{"not_picked":["SandsOfTime","CrushJoints","PathToVictory"],"picked":"SKIP","floor":24},{"not_picked":["FlyingSleeves","BowlingBash"],"picked":"Halt","floor":27}],"player_experience":388738,"relics_obtained":[{"floor":7.0,"key":"Orichalcum"},{"floor":9.0,"key":"Akabeko"},{"floor":9.0,"key":"MawBank"},{"floor":11.0,"key":"Turnip"},{"floor":12.0,"key":"Odd Mushroom"},{"floor":24,"key":"Mummified Hand"},{"floor":26,"key":"Dream Catcher"},{"floor":26,"key":"Sundial"}],"event_choices":[{"damage_healed":0.0,"max_hp_gain":0.0,"max_hp_loss":0.0,"gold_gain":0.0,"event_name":"Scrap Ooze","player_choice":"Success","floor":2.0,"gold_loss":0.0,"damage_taken":25.0,"relics_obtained":["Matryoshka"]},{"damage_healed":0.0,"max_hp_gain":0.0,"max_hp_loss":0.0,"gold_gain":0.0,"cards_transformed":["Strike_P"],"event_name":"Living Wall","player_choice":"Change","floor":3.0,"gold_loss":0.0,"damage_taken":0.0,"cards_obtained":["FollowUp"]},{"damage_healed":16.0,"max_hp_gain":0.0,"max_hp_loss":0.0,"gold_gain":0.0,"event_name":"The Cleric","player_choice":"Healed","floor":5.0,"gold_loss":35.0,"damage_taken":0.0},{"damage_healed":0.0,"max_hp_gain":0.0,"max_hp_loss":0.0,"gold_gain":0.0,"event_name":"Mushrooms","player_choice":"Fought Mushrooms","floor":12.0,"gold_loss":0.0,"damage_taken":0.0},{"damage_healed":0,"gold_gain":0,"player_choice":"Ignored","damage_taken":0,"max_hp_gain":0,"max_hp_loss":0,"event_name":"Vampires","floor":19,"gold_loss":0},{"damage_healed":0,"gold_gain":0,"player_choice":"Simplicity","damage_taken":0,"max_hp_gain":0,"max_hp_loss":0,"event_name":"Back to Basics","floor":22,"gold_loss":0,"cards_upgraded":["Strike_P","Strike_P","Strike_P","Defend_P","Defend_P","Defend_P","Defend_P"]},{"damage_healed":0,"gold_gain":0,"player_choice":"Cursed","damage_taken":0,"max_hp_gain":0,"max_hp_loss":0,"event_name":"Wheel of Change","floor":25,"gold_loss":0,"cards_obtained":["Decay"]}],"is_beta":false,"boss_relics":[{"not_picked":["SlaversCollar","SacredBark"],"picked":"HolyWater"}],"items_purged_floors":[],"is_endless":false,"potions_floor_spawned":[1,4,10,16,24],"killed_by":"Book of Stabbing","ascension_level":6}}