{"host":"sc0o2qwpf9j16a4i","time":1613215019,"event":{"mods":["AchievementEnabler","BaseMod","BetterRewards","Block Reminder","Colored Map","Colored Powertips","Custom Start","Highlight Path","Minty Spire (QoL Compilation)","Relic Stats"],"gold_per_floor":[111,111,211,46,64,93,93,39,62,73,73,86,114,129,129,230,230,248,259,259,271,291,291,323,323,405,433,453,486,486,486],"floor_reached":30,"language":"ENG","playtime":783,"items_purged":[],"score":402,"play_id":"c4b77c0b-f214-47ee-a2f3-f39cdfef6360","local_time":"20210213131659","daily_mods":["Draft","Green Cards","Lethality"],"is_ascension_mode":false,"campfire_choices":[{"data":"Battle Trance","floor":7,"key":"SMITH"},{"data":"Fire Breathing","floor":11,"key":"SMITH"},{"data":"Sword Boomerang","floor":15,"key":"SMITH"},{"floor":23,"key":"REST"},{"floor":25,"key":"REST"}],"circlet_count":0,"master_deck":["Bane","Bane","Flying Knee","Twin Strike","Thunderclap","Twin Strike","Endless Agony","Iron Wave","Sucker Punch","Cleave","Predator","Flying Knee","Ghostly Armor","Headbutt","Pommel Strike","Sword Boomerang","Power Through","Fire Breathing+1","Battle Trance+1","Sword Boomerang+1","Twin Strike","Flying Knee","Fire Breathing","Wraith Form v2","Calculated Gamble","Skewer","Metallicize","Bane","Thunderclap","Headbutt+1","Twin Strike+1","Evolve"],"relics":["Burning Blood","MealTicket","Regal Pillow","Potion Belt","SlaversCollar","Bag of Preparation","Eternal Feather","Paper Frog","Singing Bowl"],"acts_visited":["Exordium","TheCity"],"potions_floor_usage":[13,14,18,24,24,27,30],"damage_taken":[{"damage":0,"enemies":"2 Louse","floor":1,"turns":1},{"damage":0,"enemies":"Small Slimes","floor":5,"turns":1},{"damage":4,"enemies":"3 Sentries","floor":6,"turns":4},{"damage":0,"enemies":"Cultist","floor":10,"turns":2},{"damage":0,"enemies":"3 Louse","floor":12,"turns":2},{"damage":0,"enemies":"Gremlin Nob","floor":13,"turns":2},{"damage":0,"enemies":"Lots of Slimes","floor":14,"turns":1},{"damage":0,"enemies":"Slime Boss","floor":16,"turns":4},{"damage":20,"enemies":"3 Byrds","floor":18,"turns":3},{"damage":16,"enemies":"Chosen","floor":19,"turns":2},{"damage":13,"enemies":"Sentry and Sphere","floor":21,"turns":3},{"damage":27,"enemies":"3 Cultists","floor":22,"turns":4},{"damage":33,"enemies":"Book of Stabbing","floor":24,"turns":4},{"damage":24,"enemies":"Slavers","floor":27,"turns":5},{"damage":13,"enemies":"Cultist and Chosen","floor":28,"turns":5},{"damage":36,"enemies":"Book of Stabbing","floor":29,"turns":4},{"damage":12,"enemies":"Shelled Parasite and Fungi","floor":30,"turns":2},{"damage":0,"enemies":"Shelled Parasite and Fungi","floor":30,"turns":1}],"seed_played":"-9186347138376062617","potions_obtained":[{"floor":5,"key":"BlessingOfTheForge"},{"floor":13,"key":"LiquidBronze"},{"floor":14,"key":"SmokeBomb"},{"floor":21,"key":"PowerPotion"},{"floor":22,"key":"Explosive Potion"},{"floor":24,"key":"Regen Potion"},{"floor":28,"key":"Explosive Potion"}],"is_trial":true,"path_per_floor":["M","?","?","$","M","E","R","$","T","M","R","M","E","M","R","B",null,"M","M","?","M","M","R","E","R","T","E","M","E","M"],"character_chosen":"IRONCLAD","items_purchased":["Power Through","SkillPotion","AttackPotion","Sword Boomerang"],"campfire_rested":2,"item_purchase_floors":[4,4,4,8],"current_hp_per_floor":[80,80,80,80,80,80,80,80,80,80,80,80,80,80,80,80,80,66,56,41,34,13,53,26,66,66,60,53,23,17,17],"gold":486,"neow_bonus":"","is_daily":false,"chose_seed":false,"campfire_upgraded":3,"win_rate":0.0,"timestamp":1613215019,"path_taken":["M","?","?","$","M","E","R","$","T","?","R","M","E","M","R","BOSS","M","?","?","M","M","R","E","R","T","E","M","E","M"],"items_purchased_type":["Card","Potion","Potion","Card"],"build_version":"2020-12-22","purchased_purges":0,"victory":false,"max_hp_per_floor":[80,80,80,80,80,80,80,80,80,80,80,80,80,80,80,80,80,80,80,85,85,85,85,85,85,85,85,85,85,85,85],"relic_stats":{"Regal Pillow":30,"Singing Bowl":0,"counters":[17,49],"MealTicket":0,"Eternal Feather":0,"Bag of Preparation":[8],"obtain_stats":[{"Potion Belt":13,"SlaversCollar":17,"Regal Pillow":9,"Singing Bowl":29,"MealTicket":6,"Eternal Feather":26,"Bag of Preparation":24,"Burning Blood":0,"Paper Frog":27},{"Potion Belt":6,"SlaversCollar":8,"Regal Pillow":3,"Singing Bowl":16,"MealTicket":3,"Eternal Feather":13,"Bag of Preparation":13,"Burning Blood":0,"Paper Frog":14},{"Potion Belt":12,"SlaversCollar":17,"Regal Pillow":6,"Singing Bowl":47,"MealTicket":6,"Eternal Feather":33,"Bag of Preparation":33,"Burning Blood":0,"Paper Frog":38}],"Burning Blood":58},"card_choices":[{"not_picked":["Footwork","Sever Soul"],"picked":"Bane","floor":0},{"not_picked":["Flame Barrier","Prepared"],"picked":"Bane","floor":0},{"not_picked":["Cloak And Dagger","Concentrate"],"picked":"Flying Knee","floor":0},{"not_picked":["Cloak And Dagger","Second Wind"],"picked":"Twin Strike","floor":0},{"not_picked":["Battle Trance","Cloak And Dagger"],"picked":"Thunderclap","floor":0},{"not_picked":["Outmaneuver","Clash"],"picked":"Twin Strike","floor":0},{"not_picked":["Flex","Hemokinesis"],"picked":"Endless Agony","floor":0},{"not_picked":["Dropkick","Flying Knee"],"picked":"Iron Wave","floor":0},{"not_picked":["Bane","Dropkick"],"picked":"Sucker Punch","floor":0},{"not_picked":["Backflip","Warcry"],"picked":"Cleave","floor":0},{"not_picked":["Underhanded Strike","PiercingWail"],"picked":"Predator","floor":0},{"not_picked":["Rupture","Outmaneuver"],"picked":"Flying Knee","floor":0},{"not_picked":["Bane","Accuracy"],"picked":"Ghostly Armor","floor":0},{"not_picked":["Pummel","Clash"],"picked":"Headbutt","floor":0},{"not_picked":["True Grit","Warcry"],"picked":"Pommel Strike","floor":0},{"not_picked":["Expertise","Well Laid Plans"],"picked":"Sword Boomerang","floor":1},{"not_picked":["Warcry","Thunderclap"],"picked":"Fire Breathing","floor":5},{"not_picked":["Havoc","Entrench"],"picked":"Battle Trance","floor":6},{"not_picked":["Feel No Pain","Leg Sweep"],"picked":"Twin Strike","floor":10},{"not_picked":["Searing Blow","Perfected Strike","Concentrate"],"picked":"SKIP","floor":12},{"not_picked":["Entrench","Exhume"],"picked":"Flying Knee","floor":13},{"not_picked":["Underhanded Strike","Flying Knee"],"picked":"Fire Breathing","floor":14},{"not_picked":["Impervious","Burst"],"picked":"Wraith Form v2","floor":16},{"not_picked":["Dagger Throw","Shrug It Off+1"],"picked":"Calculated Gamble","floor":18},{"not_picked":["Havoc","Clash"],"picked":"Skewer","floor":19},{"not_picked":["Flex","Poisoned Stab"],"picked":"Metallicize","floor":21},{"not_picked":["Uppercut","Corpse Explosion"],"picked":"Bane","floor":22},{"not_picked":["Blade Dance+1","True Grit"],"picked":"Thunderclap","floor":24},{"not_picked":["Reflex","Dark Embrace"],"picked":"Headbutt+1","floor":27},{"not_picked":["Distraction","Expertise"],"picked":"Twin Strike+1","floor":28},{"not_picked":["Headbutt","Blade Dance"],"picked":"Evolve","floor":29}],"player_experience":1391012,"relics_obtained":[{"floor":6,"key":"MealTicket"},{"floor":9,"key":"Regal Pillow"},{"floor":13,"key":"Potion Belt"},{"floor":24,"key":"Bag of Preparation"},{"floor":26,"key":"Eternal Feather"},{"floor":27,"key":"Paper Frog"},{"floor":29,"key":"Singing Bowl"}],"event_choices":[{"damage_healed":0,"gold_gain":0,"player_choice":"Leave","damage_taken":0,"max_hp_gain":0,"max_hp_loss":0,"event_name":"The Cleric","floor":2,"gold_loss":0},{"damage_healed":0,"gold_gain":100,"player_choice":"Gold","damage_taken":0,"max_hp_gain":0,"max_hp_loss":0,"event_name":"Wheel of Change","floor":3,"gold_loss":0},{"damage_healed":0,"gold_gain":0,"player_choice":"Shed Blood","damage_taken":20,"max_hp_gain":5,"max_hp_loss":0,"event_name":"Forgotten Altar","floor":20,"gold_loss":0}],"is_beta":false,"boss_relics":[{"not_picked":["SacredBark","Ectoplasm"],"picked":"SlaversCollar"}],"items_purged_floors":[],"is_endless":false,"potions_floor_spawned":[5,13,14,21,22,24,28,30],"killed_by":"Shelled Parasite and Fungi","ascension_level":0}}