{"host":"1i3835udr35woqc6","time":1613230442,"event":{"mods":["Act Like it!","Arknights","Aspiration","BaseMod","BetterRewards","Conspire","Downfall","Friendly Minions","GungeonMod","Hallownest","Hermit","Minty Spire (QoL Compilation)","Pale of the Ancients","StSLib","The Cursed"],"gold_per_floor":[99,116,116,131,148,160,160,174,174,274,274,41,41,66,78,78,78,78],"floor_reached":16,"language":"ZHS","playtime":533,"items_purged":["sneckomod:Strike"],"score":102,"play_id":"3003b838-02d4-412b-b753-16574a5e61a2","local_time":"20210213233402","is_ascension_mode":false,"campfire_choices":[{"data":"sneckomod:SnekBite","floor":1,"key":"SMITH"},{"data":"sneckomod:CheapStock","floor":11,"key":"SMITH"}],"circlet_count":0,"master_deck":["sneckomod:Strike+1","sneckomod:Strike","sneckomod:Defend","sneckomod:Defend","sneckomod:Defend","sneckomod:TailWhip","sneckomod:SnekBite+1","sneckomod:Unknown","sneckomod:WideSting+1","sneckomod:Unknown","sneckomod:UnknownVulnerable+1","sneckomod:CheapStock+1","sneckomod:Unknown1Cost","downfall:Malfunctioning","sneckomod:UnknownDraw","sneckomod:CheapStock+1","Slimebound:SlimeTap","sneckomod:UnknownRareSkill","sneckomod:UnknownUncommonSkill"],"relics":["sneckomod:SneckoSoul","CaptainsWheel","DollysMirror","The Courier"],"acts_visited":["Exordium"],"potions_floor_usage":[8,8,16],"damage_taken":[{"damage":1,"enemies":"2 Louse","floor":2,"turns":2},{"damage":7,"enemies":"Jaw Worm","floor":4,"turns":3},{"damage":0,"enemies":"Small Slimes","floor":5,"turns":2},{"damage":0,"enemies":"Blue Slaver","floor":6,"turns":4},{"damage":13,"enemies":"Gremlin Gang","floor":8,"turns":2},{"damage":0,"enemies":"downfall:FleeingMerchant","floor":12,"turns":4},{"damage":39,"enemies":"3 Sentries","floor":14,"turns":9},{"damage":18,"enemies":"conspire:2 RoseBushes","floor":15,"turns":4},{"damage":24,"enemies":"WA_ARCHETYPE_RETAIN","floor":16,"turns":2}],"seed_played":"-8265095352022384513","potions_obtained":[{"floor":2,"key":"DuplicationPotion"},{"floor":4,"key":"Fire Potion"},{"floor":6,"key":"Swift Potion"}],"is_trial":false,"path_per_floor":["R","M","?","M","M","M","T","M","?","?","R","$","R","E","M","B"],"character_chosen":"THE_SNECKO","items_purchased":["DollysMirror"],"campfire_rested":0,"item_purchase_floors":[12],"current_hp_per_floor":[99,98,98,91,91,91,91,78,78,78,78,78,78,39,21,0,0,0],"gold":78,"neow_bonus":"TEN_PERCENT_HP_BONUS","is_daily":false,"chose_seed":false,"campfire_upgraded":2,"win_rate":0.0,"timestamp":1613230442,"path_taken":["R","M","?","M","?","M","T","M","?","?","R","$","R","E","M","BOSS"],"items_purchased_type":["Relic"],"build_version":"2020-12-22","purchased_purges":1,"victory":false,"max_hp_per_floor":[99,99,99,99,99,99,99,99,99,99,99,99,99,99,99,99,99,99],"card_choices":[{"not_picked":["sneckomod:SnekBeam","sneckomod:TrashToTreasure"],"picked":"sneckomod:WideSting","floor":2},{"not_picked":["sneckomod:SerpentIdol","sneckomod:TrashToTreasure","sneckomod:QuickBite"],"picked":"SKIP","floor":4},{"not_picked":["sneckomod:IronFang","sneckomod:DiceBlock"],"picked":"sneckomod:UnknownVulnerable","floor":5},{"not_picked":["sneckomod:UnknownExhaust","sneckomod:UnknownBlock"],"picked":"sneckomod:CheapStock","floor":6},{"not_picked":["sneckomod:DiceBlock","sneckomod:ImprovisedGuard"],"picked":"sneckomod:Unknown1Cost","floor":8},{"not_picked":["sneckomod:SoulDraw","sneckomod:SnekBeam"],"picked":"sneckomod:UnknownDraw","floor":12},{"not_picked":["sneckomod:IronFang","sneckomod:UnknownDraw"],"picked":"sneckomod:UnknownRareSkill","floor":14},{"not_picked":["sneckomod:IronFang","sneckomod:UnknownDraw"],"picked":"sneckomod:UnknownUncommonSkill","floor":15}],"player_experience":404243,"relics_obtained":[{"floor":7,"key":"CaptainsWheel"},{"floor":14,"key":"The Courier"}],"event_choices":[],"is_beta":false,"boss_relics":[],"items_purged_floors":[12],"is_endless":false,"potions_floor_spawned":[2,4,6],"killed_by":"WA_ARCHETYPE_RETAIN","ascension_level":0}}