{"host":"kpyf5rnb72uwap8k","time":1613257075,"event":{"mods":["AchievementEnabler","BaseMod","Colored Map","Colored Powertips","DeckTracker","Minty Spire (QoL Compilation)","Permanent Neow","Quick Restart","StSLib","SuperFastMode"],"gold_per_floor":[119,45,220,72,86,118,118,135,135,148,148,148,148,171,171,300,300,316,316,316,341,341,341],"floor_reached":22,"language":"KOR","playtime":422,"items_purged":["Doubt"],"score":241,"play_id":"8459e8c0-aee4-40fd-9d2b-8ad0791ccac4","local_time":"20210214075755","is_ascension_mode":true,"campfire_choices":[{"data":"Eruption","floor":7,"key":"SMITH"},{"data":"Adaptation","floor":11,"key":"SMITH"},{"data":"MentalFortress","floor":15,"key":"SMITH"}],"circlet_count":0,"master_deck":["Eruption+1","Vigilance","Swivel","WheelKick","EmptyBody","Adaptation+1","MentalFortress+1","Meditate","Evaluate","Brilliance","Indignation","Worship","PathToVictory","ReachHeaven","Alpha"],"relics":["PureWater","NeowsBlessing","Matryoshka","Oddly Smooth Stone","Tiny Chest","Golden Idol","Pandora\u0027s Box","Bottled Lightning"],"acts_visited":["Exordium","TheCity"],"potions_floor_usage":[13,13,16],"damage_taken":[{"damage":0,"enemies":"2 Louse","floor":1,"turns":1},{"damage":0,"enemies":"Jaw Worm","floor":5,"turns":1},{"damage":0,"enemies":"Lagavulin","floor":6,"turns":1},{"damage":0,"enemies":"Small Slimes","floor":8,"turns":3},{"damage":0,"enemies":"3 Louse","floor":10,"turns":5},{"damage":0,"enemies":"3 Sentries","floor":13,"turns":2},{"damage":13,"enemies":"Looter","floor":14,"turns":4},{"damage":38,"enemies":"Hexaghost","floor":16,"turns":13},{"damage":43,"enemies":"3 Byrds","floor":18,"turns":3},{"damage":42,"enemies":"Shell Parasite","floor":21,"turns":5}],"seed_played":"-4440401602880984264","potions_obtained":[{"floor":6,"key":"SmokeBomb"},{"floor":8,"key":"Strength Potion"},{"floor":10,"key":"Explosive Potion"},{"floor":18,"key":"Ancient Potion"}],"is_trial":false,"path_per_floor":["M","$","?","$","M","E","R","M","T","M","R","?","E","M","R","B",null,"M","?","?","M","T"],"character_chosen":"WATCHER","items_purchased":["Swivel","WheelKick"],"campfire_rested":0,"item_purchase_floors":[2,4],"current_hp_per_floor":[72,72,72,72,72,72,72,72,72,72,72,67,67,54,54,16,67,24,46,46,4,4,4],"gold":341,"neow_bonus":"THREE_ENEMY_KILL","is_daily":false,"chose_seed":false,"campfire_upgraded":3,"win_rate":0.0,"timestamp":1613257075,"path_taken":["M","$","?","$","M","E","R","M","T","M","R","?","E","M","R","BOSS","M","?","?","M","?"],"items_purchased_type":["Card","Card"],"build_version":"2020-12-22","purchased_purges":1,"victory":false,"max_hp_per_floor":[72,72,72,72,72,72,72,72,72,72,72,67,67,67,67,67,67,67,67,67,67,67,67],"card_choices":[{"not_picked":["Crescendo","JustLucky","Perseverance"],"picked":"SKIP","floor":1},{"not_picked":["Protect","Perseverance"],"picked":"EmptyBody","floor":5},{"not_picked":["Nirvana","Protect","CarveReality"],"picked":"SKIP","floor":6},{"not_picked":["JustLucky","SashWhip"],"picked":"Adaptation","floor":8},{"not_picked":["CutThroughFate","PathToVictory","Evaluate"],"picked":"SKIP","floor":10},{"not_picked":["Meditate","WreathOfFlame"],"picked":"MentalFortress","floor":14},{"not_picked":["Study","Nirvana+1","Evaluate+1"],"picked":"SKIP","floor":18},{"not_picked":["Fasting2","Prostrate","FlurryOfBlows"],"picked":"SKIP","floor":21}],"player_experience":272356,"relics_obtained":[{"floor":6,"key":"Matryoshka"},{"floor":9,"key":"Oddly Smooth Stone"},{"floor":9,"key":"Tiny Chest"},{"floor":22,"key":"Bottled Lightning"}],"event_choices":[{"damage_healed":0,"gold_gain":175,"player_choice":"AGREE","damage_taken":0,"max_hp_gain":0,"max_hp_loss":0,"event_name":"Liars Game","floor":3,"gold_loss":0,"cards_obtained":["Doubt"]},{"damage_healed":0,"gold_gain":0,"player_choice":"Lose Max HP","damage_taken":0,"relics_obtained":["Golden Idol"],"max_hp_gain":0,"max_hp_loss":5,"event_name":"Golden Idol","floor":12,"gold_loss":0},{"damage_healed":22,"gold_gain":0,"player_choice":"Heal","damage_taken":0,"max_hp_gain":0,"max_hp_loss":0,"event_name":"The Library","floor":19,"gold_loss":0},{"damage_healed":0,"gold_gain":0,"player_choice":"Ignored","damage_taken":0,"max_hp_gain":0,"max_hp_loss":0,"event_name":"Vampires","floor":20,"gold_loss":0}],"is_beta":false,"boss_relics":[{"not_picked":["VioletLotus","SacredBark"],"picked":"Pandora\u0027s Box"}],"items_purged_floors":[4],"is_endless":false,"potions_floor_spawned":[6,8,10,13,18],"ascension_level":2}}