{"host":"udzsrhbqdxqtlypj","time":1613177024,"event":{"mods":["BaseMod","Minty Spire (QoL Compilation)","Relic Stats"],"gold_per_floor":[117,117,130,130,130,130,171,42,42,75,75,93,117,135,135,233,233,252,276,276,291,0,0,49,73,122,147,194,227,227,119,119,221,221,248,281,281,93,117,159,172,217,217,248,257,590,610,610,610,610,610,610,51,81,81,81],"floor_reached":55,"language":"ENG","playtime":5865,"items_purged":["Defend_G","Strike_G","Writhe"],"score":1439,"play_id":"89bccfd9-a5e4-4e4e-9a04-d562bafbfaf6","local_time":"20210212184344","is_ascension_mode":true,"campfire_choices":[{"data":"A Thousand Cuts","floor":6,"key":"SMITH"},{"data":"Infinite Blades","floor":11,"key":"SMITH"},{"data":"Master of Strategy","floor":15,"key":"SMITH"},{"data":"Skewer","floor":23,"key":"SMITH"},{"floor":30,"key":"REST"},{"data":"Calculated Gamble","floor":32,"key":"SMITH"},{"floor":49,"key":"RECALL"},{"data":"Calculated Gamble","floor":52,"key":"SMITH"}],"circlet_count":0,"master_deck":["AscendersBane","Defend_G","Defend_G","Defend_G","Survivor","Neutralize","Master of Strategy+1","Endless Agony+1","A Thousand Cuts+1","Deflect","Poisoned Stab","Infinite Blades+1","Malaise","Blade Dance","Calculated Gamble+1","All Out Attack+1","Skewer+1","PiercingWail","Noxious Fumes","Adrenaline","Footwork","Prepared+1","Footwork","Malaise","PiercingWail+1","Blade Dance+1","Backflip","Deflect","Adrenaline","Calculated Gamble+1","Glass Knife+1","A Thousand Cuts","Deflect","Acrobatics"],"relics":["Ring of the Snake","Ancient Tea Set","HornCleat","Mercury Hourglass","Empty Cage","Chemical X","CeramicFish","Whetstone","Molten Egg 2","Black Star","PreservedInsect","Akabeko","Thread and Needle","Tough Bandages","Anchor","Letter Opener","Bag of Preparation","Pear","Membership Card","Happy Flower","Lizard Tail","Lantern","Bronze Scales"],"acts_visited":["Exordium","TheCity","TheBeyond","TheEnding"],"potions_floor_usage":[13,16,18,21,24,28,33,55,55],"damage_taken":[{"damage":2,"enemies":"Small Slimes","floor":1,"turns":4},{"damage":0,"enemies":"Jaw Worm","floor":3,"turns":4},{"damage":17,"enemies":"3 Sentries","floor":7,"turns":5},{"damage":7,"enemies":"Lagavulin","floor":10,"turns":5},{"damage":0,"enemies":"2 Louse","floor":12,"turns":1},{"damage":0,"enemies":"Gremlin Gang","floor":13,"turns":3},{"damage":9,"enemies":"3 Louse","floor":14,"turns":2},{"damage":0,"enemies":"Slime Boss","floor":16,"turns":5},{"damage":6,"enemies":"2 Thieves","floor":18,"turns":3},{"damage":0,"enemies":"Spheric Guardian","floor":19,"turns":3},{"damage":13,"enemies":"Snecko","floor":21,"turns":5},{"damage":3,"enemies":"Gremlin Leader","floor":24,"turns":5},{"damage":2,"enemies":"Snake Plant","floor":25,"turns":5},{"damage":4,"enemies":"Cultist and Chosen","floor":27,"turns":3},{"damage":16,"enemies":"Slavers","floor":28,"turns":4},{"damage":2,"enemies":"Shelled Parasite and Fungi","floor":29,"turns":3},{"damage":23,"enemies":"Automaton","floor":33,"turns":7},{"damage":2,"enemies":"3 Darklings","floor":35,"turns":5},{"damage":6,"enemies":"Orb Walker","floor":36,"turns":5},{"damage":1,"enemies":"Sphere and 2 Shapes","floor":39,"turns":3},{"damage":19,"enemies":"Nemesis","floor":40,"turns":9},{"damage":0,"enemies":"3 Darklings","floor":41,"turns":3},{"damage":0,"enemies":"Reptomancer","floor":42,"turns":5},{"damage":0,"enemies":"Giant Head","floor":44,"turns":7},{"damage":0,"enemies":"4 Shapes","floor":47,"turns":1},{"damage":24,"enemies":"Awakened One","floor":50,"turns":18},{"damage":28,"enemies":"Shield and Spear","floor":54,"turns":5},{"damage":77,"enemies":"The Heart","floor":55,"turns":6}],"seed_played":"7526022317452339439","potions_obtained":[{"floor":1,"key":"Dexterity Potion"},{"floor":12,"key":"GamblersBrew"},{"floor":13,"key":"Poison Potion"},{"floor":16,"key":"Energy Potion"},{"floor":19,"key":"ColorlessPotion"},{"floor":25,"key":"Fire Potion"},{"floor":29,"key":"DistilledChaos"},{"floor":33,"key":"CunningPotion"}],"is_trial":false,"path_per_floor":["M","?","M","?","?","R","E","$","T","E","R","M","M","M","R","B",null,"M","M","?","M","$","R","E","M","T","M","E","M","R","$","R","B",null,"M","M","?","$","M","E","M","E","T","E","?","?","M","T","R","B",null,"R","$","E","B"],"character_chosen":"THE_SILENT","items_purchased":["Poisoned Stab","Chemical X","Noxious Fumes","Footwork","PowerPotion","PreservedInsect","Backflip","Membership Card","Happy Flower","Lizard Tail","A Thousand Cuts","Deflect","Acrobatics","Strength Potion"],"campfire_rested":1,"item_purchase_floors":[8,22,22,31,31,38,38,53,53,53,53,53,53,53],"current_hp_per_floor":[43,66,66,59,59,59,42,42,42,35,35,35,35,26,26,26,55,49,49,49,36,36,36,33,31,31,27,11,9,28,28,28,5,50,48,42,42,42,41,22,22,22,22,32,51,51,51,51,51,27,63,63,63,35,0,0],"gold":81,"neow_bonus":"RANDOM_COLORLESS_2","is_daily":false,"chose_seed":false,"campfire_upgraded":6,"win_rate":0.0,"timestamp":1613177024,"path_taken":["M","?","M","?","?","R","E","$","T","E","R","M","M","M","R","BOSS","M","M","?","M","$","R","E","M","T","M","E","M","R","$","R","BOSS","M","M","?","$","M","E","?","E","T","E","?","?","M","?","R","BOSS","R","$","E","BOSS"],"items_purchased_type":["Card","Relic","Card","Card","Potion","Relic","Card","Relic","Relic","Relic","Card","Card","Card","Potion"],"build_version":"2020-12-22","purchased_purges":3,"victory":false,"max_hp_per_floor":[70,70,70,70,65,65,65,65,65,65,65,65,65,65,65,65,65,65,65,65,65,65,65,65,65,65,65,65,65,65,65,65,65,65,65,65,65,65,65,65,65,65,65,75,75,75,75,75,75,75,75,75,75,75,75,75],"relic_stats":{"Happy Flower":[3],"counters":[28,134],"CeramicFish":144,"PreservedInsect":316,"Bag of Preparation":[8],"Whetstone":["Endless Agony","All Out Attack"],"Letter Opener":[155],"Mercury Hourglass":[498],"Tough Bandages":[234],"Lizard Tail":37,"Bronze Scales":[93],"Black Star":4,"Chemical X":[54],"obtain_stats":[{"Lantern":54,"Pear":44,"Happy Flower":53,"Golden Idol":5,"CeramicFish":24,"Thread and Needle":40,"PreservedInsect":38,"Bag of Preparation":44,"Whetstone":26,"Letter Opener":43,"Ancient Tea Set":7,"Empty Cage":17,"Akabeko":40,"Mercury Hourglass":10,"Tough Bandages":42,"Anchor":42,"Lizard Tail":53,"HornCleat":9,"Bronze Scales":54,"Molten Egg 2":28,"Black Star":34,"Chemical X":22,"Membership Card":53,"Ring of the Snake":0},{"Lantern":27,"Pear":24,"Happy Flower":26,"Golden Idol":2,"CeramicFish":12,"Thread and Needle":21,"PreservedInsect":19,"Bag of Preparation":24,"Whetstone":13,"Letter Opener":23,"Ancient Tea Set":3,"Empty Cage":8,"Akabeko":21,"Mercury Hourglass":4,"Tough Bandages":23,"Anchor":23,"Lizard Tail":26,"HornCleat":3,"Bronze Scales":27,"Molten Egg 2":15,"Black Star":17,"Chemical X":11,"Membership Card":26,"Ring of the Snake":0},{"Lantern":128,"Pear":104,"Happy Flower":123,"Golden Idol":8,"CeramicFish":45,"Thread and Needle":89,"PreservedInsect":77,"Bag of Preparation":104,"Whetstone":50,"Letter Opener":97,"Ancient Tea Set":13,"Empty Cage":29,"Akabeko":89,"Mercury Hourglass":18,"Tough Bandages":97,"Anchor":97,"Lizard Tail":123,"HornCleat":13,"Bronze Scales":128,"Molten Egg 2":57,"Black Star":67,"Chemical X":40,"Membership Card":123,"Ring of the Snake":0}],"Ring of the Snake":[59]},"card_choices":[{"not_picked":["Thinking Ahead","Metamorphosis"],"picked":"Master of Strategy","floor":0},{"not_picked":["Dodge and Roll","Acrobatics"],"picked":"Endless Agony","floor":1},{"not_picked":["Sucker Punch","Prepared"],"picked":"A Thousand Cuts","floor":3},{"not_picked":["Backstab","Unload"],"picked":"Deflect","floor":7},{"not_picked":["Underhanded Strike","Dash"],"picked":"Infinite Blades","floor":10},{"not_picked":["Eviscerate","Poisoned Stab","Underhanded Strike"],"picked":"SKIP","floor":12},{"not_picked":["Quick Slash","Prepared","Poisoned Stab"],"picked":"SKIP","floor":13},{"not_picked":["Acrobatics","Dodge and Roll"],"picked":"Infinite Blades","floor":14},{"not_picked":["Storm of Steel","Burst"],"picked":"Malaise","floor":16},{"not_picked":["Poisoned Stab","Outmaneuver"],"picked":"Blade Dance","floor":18},{"not_picked":["Prepared","Dagger Throw+1"],"picked":"Calculated Gamble","floor":19},{"not_picked":["Endless Agony","Outmaneuver"],"picked":"PiercingWail","floor":21},{"not_picked":["Dash","All Out Attack"],"picked":"Adrenaline","floor":24},{"not_picked":["Cloak And Dagger","Bane","Poisoned Stab"],"picked":"SKIP","floor":25},{"not_picked":["Bane","Flying Knee","Eviscerate"],"picked":"SKIP","floor":27},{"not_picked":["Quick Slash+1","Bane+1"],"picked":"Footwork","floor":28},{"not_picked":["Slice+1","Dodge and Roll"],"picked":"Prepared+1","floor":29},{"not_picked":["Phantasmal Killer","Tools of the Trade"],"picked":"Malaise","floor":33},{"not_picked":["Underhanded Strike+1","Skewer+1"],"picked":"PiercingWail+1","floor":35},{"not_picked":["Underhanded Strike+1","Sucker Punch+1"],"picked":"Blade Dance+1","floor":36},{"not_picked":["Prepared","Quick Slash+1"],"picked":"Deflect","floor":39},{"not_picked":["Choke+1","Escape Plan"],"picked":"Adrenaline","floor":40},{"not_picked":["Heel Hook+1","Bane+1","Blade Dance"],"picked":"SKIP","floor":41},{"not_picked":["Heel Hook+1","Bane+1","Blade Dance"],"picked":"SKIP","floor":41},{"not_picked":["Prepared","Dagger Spray+1"],"picked":"Calculated Gamble","floor":42},{"not_picked":["Flying Knee+1","Deflect","Finisher+1"],"picked":"SKIP","floor":44},{"not_picked":["Cloak And Dagger","Infinite Blades"],"picked":"Glass Knife+1","floor":47},{"not_picked":["Dagger Spray+1","Blade Dance","Slice+1"],"picked":"SKIP","floor":54}],"player_experience":2899584,"relics_obtained":[{"floor":7,"key":"Ancient Tea Set"},{"floor":9,"key":"HornCleat"},{"floor":10,"key":"Mercury Hourglass"},{"floor":24,"key":"CeramicFish"},{"floor":26,"key":"Whetstone"},{"floor":28,"key":"Molten Egg 2"},{"floor":40,"key":"Akabeko"},{"floor":40,"key":"Thread and Needle"},{"floor":42,"key":"Tough Bandages"},{"floor":42,"key":"Anchor"},{"floor":43,"key":"Letter Opener"},{"floor":44,"key":"Bag of Preparation"},{"floor":44,"key":"Pear"},{"floor":54,"key":"Lantern"},{"floor":54,"key":"Bronze Scales"}],"event_choices":[{"damage_healed":23,"gold_gain":0,"player_choice":"Banana","damage_taken":0,"max_hp_gain":0,"max_hp_loss":0,"event_name":"Big Fish","floor":2,"gold_loss":0},{"cards_removed":["Strike_G"],"damage_healed":0,"gold_gain":0,"player_choice":"Card Removal","damage_taken":7,"max_hp_gain":0,"max_hp_loss":0,"event_name":"Golden Wing","floor":4,"gold_loss":0},{"damage_healed":0,"gold_gain":0,"player_choice":"Lose Max HP","damage_taken":0,"relics_obtained":["Golden Idol"],"max_hp_gain":0,"max_hp_loss":5,"event_name":"Golden Idol","floor":5,"gold_loss":0},{"damage_healed":0,"gold_gain":0,"cards_transformed":["Strike_G","Strike_G"],"player_choice":"Became Test Subject","damage_taken":0,"max_hp_gain":0,"max_hp_loss":0,"event_name":"Drug Dealer","floor":20,"gold_loss":0,"cards_obtained":["All Out Attack","Skewer"]},{"cards_removed":["Infinite Blades"],"damage_healed":0,"gold_gain":0,"player_choice":"Purged","damage_taken":0,"max_hp_gain":0,"max_hp_loss":0,"event_name":"Purifier","floor":37,"gold_loss":0},{"damage_healed":19,"gold_gain":0,"player_choice":"Writhe","damage_taken":0,"max_hp_gain":0,"max_hp_loss":0,"event_name":"Winding Halls","floor":45,"gold_loss":0,"cards_obtained":["Writhe"]},{"damage_healed":0,"gold_gain":333,"player_choice":"Gave Idol","damage_taken":0,"max_hp_gain":0,"max_hp_loss":0,"event_name":"The Moai Head","floor":46,"relics_lost":["Golden Idol"],"gold_loss":0}],"is_beta":false,"boss_relics":[{"not_picked":["Sozu","Tiny House"],"picked":"Empty Cage"},{"not_picked":["Runic Dome","Snecko Eye"],"picked":"Black Star"}],"items_purged_floors":[8,22,53],"is_endless":false,"potions_floor_spawned":[1,12,13,16,19,25,29,33,36,40,41,42],"killed_by":"The Heart","ascension_level":13}}