{"host":"utqe55yv0jihe4d6","time":1613188066,"event":{"mods":["2.2 Compatiblity","AchievementEnabler","BaseMod","Block Reminder","Colored Map","Colored Powertips","Minty Spire (QoL Compilation)","Quick Restart","Rare Cards Sparkle","Relic Stats","SuperFastMode"],"gold_per_floor":[117,117,136,4,4,4,25,60,60,98,98,112,112,112,112,208,208,232,232,250,263,263,263,263,263],"floor_reached":24,"language":"ENG","playtime":529,"items_purged":["Regret"],"score":433,"play_id":"2b698bdf-e550-4fba-aba0-ee817ad39b9c","local_time":"20210212224746","is_ascension_mode":true,"campfire_choices":[{"data":"Sucker Punch","floor":6,"key":"SMITH"},{"data":"Skewer","floor":11,"key":"SMITH"},{"data":"Caltrops","floor":13,"key":"SMITH"},{"data":"Terror","floor":15,"key":"SMITH"}],"circlet_count":0,"master_deck":["AscendersBane","Defend_G","Defend_G","Defend_G","Defend_G","Defend_G","Survivor","Neutralize","Sucker Punch+1","Dagger Spray","Dagger Throw","Terror+1","Caltrops+1","Skewer+1","Adrenaline","CurseOfTheBell","Adrenaline","Bite","Bite","Bite","Bite","Bite"],"relics":["Ring of the Snake","Pocketwatch","Golden Idol","Mercury Hourglass","Sundial","Centennial Puzzle","Eternal Feather","Calling Bell","Tiny Chest","Shuriken","Lizard Tail","Bottled Lightning"],"acts_visited":["Exordium","TheCity"],"potions_floor_usage":[8,10],"damage_taken":[{"damage":6,"enemies":"2 Louse","floor":1,"turns":3},{"damage":9,"enemies":"Jaw Worm","floor":3,"turns":5},{"damage":0,"enemies":"Cultist","floor":7,"turns":3},{"damage":3,"enemies":"Gremlin Nob","floor":8,"turns":3},{"damage":9,"enemies":"3 Sentries","floor":10,"turns":5},{"damage":0,"enemies":"2 Fungi Beasts","floor":12,"turns":2},{"damage":33,"enemies":"Hexaghost","floor":16,"turns":10},{"damage":14,"enemies":"Shell Parasite","floor":18,"turns":3},{"damage":0,"enemies":"3 Byrds","floor":20,"turns":2},{"damage":45,"enemies":"Shelled Parasite and Fungi","floor":21,"turns":6},{"damage":33,"enemies":"Book of Stabbing","floor":24,"turns":4}],"seed_played":"-4273671263734522062","potions_obtained":[{"floor":1,"key":"DistilledChaos"},{"floor":8,"key":"LiquidMemories"},{"floor":12,"key":"Ancient Potion"},{"floor":16,"key":"SteroidPotion"}],"is_trial":false,"path_per_floor":["M","?","M","$","?","R","M","E","T","E","R","M","R","?","R","B",null,"M","?","M","M","?","T","E"],"character_chosen":"THE_SILENT","items_purchased":["Dagger Throw"],"campfire_rested":0,"item_purchase_floors":[4],"current_hp_per_floor":[53,58,49,49,49,49,49,46,46,37,37,37,37,37,46,13,51,37,37,37,27,27,27,0,0],"gold":263,"neow_bonus":"ONE_RARE_RELIC","is_daily":false,"chose_seed":false,"campfire_upgraded":4,"win_rate":0.0,"timestamp":1613188066,"path_taken":["M","?","M","$","?","R","M","E","T","E","R","M","R","?","R","BOSS","M","?","?","M","?","?","E"],"items_purchased_type":["Card"],"build_version":"2020-12-22","purchased_purges":1,"victory":false,"max_hp_per_floor":[66,71,71,71,64,64,64,64,64,64,64,64,64,64,64,64,64,64,64,64,64,44,44,44,44],"relic_stats":{"Centennial Puzzle":[12],"Lizard Tail":32,"counters":[11,46],"Golden Idol":53,"Sundial":[6],"Shuriken":[5],"Eternal Feather":9,"Tiny Chest":1,"obtain_stats":[{"Calling Bell":17,"Centennial Puzzle":10,"Lizard Tail":17,"Golden Idol":5,"Sundial":9,"Shuriken":17,"Eternal Feather":14,"Tiny Chest":17,"Bottled Lightning":23,"Ring of the Snake":0,"Pocketwatch":0,"Mercury Hourglass":8},{"Calling Bell":7,"Centennial Puzzle":5,"Lizard Tail":7,"Golden Idol":2,"Sundial":4,"Shuriken":7,"Eternal Feather":6,"Tiny Chest":7,"Bottled Lightning":10,"Ring of the Snake":0,"Pocketwatch":0,"Mercury Hourglass":4},{"Calling Bell":31,"Centennial Puzzle":19,"Lizard Tail":31,"Golden Idol":8,"Sundial":14,"Shuriken":31,"Eternal Feather":21,"Tiny Chest":31,"Bottled Lightning":42,"Ring of the Snake":0,"Pocketwatch":0,"Mercury Hourglass":14}],"Ring of the Snake":[22],"Pocketwatch":[56],"Mercury Hourglass":[102]},"card_choices":[{"not_picked":["Backflip","Underhanded Strike"],"picked":"Sucker Punch","floor":1},{"not_picked":["Infinite Blades","Setup"],"picked":"Dagger Spray","floor":3},{"not_picked":["Blade Dance","Dagger Throw"],"picked":"Terror","floor":7},{"not_picked":["Tactician","Masterful Stab"],"picked":"Caltrops","floor":8},{"not_picked":["Deflect","Concentrate"],"picked":"Skewer","floor":10},{"not_picked":["Dagger Spray","Deflect","Flying Knee"],"picked":"SKIP","floor":12},{"not_picked":["Tools of the Trade","Phantasmal Killer"],"picked":"Adrenaline","floor":16},{"not_picked":["Deflect","Bane","Dodge and Roll"],"picked":"SKIP","floor":18},{"not_picked":["Deadly Poison","Skewer","Dagger Throw"],"picked":"SKIP","floor":20},{"not_picked":["Sucker Punch","Blur","Dodge and Roll"],"picked":"SKIP","floor":21}],"player_experience":3065325,"relics_obtained":[{"floor":8,"key":"Mercury Hourglass"},{"floor":9,"key":"Sundial"},{"floor":10,"key":"Centennial Puzzle"},{"floor":17,"key":"Tiny Chest"},{"floor":17,"key":"Shuriken"},{"floor":17,"key":"Lizard Tail"},{"floor":23,"key":"Bottled Lightning"}],"event_choices":[{"damage_healed":0,"gold_gain":0,"player_choice":"Donut","damage_taken":0,"max_hp_gain":5,"max_hp_loss":0,"event_name":"Big Fish","floor":2,"gold_loss":0},{"damage_healed":0,"gold_gain":0,"player_choice":"Lose Max HP","damage_taken":0,"relics_obtained":["Golden Idol"],"max_hp_gain":0,"max_hp_loss":7,"event_name":"Golden Idol","floor":5,"gold_loss":0},{"damage_healed":0,"gold_gain":0,"player_choice":"Searched \u00271\u0027 times","damage_taken":0,"relics_obtained":["Eternal Feather"],"max_hp_gain":0,"max_hp_loss":0,"event_name":"Dead Adventurer","floor":14,"gold_loss":0},{"damage_healed":0,"gold_gain":0,"player_choice":"Copied","damage_taken":0,"max_hp_gain":0,"max_hp_loss":0,"event_name":"Duplicator","floor":19,"gold_loss":0,"cards_obtained":["Adrenaline"]},{"damage_healed":0,"gold_gain":0,"player_choice":"Became a vampire","damage_taken":0,"max_hp_gain":0,"max_hp_loss":20,"event_name":"Vampires","floor":22,"gold_loss":0,"cards_obtained":["Bite","Bite","Bite","Bite","Bite"]}],"is_beta":false,"boss_relics":[{"not_picked":["Black Star","Ectoplasm"],"picked":"Calling Bell"}],"items_purged_floors":[4],"is_endless":false,"potions_floor_spawned":[1,8,12,16,21],"killed_by":"Book of Stabbing","ascension_level":20}}