{"host":"xltl1aroowo69o4n","time":1613199667,"event":{"mods":["BaseMod","Colored Map","Colored Powertips","Downfall","Marisa????????","Minty Spire (QoL Compilation)","Replay The Spire","StSLib","The Cursed","The Hierophant","The Mystic","The Necromancer","The Servant 0.9.4"],"gold_per_floor":[118,193,37,2,20,46,46,63,115,129,147,42,42,42,42,139,139,151,151,151,111,121,121,150,168,168,188,200,200,54,67,67,67,67],"floor_reached":33,"language":"ENG","playtime":2149,"items_purged":[],"score":267,"play_id":"14895003-af67-42f3-8cc5-ed15079dbeee","local_time":"20210213020107","is_ascension_mode":false,"campfire_choices":[{"floor":7,"key":"REST"},{"floor":15,"key":"REST"},{"data":"mysticmod:Disintegrate","floor":23,"key":"SMITH"},{"data":"mysticmod:Stoneskin","floor":29,"key":"SMITH"}],"circlet_count":0,"master_deck":["mysticmod:Strike_Mystic","mysticmod:Strike_Mystic","mysticmod:Strike_Mystic","mysticmod:Strike_Mystic+1","mysticmod:Defend_Mystic","mysticmod:Defend_Mystic","mysticmod:Defend_Mystic","mysticmod:Defend_Mystic+1","mysticmod:ArcaneDodge","mysticmod:ShockingGrasp+1","mysticmod:Spellstrike+1","mysticmod:FiveFootStep","mysticmod:CureLightWounds","mysticmod:SuddenClarity","mysticmod:PureInstinct","mysticmod:Probe","mysticmod:Disengage","mysticmod:Flourish","mysticmod:Disintegrate+1","mysticmod:PowerSlash","mysticmod:Stoneskin+1","mysticmod:PureInstinct","mysticmod:Sideswipe","mysticmod:Shield","mysticmod:BulkUp+1","mysticmod:MirrorEntity","mysticmod:StyleChange"],"relics":["Bronze Scales","ReplayTheSpireMod:TigerMarble","Blood Vial","m_BookOfShivs","Black Star","Bag of Preparation","MutagenicStrength","Quantum Egg","Replay:Rubber Ducky","Mirror"],"acts_visited":["Exordium","TheCity"],"potions_floor_usage":[16,24,33,33],"damage_taken":[{"damage":10,"enemies":"Jaw Worm","floor":1,"turns":4},{"damage":0,"enemies":"Small Slimes","floor":5,"turns":3},{"damage":66,"enemies":"Lagavulin","floor":6,"turns":10},{"damage":6,"enemies":"2 Louse","floor":8,"turns":1},{"damage":2,"enemies":"Looter","floor":10,"turns":3},{"damage":3,"enemies":"Large Slime","floor":11,"turns":5},{"damage":50,"enemies":"Fading Forest","floor":16,"turns":11},{"damage":3,"enemies":"Chosen","floor":18,"turns":4},{"damage":3,"enemies":"Shell Parasite","floor":22,"turns":2},{"damage":5,"enemies":"Slavers","floor":24,"turns":3},{"damage":0,"enemies":"3 Cultists","floor":25,"turns":4},{"damage":3,"enemies":"Centurion and Healer","floor":27,"turns":4},{"damage":0,"enemies":"Shelled Parasite and Fungi","floor":28,"turns":4},{"damage":18,"enemies":"Snake Plant","floor":31,"turns":3},{"damage":89,"enemies":"Pondfish","floor":33,"turns":15}],"seed_played":"1361017174555742015","potions_obtained":[{"floor":0,"key":"SmokeBomb"},{"floor":0,"key":"EntropicBrew"},{"floor":0,"key":"Doom Potion"},{"floor":16,"key":"PowerPotion"},{"floor":25,"key":"PowerPotion"},{"floor":32,"key":"Reflective Coating"}],"is_trial":false,"path_per_floor":["M","?","$","?","M","E","R","M","T","M","M","$","?","?","R","B",null,"M","?","?","?","M","R","E","M","T","M","M","R","$","M","R_BF","B"],"character_chosen":"MYSTIC_CLASS","items_purchased":["Bronze Scales","mysticmod:Disengage","mysticmod:Flourish","mysticmod:MirrorEntity"],"campfire_rested":2,"item_purchase_floors":[3,12,12,30],"current_hp_per_floor":[67,56,56,75,75,9,32,28,28,31,33,33,18,18,41,17,77,74,74,74,74,73,73,73,77,77,74,77,77,77,59,59,0,0],"gold":67,"neow_bonus":"THREE_SMALL_POTIONS","is_daily":false,"chose_seed":false,"campfire_upgraded":2,"win_rate":0.0,"timestamp":1613199667,"path_taken":["M","?","$","?","M","E","R","M","T","M","M","?","?","?","R","BOSS","M","?","?","?","M","R","E","M","T","M","M","R","$","M","R_BF","BOSS"],"items_purchased_type":["Relic","Card","Card","Card"],"build_version":"2020-12-13","purchased_purges":0,"victory":false,"max_hp_per_floor":[77,77,77,77,77,77,77,77,77,77,77,77,77,77,77,77,77,77,77,77,77,77,77,77,77,77,77,77,77,77,77,77,77,77],"card_choices":[{"not_picked":["mysticmod:MightyMagic","mysticmod:CorrosiveTouch"],"picked":"mysticmod:Spellstrike","floor":1},{"not_picked":["mysticmod:ChargedParry","mysticmod:ComponentsPouch"],"picked":"mysticmod:FiveFootStep","floor":5},{"not_picked":["mysticmod:CorrosiveTouch","mysticmod:EbbAndFlow"],"picked":"mysticmod:CureLightWounds","floor":6},{"not_picked":["mysticmod:Daze","mysticmod:PreparedCaster"],"picked":"mysticmod:SuddenClarity","floor":8},{"not_picked":["mysticmod:PowerAttack","mysticmod:Alacrity"],"picked":"mysticmod:PureInstinct","floor":10},{"not_picked":["mysticmod:ClosingBarrage","mysticmod:Disengage"],"picked":"mysticmod:Probe","floor":11},{"not_picked":["mysticmod:Doublecast","mysticmod:ClosingBarrage"],"picked":"mysticmod:Disintegrate","floor":16},{"not_picked":["mysticmod:CorrosiveTouch+1","mysticmod:PreparedCaster"],"picked":"mysticmod:PowerSlash","floor":18},{"not_picked":["mysticmod:EarthenWall","mysticmod:ArcaneAccuracy"],"picked":"mysticmod:Stoneskin","floor":22},{"not_picked":["mysticmod:EbbAndFlow","mysticmod:Doublecast"],"picked":"mysticmod:PureInstinct","floor":24},{"not_picked":["mysticmod:Daze","mysticmod:MightyMagic"],"picked":"mysticmod:Sideswipe","floor":25},{"not_picked":["mysticmod:HeavyStrike","mysticmod:LightningBolt+1"],"picked":"mysticmod:Shield","floor":27},{"not_picked":["mysticmod:Shield","mysticmod:SuddenClarity+1"],"picked":"mysticmod:BulkUp+1","floor":28},{"not_picked":["mysticmod:Feint","mysticmod:EbbAndFlow"],"picked":"mysticmod:StyleChange","floor":31}],"player_experience":189776,"relics_obtained":[{"floor":6,"key":"ReplayTheSpireMod:TigerMarble"},{"floor":9,"key":"Blood Vial"},{"floor":24,"key":"Quantum Egg"},{"floor":24,"key":"Replay:Rubber Ducky"},{"floor":26,"key":"Mirror"}],"event_choices":[{"damage_healed":0,"gold_gain":75,"player_choice":"Gather Gold","damage_taken":11,"max_hp_gain":0,"max_hp_loss":0,"event_name":"World of Goop","floor":2,"gold_loss":0},{"damage_healed":19,"gold_gain":0,"player_choice":"Healed","damage_taken":0,"max_hp_gain":0,"max_hp_loss":0,"event_name":"The Cleric","floor":4,"gold_loss":35},{"damage_healed":0,"gold_gain":0,"player_choice":"Entered Light","damage_taken":15,"max_hp_gain":0,"max_hp_loss":0,"event_name":"Shining Light","floor":13,"gold_loss":0,"cards_upgraded":["mysticmod:Defend_Mystic","mysticmod:ShockingGrasp"]},{"damage_healed":0,"gold_gain":0,"player_choice":"Inject Mutagens","damage_taken":0,"relics_obtained":["MutagenicStrength"],"max_hp_gain":0,"max_hp_loss":0,"event_name":"Drug Dealer","floor":20,"gold_loss":0},{"damage_healed":0,"gold_gain":0,"player_choice":"Upgraded Two","damage_taken":0,"max_hp_gain":0,"max_hp_loss":0,"event_name":"Designer","floor":21,"gold_loss":40,"cards_upgraded":["mysticmod:Strike_Mystic","mysticmod:Spellstrike"]}],"is_beta":false,"boss_relics":[{"not_picked":["Philosopher\u0027s Stone","Sozu"],"picked":"Black Star"}],"items_purged_floors":[],"is_endless":false,"potions_floor_spawned":[10,16,25,28,31],"killed_by":"Pondfish","ascension_level":0}}