{"host":"0kwl2uefibxd2nsv","time":1613222618,"event":{"mods":["Act Like it!","Aspiration","BaseMod","Better Note","BetterRewards","DeckTracker","Downfall","Googly Eyes","Hubris","Minty Spire (QoL Compilation)","Reliquary","Shop Mod","StS++","StSLib"],"gold_per_floor":[99,111,130,230,2,12,37,65,105,105,105,146,146,146,169,269,269,269,287,3,31,51,86,135,163,181,191,219,219,246,261,274,373,373,373,392,415,70,98,296,296,296,296,310,310,345,357,369,399,411],"floor_reached":51,"language":"ENG","playtime":3909,"items_purged":["hexamod:Strike","hexamod:ThirdSeal"],"score":792,"play_id":"25b6264f-36eb-468a-be58-0ef6332bce07","local_time":"20210213142338","is_ascension_mode":true,"campfire_choices":[{"data":"hexamod:Sear","floor":1,"key":"SMITH"},{"data":"hexamod:ThermalTransfer","floor":10,"key":"SMITH"},{"data":"hexamod:Float","floor":13,"key":"SMITH"},{"data":"hexamod:ForkedFlame","floor":18,"key":"SMITH"},{"floor":29,"key":"REST"},{"data":"hexamod:ForkedFlame","floor":35,"key":"SMITH"},{"data":"hexamod:TimeOfNeed","floor":47,"key":"SMITH"}],"circlet_count":0,"master_deck":["hexamod:Strike","hexamod:Strike","hexamod:Defend","hexamod:Defend","hexamod:Defend","hexamod:Defend","hexamod:Sear+1","hexamod:Float+1","hexamod:PowerFromBeyond","hexamod:ThermalTransfer+1","hexamod:HauntingEcho","hexamod:Firestarter","hexamod:VolcanoVisage","hexamod:SecondSeal","hexamod:AdvancingGuard","hexamod:Hexaguard","hexamod:WildfireWeapon","hexamod:GhostOfSpirePresent","hexamod:ForkedFlame+1","hexamod:HauntingEcho","hexamod:FirstSeal","hexamod:FastForward","hexamod:Rewind+1","hexamod:ForkedFlame+1","hexamod:PhantomFireball","hexamod:NightmareStrike","hexamod:InspiringFlames","hexamod:Firestarter+1","hexamod:InspiringFlames+1","hexamod:ThermalTransfer","hexamod:TimeWarp","hexamod:GhostShield+1","hexamod:HeatCrush","hexamod:Firestarter","Sadistic Nature+1","hexamod:SwordOfDarkness","hexamod:NightmareStrike","hexamod:Firestarter","hexamod:TimeOfNeed+1","hexamod:Hexaguard+1"],"relics":["hexamod:SpiritBrand","aspiration:ChemicalBlood","MealTicket","Toy Ornithopter","aspiration:PoetsPen_weak","Frozen Eye","Akabeko","hexamod:MatchstickCase","Frozen Egg 2","hubris:ScarierMask","hubris:EmptyBottle","Pantograph","hubris:Towel","MawBank","Happy Flower"],"acts_visited":["Exordium","TheCity","TheBeyond"],"potions_floor_usage":[8,9,9,20,22,22,26,32,33,33,36,50,50,50,50,50,50,50],"damage_taken":[{"damage":6,"enemies":"2 Louse","floor":2,"turns":3},{"damage":0,"enemies":"Cultist","floor":3,"turns":4},{"damage":0,"enemies":"downfall:FleeingMerchant","floor":5,"turns":4},{"damage":1,"enemies":"Jaw Worm","floor":6,"turns":3},{"damage":1,"enemies":"Lots of Slimes","floor":8,"turns":5},{"damage":7,"enemies":"Gremlin Nob","floor":9,"turns":4},{"damage":15,"enemies":"3 Sentries","floor":12,"turns":8},{"damage":0,"enemies":"Large Slime","floor":15,"turns":6},{"damage":38,"enemies":"IC_STATUS_ARCHETYPE","floor":16,"turns":10},{"damage":13,"enemies":"downfall:LooterAlt2","floor":19,"turns":4},{"damage":0,"enemies":"downfall:FleeingMerchant","floor":20,"turns":4},{"damage":12,"enemies":"Chosen","floor":21,"turns":5},{"damage":4,"enemies":"Shelled Parasite and Fungi","floor":22,"turns":3},{"damage":10,"enemies":"Gremlin Leader","floor":23,"turns":7},{"damage":18,"enemies":"Snake Plant","floor":25,"turns":4},{"damage":1,"enemies":"Centurion and Healer","floor":26,"turns":5},{"damage":0,"enemies":"Chosen and Byrds","floor":27,"turns":4},{"damage":27,"enemies":"Book of Stabbing","floor":28,"turns":4},{"damage":4,"enemies":"Shelled Parasite and Fungi","floor":30,"turns":5},{"damage":7,"enemies":"Centurion and Healer","floor":31,"turns":5},{"damage":8,"enemies":"Snake Plant","floor":32,"turns":3},{"damage":87,"enemies":"DF_ARCHETYPE_CLAW","floor":33,"turns":9},{"damage":5,"enemies":"Orb Walker","floor":36,"turns":3},{"damage":0,"enemies":"3 Darklings","floor":37,"turns":4},{"damage":2,"enemies":"downfall:FleeingMerchant","floor":38,"turns":4},{"damage":8,"enemies":"4 Shapes","floor":39,"turns":5},{"damage":0,"enemies":"downfall:FleeingMerchant","floor":40,"turns":1},{"damage":0,"enemies":"Jaw Worm Horde","floor":44,"turns":3},{"damage":31,"enemies":"Nemesis","floor":46,"turns":5},{"damage":2,"enemies":"Spire Growth","floor":49,"turns":4},{"damage":43,"enemies":"WA_ARCHETYPE_DIVINITY","floor":50,"turns":6}],"seed_played":"509357603590300923","potions_obtained":[{"floor":3,"key":"BlessingOfTheForge"},{"floor":6,"key":"Weak Potion"},{"floor":8,"key":"PowerPotion"},{"floor":16,"key":"AttackPotion"},{"floor":19,"key":"hexamod:InfernoChargePotion"},{"floor":21,"key":"champ:CounterPotion"},{"floor":28,"key":"AttackPotion"},{"floor":33,"key":"Weak Potion"},{"floor":33,"key":"Guardian:BlockOnCardUsePotion"},{"floor":36,"key":"Regen Potion"}],"is_trial":false,"path_per_floor":["R","M","M","?","$","M","T","M","E","R","?","E","R","?","M","B",null,"R","M","$","M","M","E","T","M","M","M","E","R","M","M","M","B",null,"R","M","M","$","M","$","T","?","?","M","?","E","R","?","M","B",null],"character_chosen":"THE_SPIRIT","items_purchased":["hexamod:VolcanoVisage","hexamod:FirstSeal","Frozen Eye","hexamod:SoulburnPotion","Sadistic Nature+1","hexamod:SwordOfDarkness","hubris:EmptyBottle"],"campfire_rested":1,"item_purchase_floors":[5,20,20,20,38,38,40],"current_hp_per_floor":[70,64,64,64,64,63,63,62,55,55,58,43,43,43,43,5,73,73,60,73,68,73,70,70,52,63,63,36,57,53,53,50,10,73,73,73,73,71,70,73,73,73,73,73,73,42,42,42,40,55],"gold":423,"neow_bonus":"THREE_CARDS","is_daily":false,"chose_seed":false,"campfire_upgraded":6,"win_rate":0.0,"timestamp":1613222618,"path_taken":["R","M","M","?","?","M","T","?","E","R","?","E","R","?","M","BOSS","R","?","$","?","M","E","T","M","M","M","E","R","M","?","M","BOSS","R","M","M","$","M","$","T","?","?","M","?","E","R","?","M","BOSS"],"items_purchased_type":["Card","Card","Relic","Potion","Card","Card","Relic"],"build_version":"2020-12-22","purchased_purges":2,"victory":true,"max_hp_per_floor":[70,70,70,70,70,70,70,70,70,70,73,73,73,73,73,73,73,73,73,73,73,73,73,73,73,73,73,73,73,73,73,73,73,73,73,73,73,73,73,73,73,73,73,73,73,73,73,73,73,73],"card_choices":[{"not_picked":["hexamod:NightmareGuise","hexamod:Again"],"picked":"hexamod:PowerFromBeyond","floor":0},{"not_picked":["hexamod:HeatCrush","hexamod:RecurringNightmare"],"picked":"hexamod:ThermalTransfer","floor":2},{"not_picked":["hexamod:PowerFromBeyond","hexamod:AdvancingGuard"],"picked":"hexamod:HauntingEcho","floor":3},{"not_picked":["hexamod:GhostShield","hexamod:NightmareGuise"],"picked":"hexamod:Firestarter","floor":5},{"not_picked":["hexamod:GhostShield","hexamod:AdvancingGuard"],"picked":"hexamod:SecondSeal","floor":6},{"not_picked":["hexamod:GhostShield","hexamod:BurningTouch"],"picked":"hexamod:AdvancingGuard","floor":8},{"not_picked":["hexamod:SoulSteal","hexamod:HeatShield"],"picked":"hexamod:Hexaguard","floor":9},{"not_picked":["hexamod:ExtraCrispy","hexamod:AdvancingGuard"],"picked":"hexamod:WildfireWeapon","floor":12},{"not_picked":["hexamod:SkipABeat","hexamod:RainOfEmbers","hexamod:AdvancingGuard"],"picked":"SKIP","floor":15},{"not_picked":["hexamod:TimeWarp","hexamod:VolcanoVisage"],"picked":"hexamod:ForkedFlame","floor":16},{"not_picked":["hexamod:GhostShield+1","hexamod:FlamesFromBeyond"],"picked":"hexamod:HauntingEcho","floor":19},{"not_picked":["hexamod:RetreatToShadows","hexamod:NightmareStrike"],"picked":"hexamod:ThirdSeal","floor":20},{"not_picked":["hexamod:HeatMetal","hexamod:NightmareGuise"],"picked":"hexamod:FastForward","floor":21},{"not_picked":["hexamod:RadiantFlame","hexamod:Incineration","hexamod:Again+1"],"picked":"SKIP","floor":21},{"not_picked":["hexamod:HeatShield","hexamod:VolcanoVisage"],"picked":"hexamod:Rewind+1","floor":22},{"not_picked":["hexamod:SkipABeat","hexamod:GhostflameBarrier"],"picked":"hexamod:ForkedFlame","floor":23},{"not_picked":["hexamod:HeatMetal+1","hexamod:SwordOfDarkness+1"],"picked":"hexamod:PhantomFireball","floor":25},{"not_picked":["hexamod:BurningTouch","hexamod:HeatMetal"],"picked":"hexamod:NightmareStrike","floor":26},{"not_picked":["hexamod:RecurringNightmare","hexamod:ShieldOfDarkness","hexamod:CatchUp"],"picked":"SKIP","floor":26},{"not_picked":["hexamod:GhostShield","hexamod:EtherealExpedition"],"picked":"hexamod:InspiringFlames","floor":27},{"not_picked":["hexamod:FastForward","hexamod:GhostLash"],"picked":"hexamod:Firestarter+1","floor":27},{"not_picked":["hexamod:DynamicBlow","hexamod:GhostOfSpireFuture+1"],"picked":"hexamod:InspiringFlames+1","floor":28},{"not_picked":["hexamod:HauntingEcho","hexamod:SoulSteal+1","hexamod:SpectersWail"],"picked":"SKIP","floor":30},{"not_picked":["hexamod:SpectersWail","hexamod:BurningTouch","hexamod:AdvancingGuard"],"picked":"SKIP","floor":31},{"not_picked":["hexamod:ChargedBarrage","hexamod:PhantomFireball+1","hexamod:HeatShield"],"picked":"SKIP","floor":31},{"not_picked":["hexamod:Firestarter","hexamod:HeatCrush+1"],"picked":"hexamod:ThermalTransfer","floor":32},{"not_picked":["hexamod:GhostOfSpirePresent+1","hexamod:WildfireWeapon+1"],"picked":"hexamod:TimeWarp","floor":33},{"not_picked":["hexamod:AdvancingGuard","hexamod:BacktrackSmack"],"picked":"hexamod:GhostShield+1","floor":36},{"not_picked":["hexamod:EtherealExpedition+1","hexamod:FirstSeal"],"picked":"hexamod:HeatCrush","floor":37},{"not_picked":["hexamod:GhostShield","hexamod:GhostOfSpireFuture+1"],"picked":"hexamod:Firestarter","floor":38},{"not_picked":["hexamod:FastForward","hexamod:NightmareGuise","hexamod:InspiringFlames"],"picked":"SKIP","floor":38},{"not_picked":["hexamod:Hexaguard","hexamod:InspiringFlames+1"],"picked":"hexamod:NightmareStrike","floor":39},{"not_picked":["hexamod:HeatMetal+1","hexamod:RetreatToShadows+1"],"picked":"hexamod:Firestarter","floor":40},{"not_picked":["hexamod:NecessarySacrifice+1","hexamod:SkipABeat"],"picked":"hexamod:TimeOfNeed","floor":44},{"not_picked":["hexamod:BurningTouch+1","hexamod:TimeWarp"],"picked":"hexamod:Hexaguard+1","floor":46},{"not_picked":["hexamod:BacktrackSmack","hexamod:HeatMetal+1","hexamod:SkipABeat+1"],"picked":"SKIP","floor":49}],"player_experience":2062186,"relics_obtained":[{"floor":7,"key":"aspiration:ChemicalBlood"},{"floor":9,"key":"MealTicket"},{"floor":12,"key":"Toy Ornithopter"},{"floor":23,"key":"Akabeko"},{"floor":24,"key":"hexamod:MatchstickCase"},{"floor":28,"key":"Frozen Egg 2"},{"floor":41,"key":"Pantograph"},{"floor":46,"key":"MawBank"},{"floor":48,"key":"Happy Flower"}],"event_choices":[],"is_beta":false,"boss_relics":[{"not_picked":["hubris:VirtuousBlindfold","Runic Pyramid"],"picked":"aspiration:PoetsPen_weak"},{"not_picked":["reliquary:KinkedSpring","reliquary:Craggleroot"],"picked":"hubris:ScarierMask"}],"items_purged_floors":[5,38],"is_endless":false,"potions_floor_spawned":[3,6,8,16,19,21,22,25,28,30,36,39,44],"ascension_level":1}}