{"host":"8e3sp1tozjyrh64l","time":1613258600,"event":{"mods":["BaseMod","Better Altar","Better Match","Better Note","Better Sensory Stone","Better Silent Start","Better Skull","Better Third Choice","BetterRewards","Curses Come First","Defuse TimeMaze Blight","Infinite Spire","Minty Spire (QoL Compilation)","Permanent Neow","Rare Cards Sparkle","Relic Sorter","Reliquary","Replay The Spire","Shop Mod","Spicy Shops","StSLib","SuperFastMode","Wandering Minibosses"],"gold_per_floor":[115,115,133,133,133,133,133,150,173,173,206,206,206,216,216,320,320,334,334,354,367,385,411,411,436,461,473,504,551,563,585,597,754,816,893,905,992,1004,2015,2178,1279,1393,1393,1393,956,1010,1010,1093,1093,1093,1093],"floor_reached":50,"language":"ENG","playtime":1390,"items_purged":["Defend_G","Normality","Normality"],"score":826,"play_id":"8f1685ae-9224-4735-b198-d0f5534eea2d","local_time":"20210213162320","is_ascension_mode":false,"campfire_choices":[{"data":"Riddle With Holes","floor":7,"key":"SMITH"},{"data":"Draining Mist","floor":10,"key":"SMITH"},{"data":"Corpse Explosion","floor":13,"key":"SMITH"},{"data":"All Out Attack","floor":15,"key":"SMITH"},{"data":"Phantasmal Killer","floor":24,"key":"SMITH"},{"data":"ReplayTheSpireMod:Scrap Shanks","floor":32,"key":"SMITH"},{"data":"Noxious Fumes","floor":44,"key":"SMITH"},{"floor":49,"key":"REST"}],"circlet_count":0,"master_deck":["Strike_G","Strike_G","Strike_G","Defend_G+1","Defend_G","Survivor+1","Blind+1","Riddle With Holes+1","Flying Knee","Draining Mist+1","Corpse Explosion+1","All Out Attack+1","Phantasmal Killer+1","Cloak And Dagger+1","ReplayTheSpireMod:Scrap Shanks+1","Dagger Throw+1","Infinite Blades","Accuracy+1","infinitespire:Neurotoxin+1","Backstab+1","Noxious Fumes+1","Accuracy+1","Panache+1","Parasite"],"relics":["Ring of the Snake","reliquary:Knoch","Bag of Preparation","Blood Vial","WristBlade","Black Star","Replay:Wax Seal","infinitespire:Golems Mask","Bronze Scales","Snack Pack","Chameleon Ring","MawBank","infinitespire:Beetle Shell","reliquary:PorcupineQuills","infinitespire:EvilPickle","Tiny House","Replay:Mystery Machine","BargainBundle","reliquary:Bookmark","Frozen Egg 2","Akabeko","infinitespire:Lucky Rock","MerchantsRug","War Paint","Ginger","Sling","reliquary:WeakTea","reliquary:QuartzCube"],"acts_visited":["Exordium","TheCity","TheBeyond"],"potions_floor_usage":[11,18,23,29,29,33,42,50,50],"damage_taken":[{"damage":0,"enemies":"Jaw Worm","floor":1,"turns":4},{"damage":0,"enemies":"Cultist","floor":3,"turns":3},{"damage":0,"enemies":"Small Slimes","floor":8,"turns":3},{"damage":14,"enemies":"3 Sentries","floor":11,"turns":14},{"damage":6,"enemies":"Exordium Thugs","floor":14,"turns":4},{"damage":43,"enemies":"Fading Forest","floor":16,"turns":11},{"damage":6,"enemies":"2 Thieves","floor":18,"turns":2},{"damage":0,"enemies":"3 Byrds","floor":20,"turns":2},{"damage":16,"enemies":"Snake Plant","floor":21,"turns":4},{"damage":6,"enemies":"Snecko","floor":22,"turns":4},{"damage":12,"enemies":"Slavers","floor":23,"turns":3},{"damage":3,"enemies":"Gremlin Leader","floor":25,"turns":4},{"damage":20,"enemies":"Shelled Parasite and Fungi","floor":28,"turns":3},{"damage":4,"enemies":"Nightmare","floor":29,"turns":5},{"damage":0,"enemies":"3 Cultists","floor":31,"turns":2},{"damage":28,"enemies":"Pondfish","floor":33,"turns":8},{"damage":8,"enemies":"3 Shapes","floor":35,"turns":2},{"damage":0,"enemies":"3 Darklings","floor":40,"turns":2},{"damage":52,"enemies":"Giant Head","floor":42,"turns":6},{"damage":11,"enemies":"Writhing Mass","floor":48,"turns":4},{"damage":44,"enemies":"Donu and Deca","floor":50,"turns":3}],"seed_played":"3915819015178957528","potions_obtained":[{"floor":1,"key":"Fire Potion"},{"floor":8,"key":"Adrenaline Potion"},{"floor":20,"key":"ColorlessPotion"},{"floor":25,"key":"Dexterity Potion"},{"floor":28,"key":"Poison Potion"},{"floor":31,"key":"SpeedPotion"},{"floor":34,"key":"Poison Potion"},{"floor":35,"key":"PowerPotion"},{"floor":42,"key":"Venom Potion"}],"is_trial":false,"path_per_floor":["M","?","M","?","$","?","R","M","T","R","E","?","R","M","R","B",null,"M","AVR","M","M","M","E","R","E","T","?","M","NM","?","M","R","B",null,"M","?","?","?","?","M","$","E","T","R","$","T","AVR","M","R","B"],"character_chosen":"THE_SILENT","items_purchased":["BargainBundle","reliquary:Bookmark","Frozen Egg 2","Akabeko","infinitespire:Lucky Rock","MerchantsRug","AttackPotion","Ancient Potion","Poison Potion","Languid Potion","Accuracy+1","Sling","Panache+1"],"campfire_rested":1,"item_purchase_floors":[41,41,41,41,41,41,41,41,41,41,41,45,45],"current_hp_per_floor":[70,70,70,70,70,70,70,70,70,70,56,44,44,40,40,19,70,64,64,66,52,48,38,38,37,37,37,23,25,25,27,27,11,75,67,67,67,67,67,71,71,27,27,27,27,27,27,20,42,0,0],"gold":1093,"neow_bonus":"RANDOM_COLORLESS","is_daily":false,"chose_seed":false,"campfire_upgraded":7,"win_rate":0.0,"timestamp":1613258600,"path_taken":["M","?","?","?","?","?","R","?","T","R","E","?","R","M","R","BOSS","M","AVR","M","M","M","E","R","E","T","?","M","NM","?","?","R","BOSS","M","?","?","?","?","M","$","E","T","R","?","?","AVR","M","R","BOSS"],"items_purchased_type":["Relic","Relic","Relic","Relic","Relic","Relic","Potion","Potion","Potion","Potion","Card","Relic","Card"],"build_version":"2020-12-22","purchased_purges":3,"victory":false,"max_hp_per_floor":[70,70,70,70,70,70,70,70,70,70,70,70,70,70,70,70,70,70,70,70,70,70,70,70,70,70,70,70,70,70,70,70,70,75,75,75,75,75,75,75,75,75,75,75,75,75,75,75,75,75,75],"card_choices":[{"not_picked":["Replay:Bootleg Shield Generator","Mind Blast"],"picked":"Blind","floor":0},{"not_picked":["Outmaneuver","Prepared"],"picked":"Riddle With Holes","floor":1},{"not_picked":["Poisoned Stab","Deadly Poison"],"picked":"Flying Knee","floor":3},{"not_picked":["PiercingWail","ReplayTheSpireMod:Speed Training"],"picked":"Draining Mist","floor":8},{"not_picked":["PiercingWail","Cloak And Dagger"],"picked":"Corpse Explosion","floor":11},{"not_picked":["All Out Attack","Dodge and Roll","Sneak Up"],"picked":"SKIP","floor":14},{"not_picked":["Dodge and Roll","Sneak Up"],"picked":"All Out Attack","floor":14},{"not_picked":["Replay:Bag of Tricks","Poison Darts"],"picked":"Phantasmal Killer","floor":16},{"not_picked":["Fluid Movement","Dagger Spray+1"],"picked":"Cloak And Dagger+1","floor":18},{"not_picked":["Dagger Throw","Deadly Poison","Backflip"],"picked":"SKIP","floor":20},{"not_picked":["Dagger Spray","Expertise"],"picked":"ReplayTheSpireMod:Scrap Shanks","floor":21},{"not_picked":["Heel Hook","Fluid Movement"],"picked":"Dagger Throw+1","floor":22},{"not_picked":["Skewer","Wraith Form v2","Dagger Throw"],"picked":"SKIP","floor":23},{"not_picked":["Outmaneuver","Dodge and Roll"],"picked":"Infinite Blades","floor":25},{"not_picked":["Dagger Spray","Choke","Eviscerate"],"picked":"SKIP","floor":28},{"not_picked":["Doppelganger","Slice","Bane"],"picked":"SKIP","floor":29},{"not_picked":["Slice","Choke","Distraction+1"],"picked":"SKIP","floor":31},{"not_picked":["Venomology","Wraith Form v2"],"picked":"infinitespire:Neurotoxin","floor":33},{"not_picked":["Acrobatics+1","Deflect+1"],"picked":"Backstab+1","floor":35},{"not_picked":["Dagger Spray+1","Underhanded Strike+1"],"picked":"Noxious Fumes","floor":37},{"not_picked":["Phantasmal Killer","Dagger Throw+1","Distraction"],"picked":"SKIP","floor":40},{"not_picked":["Toxin Wave","Skewer+1","PiercingWail+1"],"picked":"SKIP","floor":42},{"not_picked":["Predator","Setup","Deadly Poison+1"],"picked":"SKIP","floor":48}],"player_experience":929819,"relics_obtained":[{"floor":9,"key":"reliquary:Knoch"},{"floor":11,"key":"Bag of Preparation"},{"floor":23,"key":"infinitespire:Golems Mask"},{"floor":23,"key":"Bronze Scales"},{"floor":25,"key":"Snack Pack"},{"floor":25,"key":"Chameleon Ring"},{"floor":26,"key":"MawBank"},{"floor":29,"key":"infinitespire:Beetle Shell"},{"floor":29,"key":"reliquary:PorcupineQuills"},{"floor":37,"key":"Replay:Mystery Machine"},{"floor":42,"key":"War Paint"},{"floor":42,"key":"Ginger"},{"floor":46,"key":"reliquary:WeakTea"}],"event_choices":[{"cards_removed":["Neutralize"],"damage_healed":0,"gold_gain":0,"player_choice":"Purged","damage_taken":0,"max_hp_gain":0,"max_hp_loss":0,"event_name":"Purifier","floor":2,"gold_loss":0},{"damage_healed":0,"gold_gain":0,"player_choice":"Upgraded","damage_taken":0,"max_hp_gain":0,"max_hp_loss":0,"event_name":"Upgrade Shrine","floor":4,"gold_loss":0,"cards_upgraded":["Blind"]},{"cards_removed":["Strike_G"],"damage_healed":0,"gold_gain":0,"player_choice":"Offered Basic","damage_taken":0,"max_hp_gain":0,"max_hp_loss":0,"event_name":"Bonfire Elementals","floor":6,"gold_loss":0},{"damage_healed":0,"gold_gain":0,"player_choice":"Relic ","damage_taken":12,"max_hp_gain":0,"max_hp_loss":0,"event_name":"betterThird:BetterScrap","floor":12,"gold_loss":0,"cards_obtained":["Rupture"]},{"cards_removed":["Phantasmal Killer"],"damage_healed":0,"gold_gain":0,"player_choice":"Take \u0026 Give","damage_taken":0,"max_hp_gain":0,"max_hp_loss":0,"event_name":"betterNote:BetterNote","floor":27,"gold_loss":0,"cards_obtained":["Accuracy"]},{"damage_healed":0,"gold_gain":0,"player_choice":"Ignored","damage_taken":0,"max_hp_gain":0,"max_hp_loss":0,"event_name":"N\u0027loth","floor":30,"gold_loss":0},{"cards_removed":["Defend_G"],"damage_healed":0,"gold_gain":0,"player_choice":"Removed Skill","damage_taken":0,"max_hp_gain":0,"max_hp_loss":0,"event_name":"Falling","floor":38,"gold_loss":0},{"damage_healed":0,"gold_gain":999,"player_choice":"Gold","damage_taken":0,"max_hp_gain":0,"max_hp_loss":0,"event_name":"MindBloom","floor":39,"gold_loss":0,"cards_obtained":["Normality","Normality"]}],"is_beta":false,"boss_relics":[{"not_picked":["Ectoplasm","reliquary:RedCape"],"picked":"WristBlade"},{"not_picked":["Honey Jar","Pandora\u0027s Box"],"picked":"Tiny House"}],"items_purged_floors":[19,41,45],"is_endless":true,"potions_floor_spawned":[1,8,20,25,28,31,35,42],"killed_by":"Donu and Deca","ascension_level":0}}