{"host":"e1y4kviho5jwd7e6","time":1613238703,"event":{"mods":["Act Like it!","Aspiration","BaseMod","Better Altar","Better Match","Better Note","Better Skull","Better Synergies","Better Third Choice","BetterRewards","CCEM2","Colored Powertips","Communication Mod","Conjunction","Conspire","Downfall","Energized Spire","Exacting","GifTheSpireLib","Hubris","Hyrulean Relics","Minty Spire (QoL Compilation)","Quarter Circle Forward PUNCH!","Replay The Spire","Small Relic Pack","Spicy Shops","StSLib","Stuff the Spire","The Blue Laboratory","Transform Curses","Uncapped"],"gold_per_floor":[117,117,117,145,145,145,145,9,9,28,28,43,70,40,40,40,40],"floor_reached":16,"language":"ENG","playtime":470,"items_purged":["Injury"],"score":123,"play_id":"30ae173a-66e3-4a25-a2f5-dc8695dbbe3f","local_time":"20210213125143","is_ascension_mode":false,"campfire_choices":[{"data":"Entrench","floor":6.0,"key":"SMITH"},{"data":"StuffTheSpire:Innocence","floor":11,"key":"SMITH"}],"circlet_count":0,"master_deck":["Strike_R","Strike_R","Strike_R","Strike_R","Defend_R+1","Defend_R","Defend_R","Defend_R","Bash","Impervious","Shrug It Off","Entrench+1","StuffTheSpire:Innocence+1"],"relics":["Burning Blood","hubris:Towel","Art of War","CCEMRelics:IronFruit"],"acts_visited":["Exordium"],"potions_floor_usage":[13,16,16],"damage_taken":[{"damage":3.0,"enemies":"Small Slimes","floor":1.0,"turns":3.0},{"damage":1.0,"enemies":"conspire:RoseBush","floor":4.0,"turns":3.0},{"damage":7,"enemies":"Jaw Worm","floor":10,"turns":6},{"damage":3,"enemies":"Red Slaver","floor":12,"turns":6},{"damage":0,"enemies":"Lagavulin","floor":13,"turns":7},{"damage":2,"enemies":"Looter","floor":14,"turns":4},{"damage":89,"enemies":"Hexaghost","floor":16,"turns":16}],"seed_played":"-6062593884189724526","potions_obtained":[{"floor":1.0,"key":"blueLaboratory:PhilterOfMotion"},{"floor":4.0,"key":"blueLaboratory:ExaltedPotion"},{"floor":12,"key":"DuplicationPotion"}],"is_trial":false,"path_per_floor":["M","?","?","M","?","R","?","$","T","M","R","M","E","M","R","B"],"character_chosen":"IRONCLAD","items_purchased":["Art of War"],"campfire_rested":0,"item_purchase_floors":[8],"current_hp_per_floor":[82,82,82,82,75,75,75,75,75,74,74,77,87,87,87,0,0],"gold":40,"neow_bonus":"RANDOM_EVENT","is_daily":false,"chose_seed":false,"campfire_upgraded":2,"win_rate":0.0,"timestamp":1613238703,"path_taken":["M","?","?","M","?","R","?","$","T","M","R","?","E","M","R","BOSS"],"items_purchased_type":["Relic"],"build_version":"2020-12-22","purchased_purges":1,"victory":false,"max_hp_per_floor":[82,82,82,82,82,82,82,82,82,82,82,82,87,87,87,87,87],"card_choices":[{"not_picked":["Massacre","True Grit"],"picked":"Shrug It Off","floor":1.0},{"not_picked":["Heavy Blade","Clothesline","Clash"],"picked":"SKIP","floor":4.0},{"not_picked":["Clash","Warcry","Rampage"],"picked":"SKIP","floor":10},{"not_picked":["ReplayTheSpireMod:Stacked","Cleave","Feed"],"picked":"SKIP","floor":12},{"not_picked":["Carnage","ReplayTheSpireMod:Limb From Limb","Clash"],"picked":"SKIP","floor":13},{"not_picked":["True Grit","Reckless Charge","Clash"],"picked":"SKIP","floor":14}],"player_experience":972864,"relics_obtained":[{"floor":13,"key":"CCEMRelics:IronFruit"}],"event_choices":[{"damage_healed":0.0,"max_hp_gain":0.0,"max_hp_loss":0.0,"gold_gain":0.0,"cards_transformed":["Strike_R"],"event_name":"Living Wall","player_choice":"Change","floor":0.0,"gold_loss":0.0,"damage_taken":0.0,"cards_obtained":["Impervious"]},{"damage_healed":0.0,"max_hp_gain":0.0,"max_hp_loss":0.0,"gold_gain":0.0,"event_name":"The Cleric","player_choice":"Leave","floor":7.0,"gold_loss":0.0,"damage_taken":0.0}],"is_beta":false,"boss_relics":[],"items_purged_floors":[8],"is_endless":false,"potions_floor_spawned":[1,4,12],"killed_by":"Hexaghost","ascension_level":0}}