{"host":"pypglfp8rzlfgxqw","time":1613190457,"event":{"mods":["Act Like it!","BaseMod","Beaked The Cultist","BetterRewards","Conspire","Downfall","Duelist Mod","Friendly Minions","Glutton Mod","Hallownest","Hubris","Infinite Spire","Jorbs\u0027s Wanderer Trilogy","Mad Scientist","Marisa????????","Mimic Mod","Minty Spire (QoL Compilation)","READ ME - Guardian Mod","Reliquary","Replay The Spire","Shop Mod","StSLib","The Administrix","The Animator","The Blackbeard","The Bug Knight","The Construct","The Cursed","The Disciple","The Elementalist","The Gatherer","The Jungle","The Marked","The Mystic","The Runesmith","The Servant 0.9.4","WarShipGirlsR/????R mod"],"gold_per_floor":[112,112,212,54,70,87,87,107,107,140,140,160,160,199,199,307,307,322,343,343,343,360,394,394,410,410,410,410],"floor_reached":27,"language":"ENG","playtime":2394,"items_purged":[],"score":268,"play_id":"0a279dba-dfd0-4495-aad2-c440ebb54f8d","local_time":"20210212232737","is_ascension_mode":false,"campfire_choices":[{"data":"stsjorbsmod:FreshAdventure","floor":7,"key":"SMITH"},{"data":"stsjorbsmod:Patron","floor":11,"key":"SMITH"},{"data":"stsjorbsmod:Mindworm","floor":13,"key":"SMITH"},{"data":"stsjorbsmod:OldPocket","floor":24,"key":"SMITH"}],"circlet_count":0,"master_deck":["stsjorbsmod:ForbiddenGrimoire+1","stsjorbsmod:Strike_Wanderer","stsjorbsmod:Strike_Wanderer","stsjorbsmod:Strike_Wanderer","stsjorbsmod:Strike_Wanderer","stsjorbsmod:Defend_Wanderer","stsjorbsmod:Defend_Wanderer","stsjorbsmod:Defend_Wanderer","stsjorbsmod:Defend_Wanderer","stsjorbsmod:FreshAdventure+1","stsjorbsmod:EyeOfTheStorm","stsjorbsmod:Mindworm+1","stsjorbsmod:Patron+1","Mind Blast+1","stsjorbsmod:FracturedMind","stsjorbsmod:ColorSpray","stsjorbsmod:OldPocket+1","stsjorbsmod:Feast+1","stsjorbsmod:Thorns+1","stsjorbsmod:LoseGrip+1"],"relics":["stsjorbsmod:GrimoireRelic","stsjorbsmod:AlchemistsFireRelic","hubris:TenFootPole","Runesmith:AutoHammer","hubris:VirtuousBlindfold","Ancient Tea Set","infinitespire:Bottled Soul"],"acts_visited":["Exordium","TheCity"],"potions_floor_usage":[1,10,14,16,22,23,23],"damage_taken":[{"damage":0,"enemies":"conspire:RoseBush","floor":1,"turns":3},{"damage":4,"enemies":"Cultist","floor":5,"turns":4},{"damage":1,"enemies":"Jaw Worm","floor":6,"turns":3},{"damage":2,"enemies":"3 Louse","floor":8,"turns":2},{"damage":11,"enemies":"HollowMod:MossKnight","floor":10,"turns":4},{"damage":0,"enemies":"Exordium Wildlife","floor":12,"turns":2},{"damage":0,"enemies":"Replay:BlueRogue","floor":14,"turns":4},{"damage":29,"enemies":"The Guardian","floor":16,"turns":8},{"damage":12,"enemies":"Shell Parasite","floor":18,"turns":5},{"damage":0,"enemies":"conspire:FuzzyDice","floor":19,"turns":3},{"damage":11,"enemies":"Centurion and Healer","floor":22,"turns":3},{"damage":36,"enemies":"Nightmare","floor":23,"turns":6},{"damage":25,"enemies":"Shelled Parasite and Fungi","floor":25,"turns":5},{"damage":8,"enemies":"theDuelist:KaibaA2","floor":27,"turns":2}],"seed_played":"2274085855192688491","potions_obtained":[{"floor":0,"key":"CultistPotion"},{"floor":0,"key":"Fruit Juice"},{"floor":0,"key":"Flashbang"},{"floor":5,"key":"Block Potion"},{"floor":16,"key":"Toxic Potion"},{"floor":19,"key":"Swift Potion"},{"floor":21,"key":"Explosive Potion"},{"floor":21,"key":"Toxic Potion"}],"is_trial":false,"path_per_floor":["M","?","?","$","M","M","R","M","T","E","R","M","R","E","R","B",null,"M","M","?","?","M","NM","R","M","T","E"],"character_chosen":"WANDERER","items_purchased":["stsjorbsmod:Patron","Mind Blast"],"campfire_rested":0,"item_purchase_floors":[4,4],"current_hp_per_floor":[73,73,73,73,71,70,70,68,68,58,58,59,59,59,73,44,73,65,66,66,66,58,24,24,7,7,0,0],"gold":410,"neow_bonus":"THREE_SMALL_POTIONS","is_daily":false,"chose_seed":false,"campfire_upgraded":4,"win_rate":0.0,"timestamp":1613190457,"path_taken":["M","?","?","$","M","?","R","M","T","E","R","M","R","E","R","BOSS","M","M","?","?","M","NM","R","M","T","E"],"items_purchased_type":["Card","Card"],"build_version":"2020-12-22","purchased_purges":0,"victory":false,"max_hp_per_floor":[73,73,73,73,73,73,73,73,73,73,73,73,73,73,73,73,73,75,75,75,75,77,77,77,81,81,81,81],"card_choices":[{"not_picked":["stsjorbsmod:DisguiseSelf","stsjorbsmod:WanderingMind"],"picked":"stsjorbsmod:Mindworm","floor":1},{"not_picked":["stsjorbsmod:RefuseToForget","stsjorbsmod:FaerieFire"],"picked":"stsjorbsmod:FracturedMind","floor":5},{"not_picked":["stsjorbsmod:RefuseToForget","stsjorbsmod:Prepare","stsjorbsmod:Message"],"picked":"SKIP","floor":6},{"not_picked":["stsjorbsmod:LocateObject","stsjorbsmod:ArcaneWeapon"],"picked":"stsjorbsmod:ColorSpray","floor":8},{"not_picked":["stsjorbsmod:Hurt","stsjorbsmod:DisguiseSelf","stsjorbsmod:Message"],"picked":"SKIP","floor":10},{"not_picked":["stsjorbsmod:ChainLightning","stsjorbsmod:TinyHut"],"picked":"stsjorbsmod:OldPocket","floor":12},{"not_picked":["stsjorbsmod:RayOfFrost","stsjorbsmod:BurningFlask"],"picked":"stsjorbsmod:Feast","floor":14},{"not_picked":["stsjorbsmod:SmithingStrike","stsjorbsmod:Prestidigitation+1","stsjorbsmod:Will"],"picked":"SKIP","floor":18},{"not_picked":["stsjorbsmod:Prepare","stsjorbsmod:BurningFlask","stsjorbsmod:Stalwart"],"picked":"SKIP","floor":19},{"not_picked":["stsjorbsmod:MagicMirror","stsjorbsmod:Hibernate"],"picked":"stsjorbsmod:Thorns+1","floor":22},{"not_picked":["stsjorbsmod:Introspection","stsjorbsmod:ArcaneForm"],"picked":"stsjorbsmod:LoseGrip+1","floor":23},{"not_picked":["stsjorbsmod:WanderingMind","stsjorbsmod:FindFamiliar","stsjorbsmod:ChatteringStrike"],"picked":"SKIP","floor":25}],"player_experience":493828,"relics_obtained":[{"floor":9,"key":"stsjorbsmod:AlchemistsFireRelic"},{"floor":10,"key":"hubris:TenFootPole"},{"floor":14,"key":"Runesmith:AutoHammer"},{"floor":23,"key":"Ancient Tea Set"},{"floor":26,"key":"infinitespire:Bottled Soul"}],"event_choices":[{"damage_healed":0,"gold_gain":100,"player_choice":"Pray","damage_taken":0,"max_hp_gain":0,"max_hp_loss":0,"event_name":"Golden Shrine","floor":3,"gold_loss":0},{"damage_healed":0,"gold_gain":0,"player_choice":"Ignored","damage_taken":0,"max_hp_gain":0,"max_hp_loss":0,"event_name":"The Mausoleum","floor":20,"gold_loss":0},{"damage_healed":0,"gold_gain":0,"player_choice":"Got Potions","damage_taken":0,"max_hp_gain":0,"max_hp_loss":0,"event_name":"Lab","floor":21,"gold_loss":0}],"is_beta":false,"boss_relics":[{"not_picked":["Runic Dome","beaked:MawFillet"],"picked":"hubris:VirtuousBlindfold"}],"items_purged_floors":[],"is_endless":true,"potions_floor_spawned":[5,6,16,19],"killed_by":"theDuelist:KaibaA2","ascension_level":0}}