{"host":"61s3c1o1s4fng5dr","time":1613185368,"event":{"mods":["AchievementEnabler","Alarm Clock","AlwaysNeverKeys","BaseMod","Bestiary","Block Reminder","Colored Map","Googly Eyes","Highlight Path","Minty Spire (QoL Compilation)","Permanent Neow","Quick Restart","Random Character Button","Spire Birthday Party"],"gold_per_floor":[109,109,72,147,247,278,297,330,330,330,34,34,34,62,62,163,163,174,193,193,96,107,132,145,170,197,215,244,255,180,191,191,295,295,305,305,318,318,335,360,372,400,454,454,454,143,163,192,192,192],"floor_reached":51,"language":"ENG","playtime":3759,"items_purged":["Strike_R","Defend_R"],"score":854,"play_id":"712f1c99-273f-445b-9a8a-37b81116b64c","local_time":"20210212220248","is_ascension_mode":true,"campfire_choices":[{"floor":10.0,"key":"REST"},{"floor":12.0,"key":"REST"},{"floor":15.0,"key":"REST"},{"floor":32.0,"key":"REST"},{"floor":44,"key":"REST"},{"data":"Apotheosis","floor":49,"key":"SMITH"}],"circlet_count":0,"master_deck":["Strike_R","Strike_R","Defend_R","Defend_R","Defend_R","Bash","Metallicize","Barricade+1","Ghostly Armor","Intimidate","Pummel","Metallicize","Carnage+1","Juggernaut","Warcry","Armaments+1","Body Slam+1","Feel No Pain","Metallicize","Warcry","Reaper+1","Ghostly Armor+1","Apotheosis+1","Ghostly Armor+1","Madness","Madness","Warcry+1"],"relics":["Black Blood","Charon\u0027s Ashes","Question Card","Centennial Puzzle","Smiling Mask","Blue Candle","Molten Egg 2","Akabeko","Velvet Choker","InkBottle","Regal Pillow","Bag of Preparation","Red Skull","Pen Nib","War Paint","Nunchaku","HornCleat","PreservedInsect"],"acts_visited":["Exordium","TheCity","TheBeyond"],"potions_floor_usage":[35,47],"damage_taken":[{"damage":0.0,"enemies":"2 Louse","floor":1.0,"turns":2.0},{"damage":24.0,"enemies":"3 Sentries","floor":6.0,"turns":8.0},{"damage":1.0,"enemies":"Cultist","floor":7.0,"turns":5.0},{"damage":45.0,"enemies":"Lagavulin","floor":8.0,"turns":14.0},{"damage":12.0,"enemies":"3 Sentries","floor":14.0,"turns":8.0},{"damage":45.0,"enemies":"Slime Boss","floor":16.0,"turns":23.0},{"damage":15.0,"enemies":"2 Thieves","floor":18.0,"turns":3.0},{"damage":2.0,"enemies":"Chosen","floor":19.0,"turns":6.0},{"damage":10.0,"enemies":"Snake Plant","floor":22.0,"turns":5.0},{"damage":30.0,"enemies":"Book of Stabbing","floor":23.0,"turns":7.0},{"damage":13.0,"enemies":"3 Cultists","floor":24.0,"turns":6.0},{"damage":19.0,"enemies":"Gremlin Leader","floor":25.0,"turns":14.0},{"damage":7.0,"enemies":"Shelled Parasite and Fungi","floor":27.0,"turns":5.0},{"damage":11.0,"enemies":"Slavers","floor":28.0,"turns":6.0},{"damage":11.0,"enemies":"Centurion and Healer","floor":29.0,"turns":5.0},{"damage":4.0,"enemies":"Snecko","floor":31.0,"turns":3.0},{"damage":20.0,"enemies":"Collector","floor":33.0,"turns":9.0},{"damage":28,"enemies":"Orb Walker","floor":35,"turns":5},{"damage":0,"enemies":"3 Shapes","floor":37,"turns":4},{"damage":0,"enemies":"Maw","floor":39,"turns":9},{"damage":34,"enemies":"Reptomancer","floor":40,"turns":9},{"damage":32,"enemies":"Spire Growth","floor":41,"turns":6},{"damage":0,"enemies":"Giant Head","floor":42,"turns":8},{"damage":42,"enemies":"4 Shapes","floor":47,"turns":4},{"damage":2,"enemies":"Reptomancer","floor":48,"turns":6},{"damage":54,"enemies":"Awakened One","floor":50,"turns":14}],"seed_played":"-4099565752789277609","potions_obtained":[{"floor":6.0,"key":"BloodPotion"},{"floor":8.0,"key":"DistilledChaos"},{"floor":19.0,"key":"ColorlessPotion"},{"floor":23.0,"key":"Explosive Potion"},{"floor":25.0,"key":"Block Potion"},{"floor":29.0,"key":"SneckoOil"},{"floor":31.0,"key":"Block Potion"},{"floor":33.0,"key":"ColorlessPotion"},{"floor":39,"key":"LiquidBronze"},{"floor":42,"key":"Energy Potion"},{"floor":47,"key":"Strength Potion"}],"is_trial":false,"path_per_floor":["M","?","$","?","?","E","M","E","T","R","$","R","?","E","R","B",null,"M","M","?","$","M","E","M","E","T","M","E","M","?","M","R","B",null,"M","?","M","?","M","E","M","E","T","R","?","$","M","E","R","B",null],"character_chosen":"IRONCLAD","items_purchased":["Ghostly Armor","Blue Candle","Metallicize","Warcry","HornCleat"],"campfire_rested":5,"item_purchase_floors":[3,11,11,21,46],"current_hp_per_floor":[62,62,62,51,51,33,54,15,15,39,39,63,45,39,63,24,80,71,75,75,75,71,47,40,27,27,26,21,16,16,18,57,43,80,64,64,80,80,80,68,60,80,80,80,70,70,51,80,80,48],"gold":192,"neow_bonus":"ONE_RARE_RELIC","is_daily":false,"chose_seed":false,"campfire_upgraded":1,"win_rate":0.0,"timestamp":1613185368,"path_taken":["M","?","$","?","?","E","?","E","T","R","$","R","?","E","R","BOSS","M","M","?","$","M","E","M","E","T","M","E","M","?","?","R","BOSS","M","?","M","?","M","E","?","E","T","R","?","$","M","E","R","BOSS"],"items_purchased_type":["Card","Relic","Card","Card","Relic"],"build_version":"2020-12-22","purchased_purges":2,"victory":true,"max_hp_per_floor":[80,80,80,80,80,80,80,80,80,80,80,80,80,80,80,80,80,80,80,80,80,80,80,80,80,80,80,80,80,80,80,80,80,80,80,80,80,80,80,80,80,80,80,80,80,80,80,80,80,80],"card_choices":[{"not_picked":["Shrug It Off","Iron Wave"],"picked":"Metallicize","floor":1.0},{"not_picked":["Twin Strike","Combust","Wild Strike"],"picked":"SKIP","floor":6.0},{"not_picked":["Armaments","Sever Soul","Sword Boomerang"],"picked":"Intimidate","floor":7.0},{"not_picked":["Flex","Wild Strike","Seeing Red"],"picked":"Pummel","floor":8.0},{"not_picked":["Dual Wield","Twin Strike+1","Hemokinesis+1"],"picked":"Carnage+1","floor":14.0},{"not_picked":["Limit Break","Immolate+1","Barricade"],"picked":"Juggernaut","floor":16.0},{"not_picked":["Evolve","Armaments","Heavy Blade+1","Spot Weakness"],"picked":"SKIP","floor":18.0},{"not_picked":["Seeing Red","Dark Embrace+1","Shrug It Off","Rampage+1"],"picked":"SKIP","floor":19.0},{"not_picked":["Combust+1","Twin Strike+1","Rampage+1"],"picked":"Armaments","floor":22.0},{"not_picked":["Wild Strike+1","Hemokinesis+1","True Grit","Sword Boomerang+1"],"picked":"SKIP","floor":23.0},{"not_picked":["Uppercut+1","True Grit","Pommel Strike+1","Thunderclap+1"],"picked":"SKIP","floor":24.0},{"not_picked":["Blood for Blood+1","Fiend Fire+1","Havoc"],"picked":"Body Slam+1","floor":25.0},{"not_picked":["Shrug It Off","Iron Wave+1","Burning Pact+1"],"picked":"Feel No Pain","floor":27.0},{"not_picked":["Evolve","Pommel Strike+1","Iron Wave+1","Brutality"],"picked":"SKIP","floor":28.0},{"not_picked":["Pommel Strike+1","Second Wind","Feel No Pain"],"picked":"Metallicize","floor":29.0},{"not_picked":["Thunderclap+1","Sentinel+1","Clothesline+1"],"picked":"Warcry","floor":31.0},{"not_picked":["Limit Break","Corruption","Berserk"],"picked":"Reaper+1","floor":33.0},{"not_picked":["Whirlwind+1","Carnage+1","Perfected Strike+1"],"picked":"Ghostly Armor","floor":35},{"not_picked":["Forethought","Chrysalis","Purity"],"picked":"Apotheosis","floor":36},{"not_picked":["Thunderclap+1","Perfected Strike+1","Headbutt+1","Clash+1"],"picked":"SKIP","floor":37},{"not_picked":["Clothesline+1","Heavy Blade+1","Barricade","Clash+1"],"picked":"SKIP","floor":39},{"not_picked":["Headbutt+1","Pommel Strike+1","Havoc"],"picked":"Ghostly Armor+1","floor":40},{"not_picked":["Headbutt+1","Pommel Strike+1","Battle Trance+1","Flex"],"picked":"SKIP","floor":41},{"not_picked":["Clothesline+1","Immolate+1","Searing Blow+1","Dark Embrace"],"picked":"SKIP","floor":42},{"not_picked":["Bloodletting","Clothesline+1","Whirlwind+1","Wild Strike+1"],"picked":"SKIP","floor":47},{"not_picked":["Sentinel","Feel No Pain+1","True Grit"],"picked":"Warcry+1","floor":48}],"player_experience":441001,"relics_obtained":[{"floor":6.0,"key":"Question Card"},{"floor":8.0,"key":"Centennial Puzzle"},{"floor":9.0,"key":"Smiling Mask"},{"floor":14.0,"key":"Akabeko"},{"floor":23.0,"key":"InkBottle"},{"floor":25.0,"key":"Regal Pillow"},{"floor":26.0,"key":"Bag of Preparation"},{"floor":28.0,"key":"Red Skull"},{"floor":40,"key":"Pen Nib"},{"floor":42,"key":"War Paint"},{"floor":43,"key":"Nunchaku"},{"floor":48,"key":"PreservedInsect"}],"event_choices":[{"damage_healed":0.0,"max_hp_gain":0.0,"max_hp_loss":0.0,"gold_gain":0.0,"cards_transformed":["Strike_R"],"event_name":"Living Wall","player_choice":"Change","floor":2.0,"gold_loss":0.0,"damage_taken":0.0,"cards_obtained":["Barricade"]},{"damage_healed":0.0,"max_hp_gain":0.0,"max_hp_loss":0.0,"gold_gain":75.0,"event_name":"World of Goop","player_choice":"Gather Gold","floor":4.0,"gold_loss":0.0,"damage_taken":11.0},{"damage_healed":0.0,"max_hp_gain":0.0,"max_hp_loss":0.0,"gold_gain":100.0,"event_name":"Golden Shrine","player_choice":"Pray","floor":5.0,"gold_loss":0.0,"damage_taken":0.0},{"damage_healed":0.0,"max_hp_gain":0.0,"max_hp_loss":0.0,"gold_gain":0.0,"event_name":"Scrap Ooze","player_choice":"Success","floor":13.0,"gold_loss":0.0,"damage_taken":18.0,"relics_obtained":["Molten Egg 2"]},{"damage_healed":0.0,"max_hp_gain":0.0,"max_hp_loss":0.0,"gold_gain":0.0,"event_name":"Vampires","player_choice":"Ignored","floor":20.0,"gold_loss":0.0,"damage_taken":0.0},{"cards_removed":["Strike_R"],"damage_healed":0.0,"max_hp_gain":0.0,"max_hp_loss":0.0,"gold_gain":0.0,"event_name":"Beggar","player_choice":"Gave Gold","floor":30.0,"gold_loss":75.0,"damage_taken":0.0},{"damage_healed":0,"gold_gain":0,"player_choice":"Memory 1","damage_taken":0,"max_hp_gain":0,"max_hp_loss":0,"event_name":"SensoryStone","floor":36,"gold_loss":0},{"damage_healed":0,"gold_gain":0,"player_choice":"Upgraded","damage_taken":0,"max_hp_gain":0,"max_hp_loss":0,"event_name":"Upgrade Shrine","floor":38,"gold_loss":0,"cards_upgraded":["Barricade"]},{"damage_healed":0,"gold_gain":0,"player_choice":"Embrace Madness","damage_taken":10,"max_hp_gain":0,"max_hp_loss":0,"event_name":"Winding Halls","floor":45,"gold_loss":0,"cards_obtained":["Madness","Madness"]}],"is_beta":false,"boss_relics":[{"not_picked":["Runic Cube","Ectoplasm"],"picked":"Velvet Choker"},{"not_picked":["SlaversCollar","Empty Cage"],"picked":"Black Blood"}],"items_purged_floors":[21,46],"is_endless":false,"potions_floor_spawned":[6,8,19,23,25,29,31,33,39,42,47],"ascension_level":1}}