{"host":"kp5m5tbwfn2imaek","time":1613248801,"event":{"mods":["AchievementEnabler","BaseMod","Bestiary","Minty Spire (QoL Compilation)","Relic Stats"],"gold_per_floor":[119,129,146,146,111,136,136,151,201,201,201],"floor_reached":10,"language":"ENG","playtime":452,"items_purged":[],"score":112,"play_id":"f4577f86-e376-490b-ba86-4657faf8146c","local_time":"20210213154001","is_ascension_mode":true,"campfire_choices":[{"data":"Reprogram","floor":7,"key":"SMITH"}],"circlet_count":0,"master_deck":["AscendersBane","Strike_B","Strike_B","Strike_B","Defend_B","Defend_B","Defend_B","Defend_B","Zap","Dualcast","Multi-Cast","Compile Driver","Genetic Algorithm","Reprogram+1","Hologram"],"relics":["Cracked Core","Pantograph","Omamori"],"acts_visited":["Exordium"],"potions_floor_usage":[6,10,10],"damage_taken":[{"damage":2,"enemies":"Jaw Worm","floor":1,"turns":4},{"damage":12,"enemies":"2 Louse","floor":2,"turns":3},{"damage":12,"enemies":"Small Slimes","floor":3,"turns":3},{"damage":37,"enemies":"Gremlin Nob","floor":6,"turns":4},{"damage":5,"enemies":"2 Fungi Beasts","floor":8,"turns":5},{"damage":13,"enemies":"3 Sentries","floor":10,"turns":6}],"seed_played":"-9033366370436251622","potions_obtained":[{"floor":2,"key":"DistilledChaos"},{"floor":3,"key":"SkillPotion"},{"floor":8,"key":"Swift Potion"}],"is_trial":false,"path_per_floor":["M","M","M","?","?","E","R","M","T","E"],"character_chosen":"DEFECT","items_purchased":[],"campfire_rested":0,"item_purchase_floors":[],"current_hp_per_floor":[66,54,42,35,53,16,16,11,11,0,0],"gold":201,"neow_bonus":"ONE_RANDOM_RARE_CARD","is_daily":false,"chose_seed":false,"campfire_upgraded":1,"win_rate":0.0,"timestamp":1613248801,"path_taken":["M","M","M","?","?","E","R","M","T","E"],"items_purchased_type":[],"build_version":"2020-12-22","purchased_purges":0,"victory":false,"max_hp_per_floor":[75,75,75,75,75,75,75,75,75,75,75],"relic_stats":{"counters":[6,25],"Pantograph":0,"obtain_stats":[{"Pantograph":6,"Omamori":9,"Cracked Core":0},{"Pantograph":4,"Omamori":5,"Cracked Core":0},{"Pantograph":14,"Omamori":19,"Cracked Core":0}]},"card_choices":[{"not_picked":["Leap","Redo"],"picked":"Compile Driver","floor":1},{"not_picked":["Redo","Steam","Scrape"],"picked":"SKIP","floor":2},{"not_picked":["Storm","Melter"],"picked":"Genetic Algorithm","floor":3},{"not_picked":["Streamline","All For One"],"picked":"Reprogram","floor":6},{"not_picked":["Coolheaded","Rebound"],"picked":"Hologram","floor":8}],"player_experience":724098,"relics_obtained":[{"floor":6,"key":"Pantograph"},{"floor":9,"key":"Omamori"}],"event_choices":[{"cards_removed":["Strike_B"],"damage_healed":0,"gold_gain":0,"player_choice":"Card Removal","damage_taken":7,"max_hp_gain":0,"max_hp_loss":0,"event_name":"Golden Wing","floor":4,"gold_loss":0},{"damage_healed":18,"gold_gain":0,"player_choice":"Healed","damage_taken":0,"max_hp_gain":0,"max_hp_loss":0,"event_name":"The Cleric","floor":5,"gold_loss":35}],"is_beta":false,"boss_relics":[],"items_purged_floors":[],"is_endless":false,"potions_floor_spawned":[2,3,8],"killed_by":"3 Sentries","ascension_level":13}}