{"host":"seujf6kmfn3ctpoe","time":1613222805,"event":{"mods":["BaseMod","Colored Map","Conspire","Minty Spire (QoL Compilation)","Permanent Neow","Relic Sorter","Relic Stats","StSLib"],"gold_per_floor":[215,225,175,175,22,22,64,16,16,65,100,150,171,218,218,228,228],"floor_reached":16,"language":"ENG","playtime":550,"items_purged":[],"score":118,"play_id":"5e41c2cb-e02e-4309-bcaa-04150eed4ef1","local_time":"20210213142645","is_ascension_mode":true,"campfire_choices":[{"data":"Bash","floor":6.0,"key":"SMITH"},{"data":"Perfected Strike","floor":15,"key":"SMITH"}],"circlet_count":0,"master_deck":["Strike_R","Strike_R","Strike_R","Strike_R","Strike_R","Defend_R","Defend_R","Defend_R","Defend_R","Bash+1","Shrug It Off","conspire:SpireCoStock","Twin Strike","Perfected Strike+1","Immolate","Wild Strike","Armaments+1"],"relics":["Burning Blood","Golden Idol","Vajra","Toxic Egg 2","Darkstone Periapt","Sundial"],"acts_visited":["Exordium"],"potions_floor_usage":[16,16],"damage_taken":[{"damage":6.0,"enemies":"Cultist","floor":1.0,"turns":4.0},{"damage":0.0,"enemies":"2 Louse","floor":2.0,"turns":3.0},{"damage":9.0,"enemies":"Jaw Worm","floor":7.0,"turns":4.0},{"damage":30.0,"enemies":"Gremlin Nob","floor":10.0,"turns":4.0},{"damage":2.0,"enemies":"Exordium Wildlife","floor":11.0,"turns":3.0},{"damage":18.0,"enemies":"3 Sentries","floor":12.0,"turns":4.0},{"damage":11.0,"enemies":"Large Slime","floor":13.0,"turns":5.0},{"damage":9.0,"enemies":"Blue Slaver","floor":14.0,"turns":3.0},{"damage":33,"enemies":"Hexaghost","floor":16,"turns":9}],"seed_played":"418989827409370854","potions_obtained":[{"floor":12.0,"key":"SpeedPotion"},{"floor":14.0,"key":"PowerPotion"}],"is_trial":false,"path_per_floor":["M","M","?","?","$","R","M","$","T","E","M","E","M","M","R","B"],"character_chosen":"IRONCLAD","items_purchased":["Vajra","Perfected Strike"],"campfire_rested":0,"item_purchase_floors":[5,8],"current_hp_per_floor":[80,80,80,74,74,74,71,71,71,47,51,39,34,31,31,0,0],"gold":228,"neow_bonus":"HUNDRED_GOLD","is_daily":false,"chose_seed":false,"campfire_upgraded":2,"win_rate":0.0,"timestamp":1613222805,"path_taken":["M","M","?","?","$","R","M","?","T","E","M","E","M","?","R","BOSS"],"items_purchased_type":["Relic","Card"],"build_version":"2020-12-22","purchased_purges":0,"victory":false,"max_hp_per_floor":[80,80,80,74,74,74,74,74,74,74,74,74,74,74,74,74,74],"relic_stats":{"Darkstone Periapt":0,"counters":[9,39],"Golden Idol":33,"Sundial":[2],"obtain_stats":[{"Darkstone Periapt":10,"Golden Idol":4,"Sundial":12,"Vajra":5,"Toxic Egg 2":9,"Burning Blood":0},{"Darkstone Periapt":4,"Golden Idol":2,"Sundial":6,"Vajra":2,"Toxic Egg 2":3,"Burning Blood":0},{"Darkstone Periapt":15,"Golden Idol":7,"Sundial":22,"Vajra":7,"Toxic Egg 2":11,"Burning Blood":0}],"Burning Blood":42},"card_choices":[{"not_picked":["Heavy Blade","Warcry","Iron Wave"],"picked":"SKIP","floor":1.0},{"not_picked":["Rage","Ghostly Armor"],"picked":"Shrug It Off","floor":2.0},{"not_picked":["Headbutt","Searing Blow"],"picked":"Twin Strike","floor":7.0},{"not_picked":["Pommel Strike","Clash"],"picked":"Immolate","floor":10.0},{"not_picked":["Reckless Charge","Rupture"],"picked":"Wild Strike","floor":11.0},{"not_picked":["Sword Boomerang","Power Through+1","Pummel"],"picked":"SKIP","floor":12.0},{"not_picked":["Clash","Pommel Strike"],"picked":"Armaments+1","floor":13.0},{"not_picked":["Power Through+1","Havoc+1","Perfected Strike"],"picked":"SKIP","floor":14.0}],"player_experience":436823,"relics_obtained":[{"floor":9.0,"key":"Toxic Egg 2"},{"floor":10.0,"key":"Darkstone Periapt"},{"floor":12.0,"key":"Sundial"}],"event_choices":[{"damage_healed":0.0,"max_hp_gain":0.0,"max_hp_loss":0.0,"gold_gain":0.0,"event_name":"conspire:Investor","player_choice":"Invest 1","floor":3.0,"gold_loss":0.0,"damage_taken":0.0},{"damage_healed":0.0,"max_hp_gain":0.0,"max_hp_loss":6.0,"gold_gain":0.0,"event_name":"Golden Idol","player_choice":"Lose Max HP","floor":4.0,"gold_loss":0.0,"damage_taken":0.0,"relics_obtained":["Golden Idol"]}],"is_beta":false,"boss_relics":[],"items_purged_floors":[],"is_endless":false,"potions_floor_spawned":[12,14],"killed_by":"Hexaghost","ascension_level":1}}