{"host":"bgyhjzqafgkxdxsh","time":1613190474,"event":{"mods":["BaseMod","Colored Map","Minty Spire (QoL Compilation)","Relic Stats","StSLib","everything is the same but u backflip on backflip"],"gold_per_floor":[116,191,191,19,34,34,63,73,73,73,106,179,214,214,214,315,315,350,120,155,196,196,247,247,247,247,305,305,347,390,390,390],"floor_reached":31,"language":"ENG","playtime":1030,"items_purged":["Strike_P"],"score":409,"play_id":"7dfb272c-ce0b-48c5-864c-a1e524abcfef","local_time":"20210213142754","is_ascension_mode":true,"campfire_choices":[{"floor":6,"key":"RECALL"},{"floor":10,"key":"REST"},{"floor":15,"key":"REST"},{"floor":25,"key":"REST"},{"floor":28,"key":"REST"}],"circlet_count":0,"master_deck":["Strike_P","Strike_P","Strike_P","Defend_P","Defend_P","Defend_P","Defend_P","Eruption","Vigilance","FearNoEvil","Protect","Consecrate","CrushJoints+1","EmptyFist+1","Wish","Vengeance","BowlingBash+1","Writhe","SpiritShield","Wallop+1"],"relics":["Fusion Hammer","ClockworkSouvenir","Molten Egg 2","Happy Flower","Anchor","MealTicket","SlaversCollar","Tiny Chest","Juzu Bracelet","Singing Bowl","Shuriken","Oddly Smooth Stone"],"acts_visited":["Exordium","TheCity"],"potions_floor_usage":[11,21,27,27,30],"damage_taken":[{"damage":0,"enemies":"Small Slimes","floor":1,"turns":3},{"damage":4,"enemies":"Jaw Worm","floor":5,"turns":3},{"damage":30,"enemies":"3 Sentries","floor":7,"turns":7},{"damage":0,"enemies":"2 Louse","floor":8,"turns":1},{"damage":10,"enemies":"Lagavulin","floor":11,"turns":4},{"damage":30,"enemies":"Gremlin Nob","floor":13,"turns":4},{"damage":0,"enemies":"Slime Boss","floor":16,"turns":5},{"damage":0,"enemies":"Chosen","floor":18,"turns":4},{"damage":4,"enemies":"3 Byrds","floor":20,"turns":5},{"damage":13,"enemies":"Snake Plant","floor":21,"turns":4},{"damage":48,"enemies":"Book of Stabbing","floor":23,"turns":5},{"damage":43,"enemies":"Slavers","floor":27,"turns":4},{"damage":0,"enemies":"Centurion and Healer","floor":29,"turns":4},{"damage":28,"enemies":"Sentry and Sphere","floor":30,"turns":6},{"damage":9,"enemies":"Book of Stabbing","floor":31,"turns":3}],"seed_played":"-6417314917433811764","potions_obtained":[{"floor":1,"key":"LiquidBronze"},{"floor":5,"key":"PowerPotion"},{"floor":13,"key":"PowerPotion"},{"floor":20,"key":"BlessingOfTheForge"},{"floor":21,"key":"Weak Potion"}],"is_trial":false,"path_per_floor":["M","?","?","$","M","R","E","M","T","R","E","?","E","T","R","B",null,"M","$","M","M","?","E","?","R","T","E","R","M","M","E"],"character_chosen":"WATCHER","items_purchased":["ClockworkSouvenir","Protect","Tiny Chest"],"campfire_rested":4,"item_purchase_floors":[4,4,19],"current_hp_per_floor":[72,61,61,61,57,57,27,27,27,48,38,38,8,8,29,29,72,72,72,68,55,55,9,33,55,55,12,34,34,8,0,0],"gold":390,"neow_bonus":"BOSS_RELIC","is_daily":false,"chose_seed":false,"campfire_upgraded":0,"win_rate":0.0,"timestamp":1613190474,"path_taken":["M","?","?","$","M","R","E","M","T","R","E","?","E","?","R","BOSS","M","$","M","?","?","E","?","R","T","E","R","M","M","E"],"items_purchased_type":["Relic","Card","Relic"],"build_version":"2020-12-22","purchased_purges":1,"victory":false,"max_hp_per_floor":[72,72,72,72,72,72,72,72,72,72,72,72,72,72,72,72,72,72,72,72,72,72,74,74,74,74,74,74,74,76,76,76],"relic_stats":{"Happy Flower":[16],"Singing Bowl":4,"counters":[15,62],"Shuriken":[5],"MealTicket":0,"Tiny Chest":0,"Juzu Bracelet":0,"obtain_stats":[{"Happy Flower":9,"Singing Bowl":23,"Oddly Smooth Stone":27,"Juzu Bracelet":22,"ClockworkSouvenir":4,"SlaversCollar":17,"Anchor":11,"Shuriken":26,"Molten Egg 2":7,"MealTicket":13,"Tiny Chest":19,"Fusion Hammer":0,"PureWater":0},{"Happy Flower":4,"Singing Bowl":11,"Oddly Smooth Stone":12,"Juzu Bracelet":10,"ClockworkSouvenir":1,"SlaversCollar":7,"Anchor":5,"Shuriken":11,"Molten Egg 2":3,"MealTicket":6,"Tiny Chest":8,"Fusion Hammer":0,"PureWater":0},{"Happy Flower":14,"Singing Bowl":45,"Oddly Smooth Stone":49,"Juzu Bracelet":40,"ClockworkSouvenir":3,"SlaversCollar":27,"Anchor":18,"Shuriken":45,"Molten Egg 2":13,"MealTicket":22,"Tiny Chest":31,"Fusion Hammer":0,"PureWater":0}]},"card_choices":[{"not_picked":["FlyingSleeves","DeceiveReality"],"picked":"FearNoEvil","floor":1},{"not_picked":["Protect","FlyingSleeves"],"picked":"Consecrate","floor":5},{"not_picked":["WreathOfFlame","ThirdEye"],"picked":"CrushJoints+1","floor":7},{"not_picked":["Weave+1","Prostrate","Crescendo"],"picked":"SKIP","floor":8},{"not_picked":["FollowUp+1","Nirvana","DevaForm"],"picked":"SKIP","floor":11},{"not_picked":["Evaluate","FlurryOfBlows+1"],"picked":"EmptyFist+1","floor":13},{"not_picked":["Omniscience","DeusExMachina"],"picked":"Wish","floor":16},{"not_picked":["BattleHymn","JustLucky+1"],"picked":"Vengeance","floor":18},{"not_picked":["FollowUp+1","Swivel"],"picked":"BowlingBash+1","floor":20},{"not_picked":["Evaluate+1","Crescendo+1","FlyingSleeves+1"],"picked":"SKIP","floor":21},{"not_picked":["Evaluate","CutThroughFate+1","PathToVictory+1"],"picked":"Singing Bowl","floor":23},{"not_picked":["ClearTheMind","Swivel+1"],"picked":"SpiritShield","floor":27},{"not_picked":["DeceiveReality","Adaptation"],"picked":"Wallop+1","floor":29},{"not_picked":["WindmillStrike+1","CutThroughFate+1","Crescendo"],"picked":"Singing Bowl","floor":30}],"player_experience":518870,"relics_obtained":[{"floor":7,"key":"Molten Egg 2"},{"floor":9,"key":"Happy Flower"},{"floor":11,"key":"Anchor"},{"floor":13,"key":"MealTicket"},{"floor":23,"key":"Singing Bowl"},{"floor":26,"key":"Shuriken"},{"floor":27,"key":"Oddly Smooth Stone"}],"event_choices":[{"damage_healed":0,"gold_gain":75,"player_choice":"Gather Gold","damage_taken":11,"max_hp_gain":0,"max_hp_loss":0,"event_name":"World of Goop","floor":2,"gold_loss":0},{"damage_healed":0,"gold_gain":0,"player_choice":"Leave","damage_taken":0,"max_hp_gain":0,"max_hp_loss":0,"event_name":"The Cleric","floor":3,"gold_loss":0},{"damage_healed":0,"gold_gain":73,"player_choice":"Gained Gold","damage_taken":0,"max_hp_gain":0,"max_hp_loss":0,"event_name":"Golden Wing","floor":12,"gold_loss":0},{"damage_healed":0,"gold_gain":0,"player_choice":"Opened","damage_taken":0,"relics_obtained":["Juzu Bracelet"],"max_hp_gain":0,"max_hp_loss":0,"event_name":"The Mausoleum","floor":22,"gold_loss":0,"cards_obtained":["Writhe"]},{"damage_healed":24,"gold_gain":0,"player_choice":"Heal","damage_taken":0,"max_hp_gain":0,"max_hp_loss":0,"event_name":"The Library","floor":24,"gold_loss":0}],"is_beta":false,"boss_relics":[{"not_picked":["Sozu","Coffee Dripper"],"picked":"SlaversCollar"}],"items_purged_floors":[19],"is_endless":false,"potions_floor_spawned":[1,5,13,20,21],"killed_by":"Book of Stabbing","ascension_level":4}}