{"host":"so6fnfq7th6ki9q5","time":1613235753,"event":{"mods":["AchievementEnabler","BaseMod","Colored Map","Colored Powertips","Minty Spire (QoL Compilation)","Quick Restart","StSLib"],"gold_per_floor":[119,135,135,145,17,36,67,67,90,108,108,118,293,303,303,400,400,415,51,70,169,13,13,40,40,40,40,54,54,54],"floor_reached":29,"language":"ENG","playtime":1957,"items_purged":["Strike_G"],"score":344,"play_id":"ab1659d9-a306-4365-8393-4fadb23fe42b","local_time":"20210213110233","is_ascension_mode":true,"campfire_choices":[{"data":"Tools of the Trade","floor":8.0,"key":"SMITH"},{"data":"Deadly Poison","floor":11.0,"key":"SMITH"},{"floor":15.0,"key":"REST"},{"data":"Bouncing Flask","floor":23,"key":"SMITH"},{"floor":25,"key":"REST"}],"circlet_count":0,"master_deck":["Strike_G","Strike_G","Strike_G","Strike_G","Defend_G","Defend_G","Defend_G","Survivor","Neutralize","PiercingWail","Tools of the Trade+1","Slice","Deadly Poison+1","Prepared","Noxious Fumes","Eviscerate","Deadly Poison","Doubt","Dagger Throw","Tools of the Trade","Caltrops","Dramatic Entrance","Deadly Poison","Bouncing Flask+1","Blur","Noxious Fumes","Blur","Deflect+1","Glass Knife","Eviscerate+1"],"relics":["Ring of the Snake","Strawberry","Vajra","SlaversCollar","Happy Flower","Pen Nib","Shovel"],"acts_visited":["Exordium","TheCity"],"potions_floor_usage":[18,24,24],"damage_taken":[{"damage":4.0,"enemies":"2 Louse","floor":1.0,"turns":3.0},{"damage":2.0,"enemies":"Cultist","floor":2.0,"turns":4.0},{"damage":0.0,"enemies":"Small Slimes","floor":4.0,"turns":5.0},{"damage":2.0,"enemies":"2 Fungi Beasts","floor":6.0,"turns":4.0},{"damage":37.0,"enemies":"Lagavulin","floor":7.0,"turns":8.0},{"damage":8.0,"enemies":"Looter","floor":10.0,"turns":3.0},{"damage":17.0,"enemies":"Exordium Thugs","floor":12.0,"turns":5.0},{"damage":8.0,"enemies":"Exordium Wildlife","floor":14.0,"turns":3.0},{"damage":29.0,"enemies":"Slime Boss","floor":16.0,"turns":8.0},{"damage":19,"enemies":"Shell Parasite","floor":18,"turns":3},{"damage":12,"enemies":"3 Byrds","floor":20,"turns":4},{"damage":30,"enemies":"Book of Stabbing","floor":24,"turns":5},{"damage":8,"enemies":"Cultist and Chosen","floor":28,"turns":6},{"damage":32,"enemies":"Shelled Parasite and Fungi","floor":29,"turns":2}],"seed_played":"-1287918989344925525","potions_obtained":[{"floor":2.0,"key":"Fruit Juice"},{"floor":4.0,"key":"Energy Potion"},{"floor":12.0,"key":"LiquidBronze"},{"floor":14.0,"key":"Weak Potion"},{"floor":16.0,"key":"LiquidBronze"},{"floor":18,"key":"CultistPotion"}],"is_trial":false,"path_per_floor":["M","M","?","M","$","M","E","R","T","M","R","M","?","M","R","B",null,"M","$","M","?","$","R","E","R","T","?","M","M"],"character_chosen":"THE_SILENT","items_purchased":["Deadly Poison","Dramatic Entrance","Happy Flower","Deadly Poison","Bouncing Flask","Noxious Fumes","Blur","Energy Potion"],"campfire_rested":2,"item_purchase_floors":[5,19,19,19,19,22,22,22],"current_hp_per_floor":[66,69,69,69,69,67,37,37,37,29,29,12,12,4,30,1,67,48,48,36,36,36,36,6,32,32,32,24,0,0],"gold":54,"neow_bonus":"TEN_PERCENT_HP_BONUS","is_daily":false,"chose_seed":false,"campfire_upgraded":3,"win_rate":0.0,"timestamp":1613235753,"path_taken":["M","M","?","M","$","M","E","R","T","M","R","?","?","M","R","BOSS","M","$","M","?","$","R","E","R","T","?","M","M"],"items_purchased_type":["Card","Card","Relic","Card","Card","Card","Card","Potion"],"build_version":"2020-12-22","purchased_purges":1,"victory":false,"max_hp_per_floor":[77,82,82,82,82,82,89,89,89,89,89,89,89,89,89,89,89,89,89,89,89,89,89,89,89,89,89,89,89,89],"card_choices":[{"not_picked":["Flying Knee","Acrobatics"],"picked":"PiercingWail","floor":1.0},{"not_picked":["Dash","Endless Agony"],"picked":"Tools of the Trade","floor":2.0},{"not_picked":["Deflect","Masterful Stab"],"picked":"Slice","floor":4.0},{"not_picked":["Dagger Spray","Outmaneuver"],"picked":"Prepared","floor":6.0},{"not_picked":["Cloak And Dagger","Dagger Throw"],"picked":"Noxious Fumes","floor":7.0},{"not_picked":["A Thousand Cuts","Finisher"],"picked":"Eviscerate","floor":10.0},{"not_picked":["Dodge and Roll","Accuracy"],"picked":"Deadly Poison","floor":12.0},{"not_picked":["Poisoned Stab","Acrobatics"],"picked":"Dagger Throw","floor":14.0},{"not_picked":["Night Terror","Glass Knife"],"picked":"Tools of the Trade","floor":16.0},{"not_picked":["Deadly Poison","Flying Knee"],"picked":"Caltrops","floor":18},{"not_picked":["Deadly Poison+1","Underhanded Strike"],"picked":"Blur","floor":20},{"not_picked":["Blade Dance","Backstab"],"picked":"Deflect+1","floor":24},{"not_picked":["Riddle With Holes+1","Dagger Throw"],"picked":"Eviscerate+1","floor":28}],"player_experience":305384,"relics_obtained":[{"floor":7.0,"key":"Strawberry"},{"floor":9.0,"key":"Vajra"},{"floor":24,"key":"Pen Nib"},{"floor":26,"key":"Shovel"}],"event_choices":[{"cards_removed":["Defend_G"],"damage_healed":0.0,"max_hp_gain":0.0,"max_hp_loss":0.0,"gold_gain":0.0,"event_name":"Bonfire Elementals","player_choice":"Offered Basic","floor":3.0,"gold_loss":0.0,"damage_taken":0.0},{"damage_healed":0.0,"max_hp_gain":0.0,"max_hp_loss":0.0,"gold_gain":175.0,"event_name":"Liars Game","player_choice":"AGREE","floor":13.0,"gold_loss":0.0,"damage_taken":0.0,"cards_obtained":["Doubt"]},{"damage_healed":0,"gold_gain":99,"player_choice":"Stole From Cult","damage_taken":0,"max_hp_gain":0,"max_hp_loss":0,"event_name":"Nest","floor":21,"gold_loss":0},{"damage_healed":0,"gold_gain":0,"cards_transformed":["Defend_G"],"player_choice":"Transformed","damage_taken":0,"max_hp_gain":0,"max_hp_loss":0,"event_name":"Transmorgrifier","floor":27,"gold_loss":0,"cards_obtained":["Glass Knife"]}],"is_beta":false,"boss_relics":[{"not_picked":["Philosopher\u0027s Stone","Snecko Eye"],"picked":"SlaversCollar"}],"items_purged_floors":[5],"is_endless":false,"potions_floor_spawned":[2,4,12,14,16,18],"killed_by":"Shelled Parasite and Fungi","ascension_level":6}}