{"host":"uv231blk40vjdojr","time":1613235738,"event":{"mods":["BaseMod","Minty Spire (QoL Compilation)","Relic Stats","ojb\u0027s Info Mod"],"gold_per_floor":[118,131,131,150,115,143,143,155,155,175,175,193,193,223,223,328,328,328,328,328,268,268,268,268,268,268,41,41,41,41,41,41,41,41,41,41,41,41,41,41,41,41,41,41,0,0,0,0,0,0,0,0,0,0,0,0],"floor_reached":55,"language":"ENG","playtime":3309,"items_purged":[],"score":1015,"play_id":"034d56a3-f26b-4fde-a56a-a700901120aa","local_time":"20210213180218","is_ascension_mode":true,"campfire_choices":[{"data":"Eruption","floor":7.0,"key":"SMITH"},{"data":"CrushJoints","floor":11.0,"key":"SMITH"},{"data":"Meditate","floor":13.0,"key":"SMITH"},{"data":"Perseverance","floor":15.0,"key":"SMITH"},{"floor":24.0,"key":"REST"},{"data":"Alpha","floor":29.0,"key":"SMITH"},{"floor":32.0,"key":"REST"},{"floor":40.0,"key":"REST"},{"floor":46.0,"key":"RECALL"},{"data":"TalkToTheHand","floor":49.0,"key":"SMITH"},{"data":"EmptyMind","floor":52.0,"key":"SMITH"}],"circlet_count":0,"master_deck":["Defend_P","Defend_P+1","Defend_P","Eruption+1","Vigilance+1","CutThroughFate","FearNoEvil","CrushJoints+1","Meditate+1","EmptyMind","Halt","Perseverance+1","CutThroughFate+1","Alpha+1","CutThroughFate+1","Bite","Bite","Bite","Bite","EmptyMind+1","Study","Worship+1","Scrawl+1","SashWhip","Pray+1","InnerPeace+1","Vault+1","EmptyBody+1","Study","Fasting2+1","WaveOfTheHand+1","TalkToTheHand+1","Pray+1"],"relics":["SlaversCollar","War Paint","Matryoshka","Strawberry","White Beast Statue","HornCleat","Ectoplasm","Yang","Incense Burner","Ornamental Fan","Toxic Egg 2","Membership Card","Centennial Puzzle","Tiny House","Anchor","Red Mask","Happy Flower"],"acts_visited":["Exordium","TheCity","TheBeyond","TheEnding"],"potions_floor_usage":[55,55],"damage_taken":[{"damage":0.0,"enemies":"2 Louse","floor":1.0,"turns":3.0},{"damage":2.0,"enemies":"Jaw Worm","floor":2.0,"turns":4.0},{"damage":0.0,"enemies":"Cultist","floor":4.0,"turns":4.0},{"damage":15.0,"enemies":"3 Sentries","floor":6.0,"turns":9.0},{"damage":15.0,"enemies":"Exordium Wildlife","floor":8.0,"turns":5.0},{"damage":2.0,"enemies":"3 Louse","floor":10.0,"turns":3.0},{"damage":2.0,"enemies":"Large Slime","floor":12.0,"turns":4.0},{"damage":18.0,"enemies":"Gremlin Nob","floor":14.0,"turns":3.0},{"damage":0.0,"enemies":"Slime Boss","floor":16.0,"turns":4.0},{"damage":2.0,"enemies":"Shell Parasite","floor":18.0,"turns":4.0},{"damage":12.0,"enemies":"2 Thieves","floor":21.0,"turns":4.0},{"damage":26.0,"enemies":"Snake Plant","floor":22.0,"turns":4.0},{"damage":10.0,"enemies":"Slavers","floor":23.0,"turns":4.0},{"damage":0.0,"enemies":"Gremlin Leader","floor":25.0,"turns":7.0},{"damage":27.0,"enemies":"Shelled Parasite and Fungi","floor":28.0,"turns":6.0},{"damage":28.0,"enemies":"Slavers","floor":30.0,"turns":4.0},{"damage":12.0,"enemies":"Cultist and Chosen","floor":31.0,"turns":6.0},{"damage":12.0,"enemies":"Collector","floor":33.0,"turns":7.0},{"damage":37.0,"enemies":"3 Darklings","floor":35.0,"turns":5.0},{"damage":8.0,"enemies":"Orb Walker","floor":39.0,"turns":4.0},{"damage":24.0,"enemies":"Reptomancer","floor":41.0,"turns":7.0},{"damage":8.0,"enemies":"Sphere and 2 Shapes","floor":42.0,"turns":5.0},{"damage":10.0,"enemies":"4 Shapes","floor":44.0,"turns":5.0},{"damage":1.0,"enemies":"Maw","floor":48.0,"turns":7.0},{"damage":10.0,"enemies":"Time Eater","floor":50.0,"turns":11.0},{"damage":27.0,"enemies":"Shield and Spear","floor":54.0,"turns":7.0},{"damage":122,"enemies":"The Heart","floor":55,"turns":6}],"seed_played":"6477211495960047097","potions_obtained":[{"floor":4.0,"key":"Energy Potion"},{"floor":8.0,"key":"GamblersBrew"},{"floor":10.0,"key":"BottledMiracle"},{"floor":12.0,"key":"BottledMiracle"},{"floor":14.0,"key":"LiquidMemories"},{"floor":16.0,"key":"Weak Potion"},{"floor":18.0,"key":"Dexterity Potion"},{"floor":22.0,"key":"Dexterity Potion"},{"floor":25.0,"key":"GamblersBrew"},{"floor":28.0,"key":"FairyPotion"},{"floor":30.0,"key":"CultistPotion"},{"floor":31.0,"key":"Strength Potion"},{"floor":33.0,"key":"SteroidPotion"},{"floor":34.0,"key":"PowerPotion"},{"floor":41.0,"key":"Strength Potion"},{"floor":42.0,"key":"Ancient Potion"},{"floor":44.0,"key":"Swift Potion"}],"is_trial":false,"path_per_floor":["M","M","?","M","?","E","R","M","T","M","R","M","R","E","R","B",null,"M","?","?","M","M","E","R","E","T","$","M","R","E","M","R","B",null,"M","?","$","?","M","R","E","M","T","M","?","R","?","M","R","B",null,"R","$","E","B"],"character_chosen":"WATCHER","items_purchased":["Membership Card","Scrawl+1"],"campfire_rested":3,"item_purchase_floors":[27,27],"current_hp_per_floor":[72,70,37,37,55,40,40,25,32,30,30,28,28,10,10,10,62,60,55,46,42,22,16,34,56,56,56,35,35,13,13,31,27,57,30,30,30,30,26,45,37,39,39,37,37,37,37,44,44,46,58,58,58,43,0,0],"gold":0,"neow_bonus":"BOSS_RELIC","is_daily":false,"chose_seed":false,"campfire_upgraded":7,"win_rate":0.0,"timestamp":1613235738,"path_taken":["M","M","?","M","?","E","R","M","T","M","R","M","R","E","R","BOSS","M","?","?","M","?","E","R","E","T","$","M","R","E","M","R","BOSS","M","?","$","?","M","R","E","?","T","M","?","R","?","M","R","BOSS","R","$","E","BOSS"],"items_purchased_type":["Relic","Card"],"build_version":"2020-12-22","purchased_purges":0,"victory":false,"max_hp_per_floor":[72,72,72,72,72,72,72,72,79,79,79,79,79,79,79,79,79,79,55,60,60,60,60,60,60,60,60,60,60,60,60,60,60,65,65,65,65,65,65,65,65,65,65,65,65,65,62,62,62,62,62,62,62,62,62,62],"relic_stats":{"Centennial Puzzle":[33],"Happy Flower":[2],"counters":[27,142],"Ornamental Fan":[80],"Yang":[162],"Ectoplasm":518,"War Paint":["Defend_P","Vigilance"],"obtain_stats":[{"Tiny House":34,"Happy Flower":54,"Yang":23,"Incense Burner":25,"War Paint":3,"White Beast Statue":9,"SlaversCollar":0,"Centennial Puzzle":30,"Anchor":41,"Matryoshka":6,"HornCleat":14,"Ornamental Fan":26,"Strawberry":9,"Ectoplasm":17,"Red Mask":45,"Membership Card":27,"PureWater":0,"Toxic Egg 2":26},{"Tiny House":18,"Happy Flower":26,"Yang":13,"Incense Burner":14,"War Paint":2,"White Beast Statue":5,"SlaversCollar":0,"Centennial Puzzle":16,"Anchor":21,"Matryoshka":4,"HornCleat":8,"Ornamental Fan":14,"Strawberry":5,"Ectoplasm":9,"Red Mask":23,"Membership Card":14,"PureWater":0,"Toxic Egg 2":14},{"Tiny House":85,"Happy Flower":136,"Yang":55,"Incense Burner":62,"War Paint":7,"White Beast Statue":25,"SlaversCollar":0,"Centennial Puzzle":72,"Anchor":101,"Matryoshka":20,"HornCleat":35,"Ornamental Fan":62,"Strawberry":25,"Ectoplasm":39,"Red Mask":111,"Membership Card":62,"PureWater":0,"Toxic Egg 2":62}]},"card_choices":[{"not_picked":["BowlingBash","Swivel"],"picked":"CutThroughFate","floor":1.0},{"not_picked":["SashWhip","PathToVictory"],"picked":"FearNoEvil","floor":2.0},{"not_picked":["Evaluate","Protect"],"picked":"CrushJoints","floor":4.0},{"not_picked":["MentalFortress","WindmillStrike"],"picked":"Meditate","floor":6.0},{"not_picked":["JustLucky","CrushJoints"],"picked":"EmptyMind","floor":8.0},{"not_picked":["Worship","FlyingSleeves"],"picked":"Halt","floor":10.0},{"not_picked":["FearNoEvil","ThirdEye"],"picked":"Perseverance","floor":12.0},{"not_picked":["ClearTheMind","PathToVictory"],"picked":"CutThroughFate","floor":14.0},{"not_picked":["Ragnarok","DevaForm"],"picked":"Alpha","floor":16.0},{"not_picked":["Tantrum","SashWhip"],"picked":"CutThroughFate+1","floor":18.0},{"not_picked":["CutThroughFate+1","WreathOfFlame+1"],"picked":"EmptyMind","floor":21.0},{"not_picked":["Protect","Weave"],"picked":"Study","floor":22.0},{"not_picked":["Ragnarok","CrushJoints","FlyingSleeves"],"picked":"SKIP","floor":23.0},{"not_picked":["Wallop","Ragnarok"],"picked":"Worship+1","floor":25.0},{"not_picked":["Halt+1","FlurryOfBlows"],"picked":"SashWhip","floor":28.0},{"not_picked":["FlurryOfBlows+1","Worship+1"],"picked":"Pray+1","floor":30.0},{"not_picked":["EmptyFist","CrushJoints"],"picked":"InnerPeace+1","floor":31.0},{"not_picked":["Devotion","LessonLearned"],"picked":"Vault+1","floor":33.0},{"not_picked":["Halt+1","PathToVictory+1"],"picked":"EmptyBody+1","floor":34.0},{"not_picked":["Crescendo+1","CutThroughFate","Vengeance+1"],"picked":"SKIP","floor":35.0},{"not_picked":["BowlingBash","MentalFortress+1"],"picked":"Fasting2+1","floor":39.0},{"not_picked":["FlyingSleeves+1","Brilliance"],"picked":"WaveOfTheHand+1","floor":41.0},{"not_picked":["Conclude","Vengeance+1","Evaluate+1"],"picked":"SKIP","floor":42.0},{"not_picked":["Collect+1","FlyingSleeves+1","Fasting2"],"picked":"SKIP","floor":44.0},{"not_picked":["Collect+1","FlyingSleeves+1","Fasting2"],"picked":"SKIP","floor":44.0},{"not_picked":["WreathOfFlame+1","Weave"],"picked":"TalkToTheHand","floor":48.0},{"not_picked":["BowlingBash","Prostrate+1"],"picked":"Pray+1","floor":54.0}],"player_experience":768245,"relics_obtained":[{"floor":6.0,"key":"Matryoshka"},{"floor":9.0,"key":"Strawberry"},{"floor":9.0,"key":"White Beast Statue"},{"floor":14.0,"key":"HornCleat"},{"floor":23.0,"key":"Yang"},{"floor":25.0,"key":"Incense Burner"},{"floor":26.0,"key":"Ornamental Fan"},{"floor":26.0,"key":"Toxic Egg 2"},{"floor":30.0,"key":"Centennial Puzzle"},{"floor":41.0,"key":"Anchor"},{"floor":54.0,"key":"Happy Flower"}],"event_choices":[{"damage_healed":0.0,"max_hp_gain":0.0,"max_hp_loss":0.0,"gold_gain":0.0,"event_name":"Scrap Ooze","player_choice":"Success","floor":3.0,"gold_loss":0.0,"damage_taken":33.0,"relics_obtained":["War Paint"]},{"damage_healed":18.0,"max_hp_gain":0.0,"max_hp_loss":0.0,"gold_gain":0.0,"event_name":"The Cleric","player_choice":"Healed","floor":5.0,"gold_loss":35.0,"damage_taken":0.0},{"damage_healed":0.0,"max_hp_gain":0.0,"max_hp_loss":24.0,"gold_gain":0.0,"event_name":"Vampires","player_choice":"Became a vampire","floor":19.0,"gold_loss":0.0,"damage_taken":0.0,"cards_obtained":["Bite","Bite","Bite","Bite","Bite"]},{"damage_healed":0.0,"max_hp_gain":5.0,"max_hp_loss":0.0,"gold_gain":0.0,"event_name":"Forgotten Altar","player_choice":"Shed Blood","floor":20.0,"gold_loss":0.0,"damage_taken":14.0},{"cards_removed":["Bite"],"damage_healed":0.0,"max_hp_gain":0.0,"max_hp_loss":0.0,"gold_gain":0.0,"event_name":"Falling","player_choice":"Removed Attack","floor":36.0,"gold_loss":0.0,"damage_taken":0.0},{"damage_healed":0.0,"max_hp_gain":0.0,"max_hp_loss":0.0,"gold_gain":0.0,"cards_transformed":["Defend_P"],"event_name":"Transmorgrifier","player_choice":"Transformed","floor":38.0,"gold_loss":0.0,"damage_taken":0.0,"cards_obtained":["Study"]},{"damage_healed":0.0,"max_hp_gain":0.0,"max_hp_loss":0.0,"gold_gain":0.0,"event_name":"Tomb of Lord Red Mask","player_choice":"Paid","floor":45.0,"gold_loss":41.0,"damage_taken":0.0,"relics_obtained":["Red Mask"]},{"damage_healed":0.0,"max_hp_gain":0.0,"max_hp_loss":3.0,"gold_gain":0.0,"event_name":"Winding Halls","player_choice":"Max HP","floor":47.0,"gold_loss":0.0,"damage_taken":0.0}],"is_beta":false,"boss_relics":[{"not_picked":["Busted Crown","Fusion Hammer"],"picked":"Ectoplasm"},{"not_picked":["Cursed Key","Runic Dome"],"picked":"Tiny House"}],"items_purged_floors":[],"is_endless":false,"potions_floor_spawned":[4,8,10,12,14,16,18,21,22,23,25,28,30,31,33,35,39,41,42,44,48,54],"killed_by":"The Heart","ascension_level":5}}