{"host":"pah2xi72mkoh8qg3","time":1613227651,"event":{"mods":["BaseMod","Colored Powertips","Conspire","FoggyMod","Highlight Path","Minty Spire (QoL Compilation)","Reliquary","Replay The Spire","Shop Mod","StSLib","The Mystic","Waifu the Spire"],"gold_per_floor":[116,116,129,129,145,145,145,155,155,168,168,194,235,62,62,62,62],"floor_reached":16,"language":"ZHS","playtime":666,"items_purged":[],"score":95,"play_id":"60e64bc3-75ee-4fa7-a4f5-1d147a85fe5a","local_time":"20210213224731","is_ascension_mode":true,"campfire_choices":[{"floor":6,"key":"RECALL"},{"floor":15,"key":"REST"}],"circlet_count":0,"master_deck":["mysticmod:Strike_Mystic","mysticmod:Strike_Mystic","mysticmod:Strike_Mystic","mysticmod:Strike_Mystic","mysticmod:Defend_Mystic","mysticmod:Defend_Mystic","mysticmod:ArcaneDodge","mysticmod:ShockingGrasp","mysticmod:BladeMaster","mysticmod:MagicWeapon","mysticmod:Probe","mysticmod:MagicMissile","mysticmod:HeavyStrike","mysticmod:DiviningBlow","mysticmod:PunishingArmor","mysticmod:TomeOfSpells"],"relics":["reliquary:KinkedSpring","Mirror","Juzu Bracelet","Replay:Bottled Steam","conspire:TreasureMap"],"acts_visited":["Exordium"],"potions_floor_usage":[13,16],"damage_taken":[{"damage":6,"enemies":"conspire:RoseBush","floor":1,"turns":3},{"damage":1,"enemies":"Cultist","floor":3,"turns":4},{"damage":16,"enemies":"2 Louse","floor":5,"turns":4},{"damage":8,"enemies":"Lots of Slimes","floor":8,"turns":4},{"damage":4,"enemies":"2 Fungi Beasts","floor":10,"turns":4},{"damage":13,"enemies":"conspire:MimicChest","floor":13,"turns":6},{"damage":0,"enemies":"Fading Forest","floor":16,"turns":4}],"seed_played":"-3911924112705140126","potions_obtained":[{"floor":3,"key":"Block Potion"},{"floor":5,"key":"DistilledChaos"},{"floor":13,"key":"SkillPotion"}],"is_trial":false,"path_per_floor":["M","?","M","?","M","R","?","M","T","M","?","T","?","$","R","B"],"character_chosen":"MYSTIC_CLASS","items_purchased":["conspire:TreasureMap","mysticmod:TomeOfSpells"],"campfire_rested":1,"item_purchase_floors":[14,14],"current_hp_per_floor":[71,71,70,70,54,54,54,46,46,42,42,42,29,29,52,52,52],"gold":62,"neow_bonus":"BOSS_RELIC","is_daily":false,"chose_seed":false,"campfire_upgraded":0,"win_rate":0.0,"timestamp":1613227651,"path_taken":["M","?","?","?","?","R","?","?","T","?","?","?","?","?","R","BOSS"],"items_purchased_type":["Relic","Card"],"build_version":"2020-12-22","purchased_purges":0,"victory":false,"max_hp_per_floor":[77,77,77,77,77,77,77,77,77,77,77,77,77,77,77,77,77],"card_choices":[{"not_picked":["mysticmod:BulkUp","mysticmod:Grease"],"picked":"mysticmod:BladeMaster","floor":1},{"not_picked":["mysticmod:CorrosiveTouch","mysticmod:Stoneskin"],"picked":"mysticmod:MagicWeapon","floor":3},{"not_picked":["mysticmod:AllIn","mysticmod:BladeMaster"],"picked":"mysticmod:Probe","floor":5},{"not_picked":["mysticmod:HeavyStrike","mysticmod:MirrorStrike"],"picked":"mysticmod:MagicMissile","floor":8},{"not_picked":["mysticmod:IllusionOfCalm","mysticmod:LightningBolt"],"picked":"mysticmod:HeavyStrike","floor":10},{"not_picked":["mysticmod:Riposte","mysticmod:LightningBolt"],"picked":"mysticmod:PunishingArmor","floor":13}],"player_experience":339352,"relics_obtained":[{"floor":9,"key":"Mirror"},{"floor":12,"key":"Juzu Bracelet"},{"floor":13,"key":"Replay:Bottled Steam"}],"event_choices":[{"cards_removed":["mysticmod:Defend_Mystic"],"damage_healed":0,"gold_gain":0,"player_choice":"Offered Basic","damage_taken":0,"max_hp_gain":0,"max_hp_loss":0,"event_name":"Bonfire Elementals","floor":2,"gold_loss":0},{"damage_healed":0,"gold_gain":0,"player_choice":"Cursed","damage_taken":0,"max_hp_gain":0,"max_hp_loss":0,"event_name":"Wheel of Change","floor":4,"gold_loss":0,"cards_obtained":["Decay"]},{"cards_removed":["Decay"],"damage_healed":0,"gold_gain":0,"player_choice":"Purged","damage_taken":0,"max_hp_gain":0,"max_hp_loss":0,"event_name":"Purifier","floor":7,"gold_loss":0},{"damage_healed":0,"gold_gain":0,"cards_transformed":["mysticmod:Defend_Mystic"],"player_choice":"Change","damage_taken":0,"max_hp_gain":0,"max_hp_loss":0,"event_name":"Living Wall","floor":11,"gold_loss":0,"cards_obtained":["mysticmod:DiviningBlow"]}],"is_beta":false,"boss_relics":[],"items_purged_floors":[],"is_endless":false,"potions_floor_spawned":[3,5,13],"killed_by":"Fading Forest","ascension_level":1}}