{"host":"u7y9frlpoazak2mn","time":1613191858,"event":{"mods":["AchievementEnabler","Act Like it!","Aspiration","BaseMod","Beaked The Cultist","Better Altar","Better Match","Better Note","Better Sensory Stone","Better Skull","Better Third Choice","Colored Map","Colored Powertips","Displayed Cursed Tome","Downfall","Emptier Cage","Energized Spire","GifTheSpireLib","Hermit","Marked Mod","Mimic Mod","Minty Spire (QoL Compilation)","Permanent Neow","Prisma Mod","Rare Cards Sparkle","Relic Stats","StSLib","The Construct","Waifu the Spire"],"gold_per_floor":[110,129,42,54,67,101,111,111,138,138,138,138,138,164,164,164,164],"floor_reached":16,"language":"ENG","playtime":601,"items_purged":[],"score":134,"play_id":"c53b6f23-7dd9-41fa-906e-7e6a7266beca","local_time":"20210212235058","is_ascension_mode":true,"campfire_choices":[{"floor":10,"key":"REST"},{"floor":13,"key":"REST"},{"floor":15,"key":"REST"}],"circlet_count":0,"master_deck":["Strike_G","Strike_G","Strike_G","Strike_G+1","Strike_G","Defend_G","Defend_G","Defend_G","Defend_G","Defend_G","Survivor","Neutralize+1","PiercingWail+1","Deflect","Noxious Fumes","Deflect","Eviscerate","Dash","Venomology"],"relics":["Ring of the Snake","CeramicFish","Oddly Smooth Stone","Matryoshka"],"acts_visited":["Exordium"],"potions_floor_usage":[5,5,7,8],"damage_taken":[{"damage":0,"enemies":"2 Louse","floor":1,"turns":2},{"damage":8,"enemies":"Jaw Worm","floor":2,"turns":5},{"damage":0,"enemies":"Small Slimes","floor":4,"turns":4},{"damage":12,"enemies":"Exordium Wildlife","floor":5,"turns":5},{"damage":27,"enemies":"3 Sentries","floor":6,"turns":8},{"damage":2,"enemies":"Red Slaver","floor":7,"turns":3},{"damage":10,"enemies":"Lagavulin","floor":8,"turns":7},{"damage":21,"enemies":"Gremlin Gang","floor":14,"turns":6},{"damage":44,"enemies":"Slime Boss","floor":16,"turns":6}],"seed_played":"867041546047719303","potions_obtained":[{"floor":2,"key":"Slimebound:ThreeZeroPotion"},{"floor":4,"key":"LiquidMemories"},{"floor":5,"key":"SmokeBomb"},{"floor":6,"key":"CunningPotion"}],"is_trial":false,"path_per_floor":["M","M","$","M","M","E","M","E","T","R","?","T","R","M","R","B"],"character_chosen":"THE_SILENT","items_purchased":["Noxious Fumes","Deflect"],"campfire_rested":3,"item_purchase_floors":[3,3],"current_hp_per_floor":[70,62,62,62,50,23,21,11,11,32,18,18,39,18,39,0,0],"gold":164,"neow_bonus":"UPGRADE_CARD","is_daily":false,"chose_seed":false,"campfire_upgraded":0,"win_rate":0.0,"timestamp":1613191858,"path_taken":["M","M","$","M","M","E","M","E","T","R","?","?","R","M","R","BOSS"],"items_purchased_type":["Card","Card"],"build_version":"2020-12-22","purchased_purges":0,"victory":false,"max_hp_per_floor":[70,70,70,70,70,70,70,70,70,70,70,70,70,70,70,70,70],"relic_stats":{"counters":[9,46],"CeramicFish":18,"obtain_stats":[{"Matryoshka":12,"CeramicFish":6,"Oddly Smooth Stone":9,"Ring of the Snake":0},{"Matryoshka":7,"CeramicFish":5,"Oddly Smooth Stone":7,"Ring of the Snake":0},{"Matryoshka":34,"CeramicFish":24,"Oddly Smooth Stone":34,"Ring of the Snake":0}],"Ring of the Snake":[18]},"card_choices":[{"not_picked":["Deflect","Cloak And Dagger"],"picked":"PiercingWail","floor":1},{"not_picked":["Quick Slash","Cloak And Dagger"],"picked":"Deflect","floor":2},{"not_picked":["Prepared","Backflip"],"picked":"Eviscerate","floor":4},{"not_picked":["Cloak And Dagger","Dodge and Roll","Blade Dance"],"picked":"SKIP","floor":5},{"not_picked":["Quick Slash","Choke"],"picked":"Dash","floor":6},{"not_picked":["Masterful Stab","Blade Dance","Quick Slash"],"picked":"SKIP","floor":7},{"not_picked":["Dagger Throw","Finisher"],"picked":"Venomology","floor":14}],"player_experience":442880,"relics_obtained":[{"floor":6,"key":"CeramicFish"},{"floor":9,"key":"Oddly Smooth Stone"},{"floor":12,"key":"Matryoshka"}],"event_choices":[{"damage_healed":32,"gold_gain":0,"player_choice":"Upgrade","damage_taken":14,"max_hp_gain":0,"max_hp_loss":70,"event_name":"betterThird:BetterShining","floor":11,"gold_loss":0,"cards_upgraded":["PiercingWail","Strike_G"]}],"is_beta":false,"boss_relics":[],"items_purged_floors":[],"is_endless":false,"potions_floor_spawned":[2,4,5,6],"killed_by":"Slime Boss","ascension_level":4}}