{"host":"8ztb9kwpjc2zof9s","time":1613210448,"event":{"mods":["BaseMod","Block Reminder","Curses Come First","Minty Spire (QoL Compilation)","Relic Stats","StSLib"],"gold_per_floor":[114,124,299,299,104,131,148,179,261,339,358,358,29,16,16,120,120,137,137,153,169,181,181,199,199,199],"floor_reached":25,"language":"ENG","playtime":1071,"items_purged":["Doubt"],"score":333,"play_id":"16f76cb0-570e-4055-867a-8fbd9998c7cd","local_time":"20210213020048","is_ascension_mode":true,"campfire_choices":[{"data":"Envenom","floor":12,"key":"SMITH"},{"data":"Infinite Blades","floor":15,"key":"SMITH"},{"data":"Night Terror","floor":23,"key":"SMITH"}],"circlet_count":0,"master_deck":["AscendersBane","Strike_G","Strike_G","Strike_G","Strike_G","Strike_G","Defend_G","Defend_G","Defend_G","Defend_G","Defend_G","Survivor","Neutralize","After Image","Blade Dance","Backflip","Blade Dance","Noxious Fumes","Cloak And Dagger","Envenom+1","Leg Sweep","Infinite Blades+1","Night Terror+1","Blade Dance","Cloak And Dagger"],"relics":["Ring of the Snake","FossilizedHelix","Potion Belt","Pear","InkBottle","Paper Crane","Busted Crown"],"acts_visited":["Exordium","TheCity"],"potions_floor_usage":[11,14,14,18,21,24],"damage_taken":[{"damage":3.0,"enemies":"Cultist","floor":1.0,"turns":6.0},{"damage":0.0,"enemies":"Small Slimes","floor":2.0,"turns":4.0},{"damage":12.0,"enemies":"Lagavulin","floor":6.0,"turns":9.0},{"damage":0.0,"enemies":"Jaw Worm","floor":7.0,"turns":4.0},{"damage":18.0,"enemies":"3 Sentries","floor":8.0,"turns":9.0},{"damage":0,"enemies":"Lots of Slimes","floor":11,"turns":1},{"damage":5,"enemies":"Exordium Thugs","floor":14,"turns":4},{"damage":2,"enemies":"Slime Boss","floor":16,"turns":9},{"damage":8,"enemies":"2 Thieves","floor":18,"turns":5},{"damage":0,"enemies":"3 Byrds","floor":20,"turns":5},{"damage":21,"enemies":"Centurion and Healer","floor":21,"turns":8},{"damage":8,"enemies":"Snake Plant","floor":22,"turns":6},{"damage":23,"enemies":"Snecko","floor":24,"turns":6},{"damage":9,"enemies":"Centurion and Healer","floor":25,"turns":1}],"seed_played":"-7457576814251319428","potions_obtained":[{"floor":6.0,"key":"Explosive Potion"},{"floor":8.0,"key":"LiquidMemories"},{"floor":11,"key":"Strength Potion"},{"floor":16,"key":"PowerPotion"},{"floor":20,"key":"DuplicationPotion"},{"floor":22,"key":"Swift Potion"}],"is_trial":false,"path_per_floor":["M","M","?","?","$","E","M","E","T","T","M","R","$","M","R","B",null,"M","?","M","M","M","R","M","M"],"character_chosen":"THE_SILENT","items_purchased":["Blade Dance","Noxious Fumes","Paper Crane","Leg Sweep"],"campfire_rested":0,"item_purchase_floors":[5,5,13,13],"current_hp_per_floor":[60,60,60,60,60,48,48,30,40,40,40,40,40,35,35,33,63,55,55,55,34,26,26,3,0,0],"gold":199,"neow_bonus":"THREE_RARE_CARDS","is_daily":false,"chose_seed":false,"campfire_upgraded":3,"win_rate":0.0,"timestamp":1613210448,"path_taken":["M","M","?","?","$","E","M","E","T","?","?","R","$","M","R","BOSS","M","?","M","M","M","R","M","M"],"items_purchased_type":["Card","Card","Relic","Card"],"build_version":"2020-12-22","purchased_purges":1,"victory":false,"max_hp_per_floor":[63,63,63,63,63,63,63,63,73,73,73,73,73,73,73,73,73,73,73,73,73,73,73,73,73,73],"relic_stats":{"Busted Crown":10,"counters":[14,77],"obtain_stats":[{"Potion Belt":8,"Pear":9,"Busted Crown":17,"Paper Crane":13,"FossilizedHelix":6,"InkBottle":10,"Ring of the Snake":0},{"Potion Belt":5,"Pear":5,"Busted Crown":8,"Paper Crane":6,"FossilizedHelix":3,"InkBottle":5,"Ring of the Snake":0},{"Potion Belt":32,"Pear":32,"Busted Crown":46,"Paper Crane":33,"FossilizedHelix":19,"InkBottle":32,"Ring of the Snake":0}],"InkBottle":[26],"Ring of the Snake":[28]},"card_choices":[{"not_picked":["Venomology","Bullet Time"],"picked":"After Image","floor":0.0},{"not_picked":["Dagger Throw","Slice"],"picked":"Blade Dance","floor":1.0},{"not_picked":["Bane","Caltrops"],"picked":"Backflip","floor":2.0},{"not_picked":["Deflect","Choke","Underhanded Strike"],"picked":"SKIP","floor":6.0},{"not_picked":["Poisoned Stab","Underhanded Strike","Endless Agony"],"picked":"SKIP","floor":7.0},{"not_picked":["Poisoned Stab","Quick Slash"],"picked":"Cloak And Dagger","floor":8.0},{"not_picked":["Bane","Underhanded Strike"],"picked":"Envenom","floor":11},{"not_picked":["Acrobatics","Slice"],"picked":"Infinite Blades","floor":14},{"not_picked":["Storm of Steel","Burst"],"picked":"Night Terror","floor":16},{"not_picked":["Flying Knee"],"picked":"SKIP","floor":18},{"not_picked":["Quick Slash+1"],"picked":"SKIP","floor":20},{"not_picked":["Riddle With Holes"],"picked":"SKIP","floor":21},{"not_picked":[],"picked":"Cloak And Dagger","floor":22},{"not_picked":["Dagger Throw+1"],"picked":"SKIP","floor":24}],"player_experience":320934,"relics_obtained":[{"floor":6.0,"key":"FossilizedHelix"},{"floor":8.0,"key":"Potion Belt"},{"floor":9.0,"key":"Pear"},{"floor":10.0,"key":"InkBottle"}],"event_choices":[{"damage_healed":0.0,"max_hp_gain":0.0,"max_hp_loss":0.0,"gold_gain":175.0,"event_name":"Liars Game","player_choice":"AGREE","floor":3.0,"gold_loss":0.0,"damage_taken":0.0,"cards_obtained":["Doubt"]},{"damage_healed":0.0,"max_hp_gain":0.0,"max_hp_loss":0.0,"gold_gain":0.0,"event_name":"Shining Light","player_choice":"Ignored","floor":4.0,"gold_loss":0.0,"damage_taken":0.0},{"damage_healed":0,"gold_gain":0,"player_choice":"Read","damage_taken":0,"max_hp_gain":0,"max_hp_loss":0,"event_name":"The Library","floor":19,"gold_loss":0,"cards_obtained":["Blade Dance"]}],"is_beta":false,"boss_relics":[{"not_picked":["Runic Dome","Sozu"],"picked":"Busted Crown"}],"items_purged_floors":[5],"is_endless":false,"potions_floor_spawned":[6,8,11,16,20,22],"killed_by":"Centurion and Healer","ascension_level":11}}