{"host":"hw9lt6p3yhr90vz0","time":1613202004,"event":{"mods":["BaseMod","DeckTracker","Minty Spire (QoL Compilation)","Relic Stats"],"gold_per_floor":[113,87,99,99,113,144,144,155,179,198,223,398,414,431,431,527,527,540,393,406,406,423,423,433,433,433],"floor_reached":25,"language":"ENG","playtime":2141,"items_purged":["Doubt"],"score":293,"play_id":"fff7dc68-7999-487f-b9a6-46fd6d2236fd","local_time":"20210213024004","is_ascension_mode":true,"campfire_choices":[{"floor":7.0,"key":"RECALL"},{"data":"Blade Dance","floor":15.0,"key":"SMITH"},{"floor":23,"key":"REST"}],"circlet_count":0,"master_deck":["Strike_G","Strike_G","Strike_G","Strike_G","Defend_G","Defend_G","Defend_G","Defend_G","Defend_G","Survivor","Neutralize","Accuracy","Cloak And Dagger","PiercingWail","Blade Dance","Prepared","Adrenaline","Prepared","Blade Dance+1","Bullet Time","Escape Plan+1","Flechettes","Neutralize","PiercingWail","Backstab+1"],"relics":["Sozu","Vajra","Orichalcum","Snecko Eye"],"acts_visited":["Exordium","TheCity"],"potions_floor_usage":[],"damage_taken":[{"damage":0.0,"enemies":"Cultist","floor":1.0,"turns":4.0},{"damage":2.0,"enemies":"Small Slimes","floor":3.0,"turns":4.0},{"damage":0.0,"enemies":"Jaw Worm","floor":5.0,"turns":5.0},{"damage":4.0,"enemies":"3 Sentries","floor":6.0,"turns":9.0},{"damage":0.0,"enemies":"Exordium Thugs","floor":8.0,"turns":4.0},{"damage":3.0,"enemies":"Large Slime","floor":10.0,"turns":6.0},{"damage":9.0,"enemies":"Lagavulin","floor":11.0,"turns":7.0},{"damage":0.0,"enemies":"2 Fungi Beasts","floor":13.0,"turns":2.0},{"damage":0.0,"enemies":"Exordium Wildlife","floor":14.0,"turns":2.0},{"damage":12.0,"enemies":"Slime Boss","floor":16.0,"turns":7.0},{"damage":14.0,"enemies":"3 Byrds","floor":18.0,"turns":5.0},{"damage":0.0,"enemies":"Spheric Guardian","floor":20.0,"turns":3.0},{"damage":11,"enemies":"Centurion and Healer","floor":22,"turns":5},{"damage":21,"enemies":"Sentry and Sphere","floor":24,"turns":5},{"damage":44,"enemies":"Book of Stabbing","floor":25,"turns":5}],"seed_played":"8599517456273775248","potions_obtained":[],"is_trial":false,"path_per_floor":["M","$","M","?","M","E","R","M","T","M","E","?","M","M","R","B",null,"M","$","M","?","M","R","M","E"],"character_chosen":"THE_SILENT","items_purchased":["Cloak And Dagger","Flechettes"],"campfire_rested":1,"item_purchase_floors":[2,19],"current_hp_per_floor":[63,63,61,61,61,57,57,57,57,54,45,45,45,45,45,33,61,47,47,47,47,36,57,36,0,0],"gold":433,"neow_bonus":"BOSS_RELIC","is_daily":false,"chose_seed":false,"campfire_upgraded":1,"win_rate":0.0,"timestamp":1613202004,"path_taken":["M","?","M","?","M","E","R","M","T","?","E","?","M","M","R","BOSS","M","$","M","?","?","R","M","E"],"items_purchased_type":["Card","Card"],"build_version":"2020-12-22","purchased_purges":1,"victory":false,"max_hp_per_floor":[70,70,70,70,70,70,70,70,70,70,70,70,70,70,70,70,70,70,70,70,70,70,70,70,70,70],"relic_stats":{"Sozu":5,"counters":[15,73],"Snecko Eye":[45,36,46,43],"Orichalcum":[36],"obtain_stats":[{"Sozu":0,"Vajra":6,"Snecko Eye":17,"Orichalcum":11,"Ring of the Snake":0},{"Sozu":0,"Vajra":4,"Snecko Eye":10,"Orichalcum":7,"Ring of the Snake":0},{"Sozu":0,"Vajra":22,"Snecko Eye":50,"Orichalcum":39,"Ring of the Snake":0}]},"card_choices":[{"not_picked":["Slice","Dagger Throw"],"picked":"Accuracy","floor":1.0},{"not_picked":["Dodge and Roll","Slice"],"picked":"PiercingWail","floor":3.0},{"not_picked":["Bane","Slice"],"picked":"Blade Dance","floor":5.0},{"not_picked":["Bane","Concentrate","Flying Knee"],"picked":"SKIP","floor":6.0},{"not_picked":["Choke","Well Laid Plans"],"picked":"Prepared","floor":8.0},{"not_picked":["PiercingWail","Well Laid Plans"],"picked":"Adrenaline","floor":10.0},{"not_picked":["Skewer","Concentrate","Dagger Throw"],"picked":"SKIP","floor":11.0},{"not_picked":["Well Laid Plans","PiercingWail"],"picked":"Prepared","floor":13.0},{"not_picked":["Sucker Punch","Catalyst"],"picked":"Blade Dance","floor":14.0},{"not_picked":["Glass Knife","Tools of the Trade"],"picked":"Bullet Time","floor":16.0},{"not_picked":["All Out Attack","Bane"],"picked":"Escape Plan+1","floor":18.0},{"not_picked":["Deadly Poison","Underhanded Strike","Outmaneuver"],"picked":"SKIP","floor":20.0},{"not_picked":["Quick Slash","Prepared"],"picked":"PiercingWail","floor":22},{"not_picked":["Poisoned Stab","Underhanded Strike"],"picked":"Backstab+1","floor":24}],"player_experience":1442072,"relics_obtained":[{"floor":6.0,"key":"Vajra"},{"floor":11.0,"key":"Orichalcum"}],"event_choices":[{"cards_removed":["Strike_G"],"damage_healed":0.0,"max_hp_gain":0.0,"max_hp_loss":0.0,"gold_gain":0.0,"event_name":"Bonfire Elementals","player_choice":"Offered Basic","floor":4.0,"gold_loss":0.0,"damage_taken":0.0},{"damage_healed":0.0,"max_hp_gain":0.0,"max_hp_loss":0.0,"gold_gain":175.0,"event_name":"Liars Game","player_choice":"AGREE","floor":12.0,"gold_loss":0.0,"damage_taken":0.0,"cards_obtained":["Doubt"]},{"damage_healed":0.0,"max_hp_gain":0.0,"max_hp_loss":0.0,"gold_gain":0.0,"event_name":"Match and Keep!","player_choice":"1 cards matched","floor":21.0,"gold_loss":0.0,"damage_taken":0.0,"cards_obtained":["Neutralize"]}],"is_beta":false,"boss_relics":[{"not_picked":["Philosopher\u0027s Stone","Coffee Dripper"],"picked":"Snecko Eye"}],"items_purged_floors":[19],"is_endless":false,"potions_floor_spawned":[3,5,8,13,22],"killed_by":"Book of Stabbing","ascension_level":7}}