{"host":"2lo6hma6kymb0g9i","time":1613208103,"event":{"mods":["BaseMod","Colored Map","DeckTracker","Minty Spire (QoL Compilation)"],"gold_per_floor":[215,235,160,160,84,84,113,131,131,145,157,175,206,218,218,292,292,270,270,280,297,313,313,363,363,386,386,404,439,457,492,492,492,492],"floor_reached":33,"language":"JPN","playtime":2038,"items_purged":[],"score":602,"play_id":"1dc95ccb-66f2-4e01-8d66-ed02b9d3d31c","local_time":"20210213182143","is_ascension_mode":true,"campfire_choices":[{"data":"Bash","floor":6.0,"key":"SMITH"},{"data":"Heavy Blade","floor":15.0,"key":"SMITH"},{"data":"Shrug It Off","floor":23.0,"key":"SMITH"},{"data":"Bludgeon","floor":25.0,"key":"SMITH"},{"data":"Sword Boomerang","floor":27.0,"key":"SMITH"},{"data":"Whirlwind","floor":32.0,"key":"SMITH"}],"circlet_count":0,"master_deck":["AscendersBane","Strike_R","Strike_R","Strike_R","Strike_R","Defend_R","Defend_R","Defend_R","Defend_R","Bash+1","Fire Breathing","Spot Weakness","Feel No Pain","Heavy Blade+1","Shrug It Off","Ghostly Armor","Twin Strike","Flame Barrier","Shrug It Off+1","Bludgeon+1","Sword Boomerang+1","Dropkick+1","Blood for Blood+1","Whirlwind+1","Pommel Strike"],"relics":["Burning Blood","Pantograph","Meat on the Bone","Magic Flower","SlaversCollar","Red Skull","PreservedInsect","Torii"],"acts_visited":["Exordium","TheCity"],"potions_floor_usage":[33],"damage_taken":[{"damage":7.0,"enemies":"Jaw Worm","floor":1.0,"turns":3.0},{"damage":18.0,"enemies":"Small Slimes","floor":2.0,"turns":5.0},{"damage":40.0,"enemies":"Lagavulin","floor":7.0,"turns":6.0},{"damage":1.0,"enemies":"Cultist","floor":8.0,"turns":3.0},{"damage":19.0,"enemies":"Large Slime","floor":10.0,"turns":6.0},{"damage":13.0,"enemies":"Red Slaver","floor":11.0,"turns":5.0},{"damage":8.0,"enemies":"2 Fungi Beasts","floor":12.0,"turns":4.0},{"damage":32.0,"enemies":"Gremlin Nob","floor":13.0,"turns":4.0},{"damage":21.0,"enemies":"Gremlin Gang","floor":14.0,"turns":9.0},{"damage":45.0,"enemies":"The Guardian","floor":16.0,"turns":16.0},{"damage":33.0,"enemies":"2 Thieves","floor":18.0,"turns":4.0},{"damage":13.0,"enemies":"Shell Parasite","floor":20.0,"turns":8.0},{"damage":23.0,"enemies":"Snake Plant","floor":21.0,"turns":4.0},{"damage":35.0,"enemies":"Shelled Parasite and Fungi","floor":22.0,"turns":6.0},{"damage":7.0,"enemies":"Snecko","floor":28.0,"turns":4.0},{"damage":43.0,"enemies":"Gremlin Leader","floor":29.0,"turns":4.0},{"damage":33.0,"enemies":"Sentry and Sphere","floor":30.0,"turns":5.0},{"damage":25.0,"enemies":"Slavers","floor":31.0,"turns":4.0},{"damage":93,"enemies":"Collector","floor":33,"turns":7}],"seed_played":"429076304494849093","potions_obtained":[{"floor":1.0,"key":"DuplicationPotion"},{"floor":7.0,"key":"SteroidPotion"},{"floor":8.0,"key":"SkillPotion"},{"floor":13.0,"key":"Weak Potion"},{"floor":14.0,"key":"GamblersBrew"},{"floor":19.0,"key":"Weak Potion"},{"floor":19.0,"key":"HeartOfIron"},{"floor":20.0,"key":"LiquidMemories"},{"floor":28.0,"key":"SkillPotion"},{"floor":31.0,"key":"BlessingOfTheForge"}],"is_trial":false,"path_per_floor":["M","M","?","?","$","R","E","M","T","M","M","M","E","M","R","B",null,"M","?","M","M","M","R","?","R","T","R","M","E","M","E","R","B"],"character_chosen":"IRONCLAD","items_purchased":["Feel No Pain"],"campfire_rested":0,"item_purchase_floors":[5],"current_hp_per_floor":[67,55,55,55,55,55,21,26,26,25,30,40,26,32,32,52,69,63,63,59,63,55,55,48,48,48,48,50,34,28,30,30,0,0],"gold":492,"neow_bonus":"HUNDRED_GOLD","is_daily":false,"chose_seed":false,"campfire_upgraded":6,"win_rate":0.0,"timestamp":1613208103,"path_taken":["M","M","?","?","$","R","E","M","T","M","M","?","E","M","R","BOSS","M","?","M","?","M","R","?","R","T","R","?","E","M","E","R","BOSS"],"items_purchased_type":["Card"],"build_version":"2020-12-22","purchased_purges":0,"victory":false,"max_hp_per_floor":[75,75,75,75,75,75,75,75,75,75,75,75,75,75,75,75,75,75,75,75,75,75,75,75,75,75,75,75,75,75,75,75,75,75],"card_choices":[{"not_picked":["Clash","Havoc"],"picked":"Fire Breathing","floor":1.0},{"not_picked":["Body Slam","Iron Wave"],"picked":"Spot Weakness","floor":2.0},{"not_picked":["Feel No Pain","Headbutt"],"picked":"Heavy Blade","floor":7.0},{"not_picked":["Flex","Dual Wield"],"picked":"Shrug It Off","floor":8.0},{"not_picked":["Warcry","Perfected Strike","Inflame"],"picked":"SKIP","floor":10.0},{"not_picked":["Body Slam","Wild Strike"],"picked":"Ghostly Armor","floor":11.0},{"not_picked":["Clash","Armaments"],"picked":"Twin Strike","floor":12.0},{"not_picked":["Sever Soul","True Grit"],"picked":"Flame Barrier","floor":13.0},{"not_picked":["Armaments","Warcry"],"picked":"Shrug It Off","floor":14.0},{"not_picked":["Barricade","Brutality"],"picked":"Bludgeon","floor":16.0},{"not_picked":["Clothesline","Carnage"],"picked":"Sword Boomerang","floor":18.0},{"not_picked":["Power Through","Sword Boomerang"],"picked":"Dropkick+1","floor":20.0},{"not_picked":["Warcry+1","Cleave+1"],"picked":"Blood for Blood+1","floor":21.0},{"not_picked":["Blood for Blood","Havoc","Body Slam"],"picked":"SKIP","floor":22.0},{"not_picked":["Power Through","Body Slam"],"picked":"Whirlwind","floor":28.0},{"not_picked":["Dark Embrace","Sever Soul"],"picked":"Pommel Strike","floor":29.0},{"not_picked":["Havoc+1","True Grit","Headbutt"],"picked":"SKIP","floor":30.0},{"not_picked":["Hemokinesis","Bloodletting","Feel No Pain"],"picked":"SKIP","floor":31.0}],"player_experience":1185933,"relics_obtained":[{"floor":7.0,"key":"Pantograph"},{"floor":9.0,"key":"Meat on the Bone"},{"floor":13.0,"key":"Magic Flower"},{"floor":26.0,"key":"Red Skull"},{"floor":29.0,"key":"PreservedInsect"},{"floor":31.0,"key":"Torii"}],"event_choices":[{"cards_removed":["Strike_R"],"damage_healed":0.0,"max_hp_gain":0.0,"max_hp_loss":0.0,"gold_gain":0.0,"event_name":"The Cleric","player_choice":"Card Removal","floor":3.0,"gold_loss":75.0,"damage_taken":0.0},{"damage_healed":0.0,"max_hp_gain":0.0,"max_hp_loss":0.0,"gold_gain":0.0,"event_name":"Match and Keep!","player_choice":"0 cards matched","floor":4.0,"gold_loss":0.0,"damage_taken":0.0,"cards_obtained":[]},{"damage_healed":0.0,"max_hp_gain":0.0,"max_hp_loss":0.0,"gold_gain":0.0,"event_name":"Lab","player_choice":"Got Potions","floor":19.0,"gold_loss":0.0,"damage_taken":0.0},{"damage_healed":0.0,"max_hp_gain":0.0,"max_hp_loss":0.0,"gold_gain":50.0,"event_name":"FaceTrader","player_choice":"Touch","floor":24.0,"gold_loss":0.0,"damage_taken":7.0}],"is_beta":false,"boss_relics":[{"not_picked":["Ectoplasm","Runic Cube"],"picked":"SlaversCollar"}],"items_purged_floors":[],"is_endless":false,"potions_floor_spawned":[1,7,8,13,14,20,28,31],"killed_by":"Collector","ascension_level":20}}