{"host":"c97twqu0op5dg8i4","time":1613258109,"event":{"mods":["AchievementEnabler","BaseMod","Colored Map","Minty Spire (QoL Compilation)","Permanent Neow"],"gold_per_floor":[365,365,365,365,18,0,0,35,35,61,61,61,61,61,72,89,89,89,89],"floor_reached":18,"language":"ENG","playtime":369,"items_purged":["Strike_G"],"score":170,"play_id":"0feba091-79e4-4249-9c1f-22219d396241","local_time":"20210213181509","is_ascension_mode":true,"campfire_choices":[{"data":"Blade Dance","floor":7,"key":"SMITH"},{"floor":9,"key":"REST"},{"data":"Cloak And Dagger","floor":12,"key":"SMITH"},{"floor":17,"key":"REST"}],"circlet_count":0,"master_deck":["AscendersBane","Strike_G","Strike_G","Strike_G","Defend_G","Defend_G","Defend_G","Defend_G","Defend_G","Survivor","Neutralize","Calculated Gamble","Blade Dance+1","Infinite Blades","Cloak And Dagger+1","Deflect"],"relics":["Ring of the Snake","Boot","Omamori","Potion Belt","Lantern"],"acts_visited":["Exordium"],"potions_floor_usage":[8,18,18],"damage_taken":[{"damage":10,"enemies":"Cultist","floor":1,"turns":4},{"damage":22,"enemies":"Gremlin Nob","floor":8,"turns":4},{"damage":0,"enemies":"2 Louse","floor":15,"turns":1},{"damage":6,"enemies":"Looter","floor":16,"turns":3},{"damage":48,"enemies":"Hexaghost","floor":18,"turns":14}],"seed_played":"-4135583126273339342","potions_obtained":[{"floor":1,"key":"Swift Potion"},{"floor":3,"key":"AttackPotion"},{"floor":8,"key":"LiquidMemories"}],"is_trial":false,"path_per_floor":["M","?","?","M","$","?","R","E","R","T","T","R","$","?","M","M","R","B"],"character_chosen":"THE_SILENT","items_purchased":["Blade Dance","Infinite Blades","Boot"],"campfire_rested":2,"item_purchase_floors":[5,5,5],"current_hp_per_floor":[35,28,28,28,28,28,28,6,27,27,27,27,27,27,27,21,42,0,0],"gold":89,"neow_bonus":"TWO_FIFTY_GOLD","is_daily":false,"chose_seed":false,"campfire_upgraded":2,"win_rate":0.0,"timestamp":1613258109,"path_taken":["M","?","?","?","$","?","R","E","R","T","T","R","$","?","M","M","R","BOSS"],"items_purchased_type":["Card","Card","Relic"],"build_version":"2020-12-22","purchased_purges":1,"victory":false,"max_hp_per_floor":[70,70,70,70,70,70,70,70,70,70,70,70,70,70,70,70,70,70,70],"card_choices":[{"not_picked":["Riddle With Holes","Masterful Stab"],"picked":"Calculated Gamble","floor":1},{"not_picked":["Deadly Poison","Outmaneuver"],"picked":"Cloak And Dagger","floor":8},{"not_picked":["Quick Slash","Well Laid Plans"],"picked":"Deflect","floor":15},{"not_picked":["Quick Slash","Deflect","Dagger Throw"],"picked":"SKIP","floor":16}],"player_experience":405670,"relics_obtained":[{"floor":8,"key":"Omamori"},{"floor":10,"key":"Potion Belt"},{"floor":11,"key":"Lantern"}],"event_choices":[{"cards_removed":["Strike_G"],"damage_healed":0,"gold_gain":0,"player_choice":"Card Removal","damage_taken":7,"max_hp_gain":0,"max_hp_loss":0,"event_name":"Golden Wing","floor":2,"gold_loss":0},{"damage_healed":0,"gold_gain":0,"player_choice":"Got Potions","damage_taken":0,"max_hp_gain":0,"max_hp_loss":0,"event_name":"Lab","floor":3,"gold_loss":0},{"damage_healed":0,"gold_gain":0,"player_choice":"Left Gold","damage_taken":0,"max_hp_gain":0,"max_hp_loss":0,"event_name":"World of Goop","floor":6,"gold_loss":18},{"damage_healed":0,"gold_gain":0,"player_choice":"Ignored","damage_taken":0,"max_hp_gain":0,"max_hp_loss":0,"event_name":"Liars Game","floor":14,"gold_loss":0}],"is_beta":false,"boss_relics":[],"items_purged_floors":[5],"is_endless":false,"potions_floor_spawned":[1,8],"killed_by":"Hexaghost","ascension_level":12}}