{"host":"3fuwgqa6zowkodik","time":1613176722,"event":{"mods":["AchievementEnabler","BaseMod","Better Altar","Better Match","Better Note","Better Sensory Stone","Better Skull","Better Third Choice","Colored Map","Colored Powertips","Downfall","Minty Spire (QoL Compilation)","Random Character Button","Rare Cards Sparkle","Relic Stats","Replay The Spire","StSLib"],"gold_per_floor":[112,112,55,74,91,124,144,144,169,189,189,203,236,255,255,354,354,374,391,391,93,104,104,121,121,145,158,184,37,37,57,57,155,155,168,182,202,202,215,244,244,244,244,264,264,264,282,282,282,295,295,295,295],"floor_reached":52,"language":"ENG","playtime":3057,"items_purged":["Strike_R"],"score":598,"play_id":"7fb4c70d-f1ec-45a9-bc7f-843ddc858db8","local_time":"20210213013842","is_ascension_mode":true,"campfire_choices":[{"data":"Juggernaut","floor":8,"key":"SMITH"},{"data":"Armaments","floor":11,"key":"SMITH"},{"data":"Clothesline","floor":15,"key":"SMITH"},{"data":"Berserk","floor":23,"key":"SMITH"},{"floor":25,"key":"REST"},{"floor":30,"key":"REST"},{"floor":32,"key":"REST"},{"data":"ReplayReversal","floor":41,"key":"SMITH"},{"data":"Seeing Red","floor":46,"key":"SMITH"},{"data":"Whirlwind","floor":49,"key":"SMITH"},{"floor":51,"key":"REST"}],"circlet_count":0,"master_deck":["Strike_R","Strike_R","Strike_R","Defend_R","Defend_R","Defend_R","Defend_R","Bash","Anger","Warcry","Battle Trance","Clash","Juggernaut+1","Armaments+1","Pummel","Clothesline+1","Headbutt","Berserk+1","Metallicize+1","Havoc+1","Whirlwind+1","Shrug It Off+1","Seeing Red+1","Juggernaut+1","Flex","ReplayReversal+1","Ghostly Armor+1","CurseOfTheBell","CurseOfTheBell"],"relics":["Burning Blood","NeowsBlessing","Strawberry","Dream Catcher","Replay:Baseball","Bottled Tornado","Painkiller Herb","Juzu Bracelet","Pet Ghost","Boot","DollysMirror","ChewingGum","Centennial Puzzle","Gremlin Horn","downfall:ExtraCursedBell","Potion Belt","ReplayTheSpireMod:Shallot","StoneCalendar"],"acts_visited":["Exordium","TheCity","TheBeyond"],"potions_floor_usage":[6,10,16,19,22,31,33,39,40,44,52],"damage_taken":[{"damage":0,"enemies":"2 Louse","floor":1,"turns":1},{"damage":0,"enemies":"Small Slimes","floor":4,"turns":1},{"damage":0,"enemies":"Cultist","floor":5,"turns":1},{"damage":16,"enemies":"Replay:BlueRogue","floor":6,"turns":5},{"damage":0,"enemies":"Exordium Wildlife","floor":7,"turns":3},{"damage":0,"enemies":"2 Fungi Beasts","floor":10,"turns":2},{"damage":1,"enemies":"3 Louse","floor":12,"turns":3},{"damage":10,"enemies":"3 Sentries","floor":13,"turns":6},{"damage":6,"enemies":"Looter","floor":14,"turns":2},{"damage":46,"enemies":"Hexaghost","floor":16,"turns":9},{"damage":11,"enemies":"Chosen","floor":18,"turns":4},{"damage":3,"enemies":"Shell Parasite","floor":19,"turns":3},{"damage":27,"enemies":"Sentry and Sphere","floor":22,"turns":4},{"damage":41,"enemies":"Shelled Parasite and Fungi","floor":24,"turns":3},{"damage":32,"enemies":"Snecko","floor":27,"turns":5},{"damage":15,"enemies":"Gremlin Leader","floor":28,"turns":5},{"damage":13,"enemies":"Chosen and Byrds","floor":31,"turns":3},{"damage":31,"enemies":"Champ","floor":33,"turns":8},{"damage":6,"enemies":"Orb Walker","floor":35,"turns":3},{"damage":7,"enemies":"3 Darklings","floor":36,"turns":4},{"damage":18,"enemies":"Jaw Worm Horde","floor":37,"turns":4},{"damage":0,"enemies":"Maw","floor":39,"turns":5},{"damage":3,"enemies":"Nemesis","floor":40,"turns":5},{"damage":0,"enemies":"Sphere and 2 Shapes","floor":44,"turns":3},{"damage":30,"enemies":"Jaw Worm Horde","floor":47,"turns":3},{"damage":15,"enemies":"Spire Growth","floor":50,"turns":3},{"damage":89,"enemies":"Awakened One","floor":52,"turns":9}],"seed_played":"-4402284742598527587","potions_obtained":[{"floor":4,"key":"Ancient Potion"},{"floor":5,"key":"Weak Potion"},{"floor":7,"key":"Fire Potion"},{"floor":13,"key":"DuplicationPotion"},{"floor":16,"key":"Elixir"},{"floor":18,"key":"Swift Potion"},{"floor":27,"key":"SteroidPotion"},{"floor":28,"key":"Explosive Potion"},{"floor":37,"key":"PowerPotion"},{"floor":39,"key":"Dexterity Potion"},{"floor":40,"key":"Block Potion"}],"is_trial":false,"path_per_floor":["M","?","?","M","M","E","M","R","T","M","R","M","E","M","R","B",null,"?","?","?","T","?","T","?","T","T","?","E","T","T","?","T","B",null,"?","?","?","T","?","E","T","PTL","PTL","?","T","T","?","?","T","?","T","B"],"character_chosen":"IRONCLAD","items_purchased":["Whirlwind","Juzu Bracelet","DollysMirror"],"campfire_rested":4,"item_purchase_floors":[21,21,29],"current_hp_per_floor":[80,80,87,87,87,77,83,83,83,87,87,87,83,83,83,43,87,82,85,85,85,64,64,29,55,55,29,20,20,46,39,65,40,87,87,86,74,74,80,83,83,83,83,87,87,87,63,63,63,54,80,0,0],"gold":295,"neow_bonus":"THREE_ENEMY_KILL","is_daily":false,"chose_seed":false,"campfire_upgraded":7,"win_rate":0.0,"timestamp":1613176722,"path_taken":["M","?","?","M","?","E","M","R","T","M","R","M","E","M","R","BOSS","?","?","?","T","?","T","?","T","T","?","E","T","T","?","T","BOSS","?","?","?","T","?","E","T","PTL","PTL","?","T","T","?","?","T","?","T","BOSS"],"items_purchased_type":["Card","Relic","Relic"],"build_version":"2020-12-22","purchased_purges":1,"victory":false,"max_hp_per_floor":[80,80,87,87,87,87,87,87,87,87,87,87,87,87,87,87,87,87,87,87,87,87,87,87,87,87,87,87,87,87,87,87,87,87,87,87,87,87,87,87,87,87,87,87,87,87,87,87,87,87,87,87,87],"relic_stats":{"Dream Catcher":4,"Centennial Puzzle":[9],"Gremlin Horn":[5,5],"counters":[27,107],"StoneCalendar":[0],"Juzu Bracelet":0,"Boot":[125],"obtain_stats":[{"Potion Belt":48,"NeowsBlessing":0,"Gremlin Horn":45,"Painkiller Herb":17,"StoneCalendar":48,"Juzu Bracelet":21,"Bottled Tornado":13,"Boot":28,"Burning Blood":0,"Pet Ghost":26,"Dream Catcher":6,"Replay:Baseball":9,"Centennial Puzzle":40,"ReplayTheSpireMod:Shallot":48,"DollysMirror":29,"Strawberry":3,"ChewingGum":34,"downfall:ExtraCursedBell":48},{"Potion Belt":25,"NeowsBlessing":0,"Gremlin Horn":24,"Painkiller Herb":10,"StoneCalendar":25,"Juzu Bracelet":12,"Bottled Tornado":8,"Boot":16,"Burning Blood":0,"Pet Ghost":14,"Dream Catcher":4,"Replay:Baseball":5,"Centennial Puzzle":23,"ReplayTheSpireMod:Shallot":25,"DollysMirror":16,"Strawberry":1,"ChewingGum":18,"downfall:ExtraCursedBell":25},{"Potion Belt":95,"NeowsBlessing":0,"Gremlin Horn":92,"Painkiller Herb":33,"StoneCalendar":95,"Juzu Bracelet":40,"Bottled Tornado":22,"Boot":57,"Burning Blood":0,"Pet Ghost":47,"Dream Catcher":8,"Replay:Baseball":11,"Centennial Puzzle":89,"ReplayTheSpireMod:Shallot":95,"DollysMirror":57,"Strawberry":1,"ChewingGum":68,"downfall:ExtraCursedBell":95}],"Burning Blood":129},"card_choices":[{"not_picked":["Heavy Blade","Dual Wield"],"picked":"Anger","floor":1},{"not_picked":["ReplayTheSpireMod:Strike From Hell","Iron Wave"],"picked":"Battle Trance","floor":4},{"not_picked":["Evolve","True Grit"],"picked":"Clash","floor":5},{"not_picked":["Body Slam","Pommel Strike"],"picked":"Juggernaut","floor":6},{"not_picked":["Clash","True Grit"],"picked":"Armaments","floor":7},{"not_picked":["ReplayTheSpireMod:LeadingStrike","Carnage","Clash"],"picked":"SKIP","floor":10},{"not_picked":["Anger","Bludgeon"],"picked":"Pummel","floor":12},{"not_picked":["Perfected Strike","Carnage"],"picked":"Clothesline","floor":13},{"not_picked":["Armaments","Warcry"],"picked":"Headbutt","floor":14},{"not_picked":["Brutality","Hemogenesis"],"picked":"Berserk","floor":16},{"not_picked":["Run Through","Warcry+1"],"picked":"Metallicize+1","floor":18},{"not_picked":["Wild Strike","Blood for Blood"],"picked":"Havoc+1","floor":19},{"not_picked":["Searing Blow","True Grit+1"],"picked":"Shrug It Off+1","floor":22},{"not_picked":["ReplayTheSpireMod:Strike From Hell","Pommel Strike"],"picked":"Seeing Red","floor":24},{"not_picked":["Dropkick+1","Anger","Thunderclap"],"picked":"SKIP","floor":27},{"not_picked":["Uppercut","Evolve","Sword Boomerang"],"picked":"SKIP","floor":28},{"not_picked":["Warcry+1","Clash"],"picked":"Flex","floor":31},{"not_picked":["Perfected Strike+1","Whirlwind","Warcry"],"picked":"SKIP","floor":35},{"not_picked":["Twin Strike+1","Evolve"],"picked":"ReplayReversal","floor":36},{"not_picked":["Flex","Evolve+1","Iron Wave"],"picked":"SKIP","floor":37},{"not_picked":["Reaper","Heavy Blade+1"],"picked":"Ghostly Armor+1","floor":39},{"not_picked":["Thunderclap","ReplayTheSpireMod:Strike From Hell+1","Armaments+1"],"picked":"SKIP","floor":40},{"not_picked":["ReplayTheSpireMod:Muscle Training","Dark Embrace+1","Flex"],"picked":"SKIP","floor":44},{"not_picked":["Clothesline+1","Sword Boomerang","True Grit+1"],"picked":"SKIP","floor":47},{"not_picked":["Anger+1","Intimidate","Run Through"],"picked":"SKIP","floor":50}],"player_experience":146319,"relics_obtained":[{"floor":6,"key":"Dream Catcher"},{"floor":9,"key":"Replay:Baseball"},{"floor":13,"key":"Bottled Tornado"},{"floor":26,"key":"Pet Ghost"},{"floor":28,"key":"Boot"},{"floor":40,"key":"Centennial Puzzle"},{"floor":45,"key":"Gremlin Horn"},{"floor":48,"key":"Potion Belt"},{"floor":48,"key":"ReplayTheSpireMod:Shallot"},{"floor":48,"key":"StoneCalendar"}],"event_choices":[{"damage_healed":0,"gold_gain":0,"cards_transformed":["Strike_R"],"player_choice":"Change","damage_taken":0,"max_hp_gain":0,"max_hp_loss":0,"event_name":"Living Wall","floor":2,"gold_loss":0,"cards_obtained":["Warcry"]},{"damage_healed":0,"gold_gain":0,"player_choice":"Paid Gold","damage_taken":0,"relics_obtained":["Strawberry"],"max_hp_gain":0,"max_hp_loss":0,"event_name":"WeMeetAgain","floor":3,"gold_loss":57}],"is_beta":false,"boss_relics":[{"not_picked":["Cursed Key","Coffee Dripper"],"picked":"Painkiller Herb"},{"not_picked":["Snecko Eye","Pandora\u0027s Box"],"picked":"ChewingGum"}],"items_purged_floors":[21],"is_endless":false,"potions_floor_spawned":[4,5,7,13,16,18,27,28,37,39,40],"killed_by":"Awakened One","ascension_level":3}}