{"host":"tia00321x3ndnwo4","time":1613189754,"event":{"mods":["2.2 Compatiblity","BaseMod","Bestiary","Colored Map","Colored Powertips","Curses Come First","Downfall","Highlight Path","Minty Spire (QoL Compilation)","Relic Stats","Slay the Relics Exporter","StSLib","SuperFastMode"],"gold_per_floor":[99,113,113,128,140,165,165,184,184,213,213,242,242,127,137,237,237,237,252,252,252,252],"floor_reached":20,"language":"ENG","playtime":999,"items_purged":["hexamod:Strike"],"score":242,"play_id":"7550e6eb-4131-45fc-91d2-b8bf3eb254c5","local_time":"20210212201554","is_ascension_mode":false,"campfire_choices":[{"data":"hexamod:Float","floor":1,"key":"SMITH"},{"data":"hexamod:BurningTouch","floor":9,"key":"SMITH"},{"data":"hexamod:TimeWarp","floor":11,"key":"SMITH"},{"floor":13,"key":"REST"},{"data":"hexamod:HeatMetal","floor":18,"key":"SMITH"}],"circlet_count":0,"master_deck":["hexamod:Strike","hexamod:Strike","hexamod:Strike","hexamod:Defend","hexamod:Defend","hexamod:Defend","hexamod:Sear","hexamod:Float+1","hexamod:ThirdSeal","hexamod:RetreatToShadows","hexamod:Again","hexamod:BurningTouch","hexamod:BurningTouch+1","hexamod:Rewind","hexamod:HeatCrush","hexamod:FastForward","hexamod:FastForward","hexamod:StepThrough","hexamod:TimeWarp+1","hexamod:DynamicBlow","hexamod:TimeOfNeed","hexamod:Hexaguard","hexamod:HauntingEcho","hexamod:HeatMetal+1","hexamod:CatchUp","hexamod:VolcanoVisage","hexamod:VolcanoVisage","hexamod:PhantomFireball","hexamod:FirstSeal"],"relics":["hexamod:SpiritBrand","WingedGreaves","Matryoshka","Vajra","Eternal Feather","Black Star"],"acts_visited":["Exordium","TheCity"],"potions_floor_usage":[10,12,12,16,16],"damage_taken":[{"damage":10,"enemies":"Small Slimes","floor":2,"turns":5},{"damage":0,"enemies":"Cultist","floor":4,"turns":3},{"damage":1,"enemies":"Jaw Worm","floor":5,"turns":4},{"damage":15,"enemies":"Lagavulin","floor":6,"turns":6},{"damage":1,"enemies":"3 Louse","floor":8,"turns":4},{"damage":31,"enemies":"3 Sentries","floor":10,"turns":7},{"damage":11,"enemies":"Gremlin Nob","floor":12,"turns":3},{"damage":0,"enemies":"downfall:FleeingMerchant","floor":14,"turns":4},{"damage":2,"enemies":"Blue Slaver","floor":15,"turns":3},{"damage":6,"enemies":"WA_ARCHETYPE_RETAIN","floor":16,"turns":5},{"damage":53,"enemies":"3 Byrds","floor":19,"turns":5},{"damage":25,"enemies":"Spheric Guardian","floor":20,"turns":4}],"seed_played":"-8157237789964628159","potions_obtained":[{"floor":5,"key":"hexamod:SoulburnPotion"},{"floor":8,"key":"FearPotion"},{"floor":10,"key":"hexamod:EctoCoolerPotion"},{"floor":12,"key":"hexamod:SoulburnPotion"},{"floor":15,"key":"EssenceOfSteel"}],"is_trial":false,"path_per_floor":["R","M","?","M","M","E","T","M","R","E","R","E","R","$","M","B",null,"R","M","M"],"character_chosen":"THE_SPIRIT","items_purchased":["hexamod:HauntingEcho"],"campfire_rested":1,"item_purchase_floors":[14],"current_hp_per_floor":[77,67,67,67,66,51,51,50,50,19,19,8,43,43,41,35,77,77,24,0,0,0],"gold":252,"neow_bonus":"TEN_PERCENT_HP_BONUS","is_daily":false,"chose_seed":false,"campfire_upgraded":4,"win_rate":0.0,"timestamp":1613189754,"path_taken":["R","M","?","M","?","E","T","M","R","E","R","E","R","$","M","BOSS","R","M","M"],"items_purchased_type":["Card"],"build_version":"2020-12-22","purchased_purges":1,"victory":false,"max_hp_per_floor":[77,77,77,77,77,77,77,77,77,77,77,77,77,77,77,77,77,77,77,77,77,77],"relic_stats":{"counters":[12,53],"Eternal Feather":12,"Black Star":0,"obtain_stats":[{"Matryoshka":7,"Vajra":10,"Eternal Feather":12,"WingedGreaves":6,"Black Star":17,"hexamod:SpiritBrand":0},{"Matryoshka":4,"Vajra":6,"Eternal Feather":7,"WingedGreaves":4,"Black Star":10,"hexamod:SpiritBrand":0},{"Matryoshka":18,"Vajra":29,"Eternal Feather":32,"WingedGreaves":18,"Black Star":44,"hexamod:SpiritBrand":0}]},"card_choices":[{"not_picked":["hexamod:Firestarter","hexamod:BacktrackSmack"],"picked":"hexamod:ThirdSeal","floor":2},{"not_picked":["hexamod:GhostOfSpirePast","hexamod:HeatCrush"],"picked":"hexamod:RetreatToShadows","floor":4},{"not_picked":["hexamod:Hexaguard","hexamod:InspiringFlames"],"picked":"hexamod:Again","floor":4},{"not_picked":["hexamod:ThirdSeal","hexamod:ThermalTransfer"],"picked":"hexamod:BurningTouch","floor":5},{"not_picked":["hexamod:ThermalTransfer","hexamod:RetreatToShadows"],"picked":"hexamod:BurningTouch","floor":5},{"not_picked":["hexamod:FastForward","hexamod:SpectersWail"],"picked":"hexamod:Rewind","floor":6},{"not_picked":["hexamod:ThermalTransfer","hexamod:Hexaguard"],"picked":"hexamod:HeatCrush","floor":6},{"not_picked":["hexamod:ThirdSeal","hexamod:GhostLash"],"picked":"hexamod:FastForward","floor":8},{"not_picked":["hexamod:NightmareGuise","hexamod:Again"],"picked":"hexamod:FastForward","floor":8},{"not_picked":["hexamod:SpectralAdrenaline","hexamod:ThermalTransfer"],"picked":"hexamod:StepThrough","floor":10},{"not_picked":["hexamod:NightmareStrike","hexamod:RetreatToShadows"],"picked":"hexamod:TimeWarp","floor":10},{"not_picked":["hexamod:SkipABeat","hexamod:NightmareStrike"],"picked":"hexamod:DynamicBlow","floor":12},{"not_picked":["hexamod:SpectralAdrenaline","hexamod:Firestarter"],"picked":"hexamod:TimeOfNeed","floor":14},{"not_picked":["hexamod:InspiringFlames","hexamod:Incineration"],"picked":"hexamod:Hexaguard","floor":14},{"not_picked":["hexamod:HauntingEcho","hexamod:NightmareStrike"],"picked":"hexamod:HeatMetal","floor":15},{"not_picked":["hexamod:ThermalTransfer","hexamod:BacktrackSmack"],"picked":"hexamod:CatchUp","floor":15},{"not_picked":["hexamod:TimeWarp","hexamod:HexaLevel"],"picked":"hexamod:VolcanoVisage","floor":16},{"not_picked":["hexamod:UnlimitedPower","hexamod:FifthSeal"],"picked":"hexamod:VolcanoVisage","floor":16},{"not_picked":["hexamod:BacktrackSmack","hexamod:EtherealExpedition+1"],"picked":"hexamod:PhantomFireball","floor":19},{"not_picked":["hexamod:HauntingEcho","hexamod:FastForward+1"],"picked":"hexamod:FirstSeal","floor":19}],"player_experience":188228,"relics_obtained":[{"floor":6,"key":"WingedGreaves"},{"floor":7,"key":"Matryoshka"},{"floor":10,"key":"Vajra"},{"floor":12,"key":"Eternal Feather"}],"event_choices":[{"cards_removed":["hexamod:Defend"],"damage_healed":0,"gold_gain":0,"player_choice":"Offered Basic","damage_taken":0,"max_hp_gain":0,"max_hp_loss":0,"event_name":"Bonfire Elementals","floor":3,"gold_loss":0}],"is_beta":false,"boss_relics":[{"not_picked":["Runic Dome","SlaversCollar"],"picked":"Black Star"}],"items_purged_floors":[14],"is_endless":false,"potions_floor_spawned":[5,8,10,12,15],"killed_by":"Spheric Guardian","ascension_level":0}}