{"host":"hi7fki77kkmhrce8","time":1613177274,"event":{"mods":["AchievementEnabler","BaseMod","Colored Map","Colored Powertips","Downfall","Minty Spire (QoL Compilation)","Relic Stats","Replay The Spire","StSLib","SuperFastMode"],"gold_per_floor":[109,284,298,308,407,436,448,448,448,476,476,476,476],"floor_reached":12,"language":"ENG","playtime":685,"items_purged":[],"score":88,"play_id":"672886c2-d5b9-495c-b3ff-a19bbf533a74","local_time":"20210212194754","is_ascension_mode":false,"campfire_choices":[{"floor":8,"key":"REST"},{"data":"Flex","floor":11,"key":"SMITH"}],"circlet_count":0,"master_deck":["Strike_R","Strike_R","Strike_R","Strike_R","Strike_R","Defend_R","Defend_R","Defend_R","Defend_R","Bash","Clothesline","Doubt","Flex+1","Thunderclap","Feel No Pain","Replay:Undeath\u0027s Touch","ReplayTheSpireMod:Corrosion Curse","Perfected Strike","Defy Death"],"relics":["Burning Blood","NeowsBlessing","Replay:Baseball","Mummified Hand","Thread and Needle","Replay:Kaleidoscope"],"acts_visited":["Exordium"],"potions_floor_usage":[],"damage_taken":[{"damage":0,"enemies":"Jaw Worm","floor":1,"turns":1},{"damage":0,"enemies":"2 Louse","floor":3,"turns":1},{"damage":0,"enemies":"Small Slimes","floor":4,"turns":1},{"damage":67,"enemies":"Gremlin Nob","floor":6,"turns":6},{"damage":14,"enemies":"Gremlin Gang","floor":7,"turns":5},{"damage":5,"enemies":"Lagavulin","floor":10,"turns":5},{"damage":56,"enemies":"Gremlin Nob","floor":12,"turns":4}],"seed_played":"6514687044405503840","potions_obtained":[{"floor":4,"key":"hexamod:SoulburnPotion"},{"floor":7,"key":"Elixir"}],"is_trial":false,"path_per_floor":["M","?","M","M","?","E","M","R","T","E","R","E"],"character_chosen":"IRONCLAD","items_purchased":[],"campfire_rested":1,"item_purchase_floors":[],"current_hp_per_floor":[80,80,80,80,80,19,11,35,35,36,36,0,0],"gold":476,"neow_bonus":"THREE_ENEMY_KILL","is_daily":false,"chose_seed":false,"campfire_upgraded":1,"win_rate":0.0,"timestamp":1613177274,"path_taken":["M","?","M","M","?","E","M","R","T","E","R","E"],"items_purchased_type":[],"build_version":"2020-12-22","purchased_purges":0,"victory":false,"max_hp_per_floor":[80,80,80,80,80,80,80,80,80,80,80,80,80],"relic_stats":{"counters":[7,23],"Mummified Hand":[2],"obtain_stats":[{"Replay:Baseball":5,"NeowsBlessing":0,"Mummified Hand":6,"Thread and Needle":9,"Replay:Kaleidoscope":10,"Burning Blood":0},{"Replay:Baseball":3,"NeowsBlessing":0,"Mummified Hand":4,"Thread and Needle":5,"Replay:Kaleidoscope":6,"Burning Blood":0},{"Replay:Baseball":3,"NeowsBlessing":0,"Mummified Hand":9,"Thread and Needle":14,"Replay:Kaleidoscope":19,"Burning Blood":0}],"Burning Blood":18},"card_choices":[{"not_picked":["Wild Strike","Body Slam"],"picked":"Clothesline","floor":1},{"not_picked":["Perfected Strike","Replay:Undeath\u0027s Touch"],"picked":"Flex","floor":3},{"not_picked":["Massacre","Dark Embrace"],"picked":"Thunderclap","floor":4},{"not_picked":["Armaments","Body Slam"],"picked":"Feel No Pain","floor":5},{"not_picked":["Thunderclap","Sever Soul"],"picked":"Replay:Undeath\u0027s Touch","floor":5},{"not_picked":["Infernal Blade","Iron Wave"],"picked":"ReplayTheSpireMod:Corrosion Curse","floor":6},{"not_picked":["Bloodletting","Rupture"],"picked":"Perfected Strike","floor":7},{"not_picked":["Power Through","ReplayTheSpireMod:Strike From Hell"],"picked":"Defy Death","floor":10}],"player_experience":157856,"relics_obtained":[{"floor":5,"key":"Replay:Baseball"},{"floor":6,"key":"Mummified Hand"},{"floor":9,"key":"Thread and Needle"},{"floor":10,"key":"Replay:Kaleidoscope"}],"event_choices":[{"damage_healed":0,"gold_gain":175,"player_choice":"AGREE","damage_taken":0,"max_hp_gain":0,"max_hp_loss":0,"event_name":"Liars Game","floor":2,"gold_loss":0,"cards_obtained":["Doubt"]}],"is_beta":false,"boss_relics":[],"items_purged_floors":[],"is_endless":false,"potions_floor_spawned":[4,7],"killed_by":"Gremlin Nob","ascension_level":0}}