{"host":"gxcrkmpoa14hk0os","time":1613225038,"event":{"mods":["AchievementEnabler","BaseMod","Better Third Choice","BetterRewards","Conspire","Hubris","Infinite Spire","Minty Spire (QoL Compilation)","Relic Stats","Replay The Spire","Shop Mod","StSLib"],"gold_per_floor":[111,131,151,161,161,192,207,207,207,223,223,242,242,262,262,361,361,379,391,152,163,195,195,195],"floor_reached":23,"language":"ENG","playtime":1948,"items_purged":["Defend_G"],"score":197,"play_id":"045321c8-2bb7-45e9-8768-e4754a28f0d7","local_time":"20210213080358","is_ascension_mode":false,"campfire_choices":[{"floor":8,"key":"REST"},{"floor":11,"key":"REST"},{"data":"ReplayTheSpireMod:Shiv Toss","floor":13,"key":"SMITH"},{"data":"hubris:Counter","floor":15,"key":"SMITH"}],"circlet_count":0,"master_deck":["Strike_G","Strike_G","Strike_G","Strike_G","Strike_G","Defend_G","Defend_G","Defend_G","Defend_G","Survivor","Neutralize+1","Acrobatics","Cloak And Dagger","hubris:Counter+1","Slice","Deflect","Deflect","ReplayTheSpireMod:Shiv Toss+1","Cloak And Dagger+1","Infinite Blades","Blur","PiercingWail"],"relics":["Ring of the Snake","infinitespire:WardingShard","conspire:SpecialSausage","MerchantsRug","hubris:BundleOfHerbs"],"acts_visited":["Exordium","TheCity"],"potions_floor_usage":[7,16,16,21],"damage_taken":[{"damage":0,"enemies":"Cultist","floor":1,"turns":4},{"damage":3,"enemies":"Jaw Worm","floor":2,"turns":6},{"damage":2,"enemies":"Small Slimes","floor":3,"turns":4},{"damage":4,"enemies":"conspire:2 RoseBushes","floor":4,"turns":12},{"damage":51,"enemies":"Gremlin Nob","floor":6,"turns":6},{"damage":4,"enemies":"Lots of Slimes","floor":7,"turns":9},{"damage":0,"enemies":"Blue Slaver","floor":10,"turns":4},{"damage":2,"enemies":"Large Slime","floor":12,"turns":9},{"damage":1,"enemies":"Exordium Thugs","floor":14,"turns":7},{"damage":42,"enemies":"The Guardian","floor":16,"turns":27},{"damage":0,"enemies":"3 Byrds","floor":18,"turns":10},{"damage":10,"enemies":"conspire:FuzzyDice","floor":19,"turns":7},{"damage":27,"enemies":"Cultist and Chosen","floor":21,"turns":11},{"damage":27,"enemies":"conspire:SneckoGhost","floor":23,"turns":3}],"seed_played":"-9049138155727496809","potions_obtained":[{"floor":2,"key":"Dexterity Potion"},{"floor":6,"key":"GhostInAJar"},{"floor":7,"key":"Explosive Potion"},{"floor":10,"key":"BlessingOfTheForge"},{"floor":19,"key":"Block Potion"},{"floor":21,"key":"Explosive Potion"}],"is_trial":false,"path_per_floor":["M","M","M","M","?","E","M","R","T","M","R","M","R","M","R","B",null,"M","M","$","M","?","E"],"character_chosen":"THE_SILENT","items_purchased":["MerchantsRug","Infinite Blades"],"campfire_rested":2,"item_purchase_floors":[20,20],"current_hp_per_floor":[70,67,65,61,61,10,6,27,27,27,48,46,46,45,45,3,70,70,60,60,33,16,0,0],"gold":195,"neow_bonus":"RANDOM_EVENT","is_daily":false,"chose_seed":false,"campfire_upgraded":2,"win_rate":0.0,"timestamp":1613225038,"path_taken":["M","M","M","M","?","E","M","R","T","M","R","?","R","?","R","BOSS","M","M","$","M","?","E"],"items_purchased_type":["Relic","Card"],"build_version":"2020-12-22","purchased_purges":1,"victory":false,"max_hp_per_floor":[70,70,70,70,70,70,70,70,70,70,70,70,70,70,70,70,70,70,70,70,70,70,70,70],"relic_stats":{"counters":[14,119],"obtain_stats":[{"MerchantsRug":20,"infinitespire:WardingShard":9,"Blue Candle":6,"conspire:SpecialSausage":17,"hubris:BundleOfHerbs":22,"Ring of the Snake":0},{"MerchantsRug":12,"infinitespire:WardingShard":6,"Blue Candle":5,"conspire:SpecialSausage":10,"hubris:BundleOfHerbs":13,"Ring of the Snake":0},{"MerchantsRug":105,"infinitespire:WardingShard":41,"Blue Candle":32,"conspire:SpecialSausage":88,"hubris:BundleOfHerbs":116,"Ring of the Snake":0}],"Ring of the Snake":[28]},"card_choices":[{"not_picked":["Quick Slash","ReplayTheSpireMod:Speed Training"],"picked":"Acrobatics","floor":1},{"not_picked":["Dagger Spray","Poisoned Stab","Setup"],"picked":"SKIP","floor":2},{"not_picked":["Poisoned Stab","Underhanded Strike"],"picked":"Cloak And Dagger","floor":3},{"not_picked":["Fluid Movement","Flying Knee"],"picked":"hubris:Counter","floor":4},{"not_picked":["hubris:SlightOfHand","Caltrops"],"picked":"Slice","floor":6},{"not_picked":["Poisoned Stab","conspire:PoisonWeapons"],"picked":"Deflect","floor":7},{"not_picked":["Poisoned Stab","hubris:Counter"],"picked":"Deflect","floor":10},{"not_picked":["Terror","Dagger Spray"],"picked":"ReplayTheSpireMod:Shiv Toss","floor":12},{"not_picked":["Draining Mist","Bouncing Flask","hubris:SlightOfHand"],"picked":"SKIP","floor":14},{"not_picked":["Outmaneuver","Flying Knee","Bane"],"picked":"SKIP","floor":18},{"not_picked":["ReplayTheSpireMod:Tripwire+1","Backflip"],"picked":"Cloak And Dagger+1","floor":19},{"not_picked":["Flying Knee","Backflip"],"picked":"Blur","floor":21},{"not_picked":["Deflect+1","ReplayTheSpireMod:Scrap Shanks"],"picked":"PiercingWail","floor":22}],"player_experience":599499,"relics_obtained":[{"floor":6,"key":"Blue Candle"},{"floor":9,"key":"infinitespire:WardingShard"},{"floor":22,"key":"hubris:BundleOfHerbs"}],"event_choices":[{"damage_healed":0,"gold_gain":0,"player_choice":"Ignored","damage_taken":0,"max_hp_gain":0,"max_hp_loss":0,"event_name":"NoteForYourself","floor":5,"gold_loss":0}],"is_beta":false,"boss_relics":[{"not_picked":["conspire:SlowCooker","Fusion Hammer"],"picked":"conspire:SpecialSausage"}],"items_purged_floors":[20],"is_endless":false,"potions_floor_spawned":[2,6,7,10,19,21],"killed_by":"conspire:SneckoGhost","ascension_level":0}}