{"host":"344lv32hnei0mdhu","time":1613188812,"event":{"mods":["Act Like it!","BaseMod","Better Match","Better Sensory Stone","Better Skull","Better Third Choice","Better Vampires","Colored Powertips","Highlight Path","Minty Spire (QoL Compilation)","Quick Restart","Random Character Button","Rare Cards Sparkle","StSLib"],"gold_per_floor":[119,119,119,119,139,164,182,4,29,49,9,9,43,69,69,170,170,189,189,204,21,40,40,40,40,85,98,110,145,244,244,244],"floor_reached":31,"language":"ENG","playtime":719,"items_purged":[],"score":621,"play_id":"06b0d62f-2df4-496c-a03a-c29fbbdbcf0f","local_time":"20210212220012","is_ascension_mode":true,"campfire_choices":[{"floor":12.0,"key":"REST"},{"data":"Ragnarok","floor":15.0,"key":"SMITH"},{"floor":23.0,"key":"RECALL"},{"data":"J.A.X.","floor":25,"key":"SMITH"}],"circlet_count":0,"master_deck":["AscendersBane","Strike_P","Strike_P","Strike_P","Defend_P","Defend_P","Defend_P","Defend_P","Eruption","Vigilance","Conclude","Crescendo","Bandage Up","LikeWater","SignatureMove","Worship","Evaluate","Consecrate","Ragnarok+1","Vault","Prostrate+1","Vault","Protect","J.A.X.+1","InnerPeace+1","SpiritShield"],"relics":["HolyWater","NeowsBlessing","Toy Ornithopter","HandDrill","Regal Pillow","betterThird:SlimedRelic","Ancient Tea Set","Membership Card","Centennial Puzzle","Yang"],"acts_visited":["Exordium","TheCity"],"potions_floor_usage":[29],"damage_taken":[{"damage":0.0,"enemies":"Small Slimes","floor":1.0,"turns":1.0},{"damage":0.0,"enemies":"2 Louse","floor":5.0,"turns":1.0},{"damage":0.0,"enemies":"3 Sentries","floor":6.0,"turns":1.0},{"damage":7.0,"enemies":"Jaw Worm","floor":7.0,"turns":2.0},{"damage":14.0,"enemies":"Exordium Wildlife","floor":10.0,"turns":4.0},{"damage":0.0,"enemies":"Lagavulin","floor":13.0,"turns":4.0},{"damage":0.0,"enemies":"Slime Boss","floor":16.0,"turns":3.0},{"damage":0.0,"enemies":"Shell Parasite","floor":18.0,"turns":1.0},{"damage":0.0,"enemies":"Spheric Guardian","floor":20.0,"turns":2.0},{"damage":18.0,"enemies":"Centurion and Healer","floor":22.0,"turns":2.0},{"damage":3,"enemies":"Sentry and Sphere","floor":27,"turns":2},{"damage":19,"enemies":"3 Cultists","floor":28,"turns":5},{"damage":43,"enemies":"Book of Stabbing","floor":29,"turns":8},{"damage":3,"enemies":"Snecko","floor":31,"turns":3}],"seed_played":"-7059907031140832797","potions_obtained":[{"floor":1.0,"key":"FearPotion"},{"floor":6.0,"key":"Swift Potion"},{"floor":7.0,"key":"Fire Potion"},{"floor":13.0,"key":"DuplicationPotion"},{"floor":18.0,"key":"AttackPotion"},{"floor":22.0,"key":"Strength Potion"},{"floor":28,"key":"SneckoOil"}],"is_trial":false,"path_per_floor":["M","?","?","?","M","E","M","$","T","M","?","R","E","T","R","B",null,"M","$","M","$","M","R","?","R","T","M","M","E","?","M"],"character_chosen":"WATCHER","items_purchased":["HandDrill","Evaluate","Membership Card","Vault"],"campfire_rested":1,"item_purchase_floors":[8,8,21,21],"current_hp_per_floor":[65,65,65,65,65,65,58,58,58,53,42,72,72,72,72,72,72,72,72,72,72,54,54,54,54,54,51,36,2,2,0,0],"gold":244,"neow_bonus":"THREE_ENEMY_KILL","is_daily":false,"chose_seed":false,"campfire_upgraded":2,"win_rate":0.0,"timestamp":1613188812,"path_taken":["M","?","?","?","?","E","M","$","T","M","?","R","E","?","R","BOSS","M","$","M","$","M","R","?","R","T","M","M","E","?","M"],"items_purchased_type":["Relic","Card","Relic","Card"],"build_version":"2020-12-22","purchased_purges":0,"victory":false,"max_hp_per_floor":[72,72,72,72,72,72,72,72,72,72,72,72,72,72,72,72,72,72,72,72,72,72,72,72,72,72,72,72,72,72,72,72],"card_choices":[{"not_picked":["CrushJoints","SandsOfTime"],"picked":"Conclude","floor":1.0},{"not_picked":["Blind","Panache"],"picked":"Bandage Up","floor":4.0},{"not_picked":["CutThroughFate","ForeignInfluence"],"picked":"LikeWater","floor":5.0},{"not_picked":["Meditate","ClearTheMind"],"picked":"SignatureMove","floor":6.0},{"not_picked":["WreathOfFlame","Prostrate"],"picked":"Worship","floor":7.0},{"not_picked":["EmptyBody","Pray"],"picked":"Consecrate","floor":10.0},{"not_picked":["PathToVictory","Fasting2"],"picked":"Ragnarok","floor":13.0},{"not_picked":["Omniscience","SpiritShield"],"picked":"Vault","floor":16.0},{"not_picked":["FlyingSleeves","BowlingBash","Study"],"picked":"SKIP","floor":18.0},{"not_picked":["FlyingSleeves","Meditate"],"picked":"Prostrate+1","floor":20.0},{"not_picked":["EmptyBody","WheelKick"],"picked":"Protect","floor":22.0},{"not_picked":["CutThroughFate+1","WaveOfTheHand","Evaluate"],"picked":"SKIP","floor":27},{"not_picked":["EmptyFist","ThirdEye"],"picked":"InnerPeace+1","floor":28},{"not_picked":["Evaluate","EmptyMind"],"picked":"SpiritShield","floor":29}],"player_experience":370367,"relics_obtained":[{"floor":6.0,"key":"Toy Ornithopter"},{"floor":9.0,"key":"Regal Pillow"},{"floor":13.0,"key":"Ancient Tea Set"},{"floor":26,"key":"Centennial Puzzle"},{"floor":29,"key":"Yang"}],"event_choices":[{"damage_healed":65.0,"max_hp_gain":0.0,"max_hp_loss":72.0,"gold_gain":0.0,"event_name":"betterThird:BetterShining","player_choice":"Leave","floor":2.0,"gold_loss":0.0,"damage_taken":0.0},{"damage_healed":0.0,"max_hp_gain":0.0,"max_hp_loss":0.0,"gold_gain":0.0,"cards_transformed":["Strike_P"],"event_name":"Living Wall","player_choice":"Change","floor":3.0,"gold_loss":0.0,"damage_taken":0.0,"cards_obtained":["Crescendo"]},{"damage_healed":0.0,"max_hp_gain":0.0,"max_hp_loss":0.0,"gold_gain":1.0,"event_name":"betterStone:BetterStone","player_choice":"1","floor":4.0,"gold_loss":0.0,"damage_taken":0.0},{"damage_healed":0.0,"max_hp_gain":0.0,"max_hp_loss":0.0,"gold_gain":0.0,"event_name":"betterThird:BetterGoop","player_choice":"Slimed","floor":11.0,"gold_loss":40.0,"damage_taken":11.0},{"damage_healed":0,"gold_gain":0,"player_choice":"Obtain J.A.X.","damage_taken":0,"max_hp_gain":0,"max_hp_loss":0,"event_name":"Drug Dealer","floor":24,"gold_loss":0,"cards_obtained":["J.A.X."]},{"damage_healed":0,"gold_gain":99,"player_choice":"Steal","damage_taken":0,"max_hp_gain":0,"max_hp_loss":0,"event_name":"betterThird:BetterNest","floor":30,"gold_loss":0}],"is_beta":false,"boss_relics":[{"not_picked":["Runic Dome","SlaversCollar"],"picked":"HolyWater"}],"items_purged_floors":[],"is_endless":false,"potions_floor_spawned":[1,6,7,13,18,22,28],"killed_by":"Snecko","ascension_level":12}}