{"host":"ydg0vn0pu4pubmdt","time":1613211701,"event":{"mods":["AchievementEnabler","BaseMod","Colored Map","Gold Saver","Minty Spire (QoL Compilation)","Quick Restart","SuperFastMode"],"gold_per_floor":[638,638,638,650,650,650,650,532,557,574,591,603,613,645,645,645,645],"floor_reached":16,"language":"KOR","playtime":322,"items_purged":["Injury"],"score":204,"play_id":"922e5811-46f4-4027-9b7e-9994038bb8ed","local_time":"20210213192141","is_ascension_mode":true,"campfire_choices":[{"data":"Rampage","floor":6,"key":"SMITH"},{"data":"Shockwave","floor":15,"key":"SMITH"}],"circlet_count":0,"master_deck":["AscendersBane","Strike_R","Strike_R","Strike_R","Strike_R","Defend_R","Defend_R","Defend_R","Defend_R","Bash","Rampage+1","Searing Blow","Metallicize","Shockwave+1","Dropkick","Armaments","Corruption"],"relics":["Burning Blood","Calipers","Vajra","Blood Vial","Bag of Marbles"],"acts_visited":["Exordium"],"potions_floor_usage":[11,13],"damage_taken":[{"damage":12,"enemies":"Small Slimes","floor":1,"turns":4},{"damage":12,"enemies":"Cultist","floor":4,"turns":4},{"damage":5,"enemies":"2 Louse","floor":10,"turns":3},{"damage":0,"enemies":"Gremlin Gang","floor":11,"turns":4},{"damage":11,"enemies":"Blue Slaver","floor":12,"turns":4},{"damage":0,"enemies":"2 Fungi Beasts","floor":13,"turns":2},{"damage":46,"enemies":"3 Sentries","floor":14,"turns":10},{"damage":38,"enemies":"Slime Boss","floor":16,"turns":3}],"seed_played":"5912924072259506735","potions_obtained":[{"floor":1,"key":"SneckoOil"},{"floor":4,"key":"Fire Potion"}],"is_trial":false,"path_per_floor":["M","?","?","M","T","R","?","$","T","M","M","M","M","E","R","B"],"character_chosen":"IRONCLAD","items_purchased":["Metallicize"],"campfire_rested":0,"item_purchase_floors":[8],"current_hp_per_floor":[62,27,75,69,69,69,69,69,69,72,75,70,75,35,35,0,0],"gold":645,"neow_bonus":"ONE_RARE_RELIC","is_daily":false,"chose_seed":false,"campfire_upgraded":2,"win_rate":0.0,"timestamp":1613211701,"path_taken":["M","?","?","?","?","R","?","$","T","M","?","M","M","E","R","BOSS"],"items_purchased_type":["Card"],"build_version":"2020-12-22","purchased_purges":1,"victory":false,"max_hp_per_floor":[75,75,75,75,75,75,75,75,75,75,75,75,75,75,75,75,75],"card_choices":[{"not_picked":["Havoc","Thunderclap"],"picked":"Rampage","floor":1},{"not_picked":["Body Slam","Thunderclap","Iron Wave"],"picked":"SKIP","floor":4},{"not_picked":["Sentinel","Power Through"],"picked":"Shockwave","floor":10},{"not_picked":["Perfected Strike","Rage"],"picked":"Dropkick","floor":11},{"not_picked":["Sever Soul","Disarm"],"picked":"Armaments","floor":12},{"not_picked":["Inflame","Iron Wave","Headbutt"],"picked":"SKIP","floor":13},{"not_picked":["Wild Strike","True Grit"],"picked":"Corruption","floor":14}],"player_experience":543230,"relics_obtained":[{"floor":9,"key":"Blood Vial"},{"floor":14,"key":"Bag of Marbles"}],"event_choices":[{"damage_healed":0,"gold_gain":0,"player_choice":"Success","damage_taken":35,"relics_obtained":["Vajra"],"max_hp_gain":0,"max_hp_loss":0,"event_name":"Scrap Ooze","floor":2,"gold_loss":0},{"damage_healed":48,"gold_gain":0,"player_choice":"Full Heal","damage_taken":0,"max_hp_gain":0,"max_hp_loss":0,"event_name":"Wheel of Change","floor":3,"gold_loss":0},{"damage_healed":0,"gold_gain":0,"cards_transformed":["Strike_R"],"player_choice":"Transformed","damage_taken":0,"max_hp_gain":0,"max_hp_loss":0,"event_name":"Transmorgrifier","floor":7,"gold_loss":0,"cards_obtained":["Searing Blow"]}],"is_beta":false,"boss_relics":[],"items_purged_floors":[8],"is_endless":false,"potions_floor_spawned":[1,4],"killed_by":"Slime Boss","ascension_level":20}}