{"host":"yx5rao87132cy5xq","time":1613229912,"event":{"mods":["2.2 Compatiblity","AchievementEnabler","BaseMod","Bestiary","Colored Map","Colored Powertips","Minty Spire (QoL Compilation)","Quick Restart","Relic Stats","Slay-I","SuperFastMode"],"gold_per_floor":[111,129,139,104,104,137,157,157,457,485,179,179,94,126,126,199,199,211,230,230,130,130,130,130,130],"floor_reached":24,"language":"ENG","playtime":2814,"items_purged":["Strike_R","Strike_R"],"score":403,"play_id":"adbb6dba-99ad-46a0-b91b-c169b07b862f","local_time":"20210213162512","is_ascension_mode":true,"campfire_choices":[{"floor":12.0,"key":"REST"},{"data":"1","floor":15.0,"key":"LIFT"},{"floor":23,"key":"REST"}],"circlet_count":0,"master_deck":["AscendersBane","Strike_R","Defend_R","Defend_R","Defend_R","Defend_R","Bash","Iron Wave","Sever Soul","Intimidate","Wild Strike+1","Pommel Strike","Barricade","PanicButton","Blood for Blood","Evolve","Second Wind","Reckless Charge","Feed","Whirlwind","Shrug It Off","Dual Wield","Shrug It Off"],"relics":["Burning Blood","Turnip","Old Coin","StrikeDummy","Girya","Velvet Choker","Nilry\u0027s Codex"],"acts_visited":["Exordium","TheCity"],"potions_floor_usage":[16,24,24],"damage_taken":[{"damage":6.0,"enemies":"Small Slimes","floor":1.0,"turns":3.0},{"damage":7.0,"enemies":"Jaw Worm","floor":2.0,"turns":3.0},{"damage":17.0,"enemies":"Cultist","floor":3.0,"turns":4.0},{"damage":24.0,"enemies":"3 Sentries","floor":6.0,"turns":14.0},{"damage":19.0,"enemies":"Red Slaver","floor":7.0,"turns":5.0},{"damage":30.0,"enemies":"Gremlin Nob","floor":10.0,"turns":4.0},{"damage":20.0,"enemies":"3 Sentries","floor":14.0,"turns":6.0},{"damage":40,"enemies":"Hexaghost","floor":16,"turns":10},{"damage":37,"enemies":"Shell Parasite","floor":18,"turns":6},{"damage":13,"enemies":"Chosen","floor":19,"turns":5},{"damage":42,"enemies":"Slavers","floor":24,"turns":2}],"seed_played":"5877533018588152080","potions_obtained":[{"floor":2.0,"key":"Strength Potion"},{"floor":3.0,"key":"HeartOfIron"},{"floor":7.0,"key":"Strength Potion"},{"floor":10.0,"key":"BloodPotion"},{"floor":18,"key":"SkillPotion"},{"floor":19,"key":"DuplicationPotion"}],"is_trial":false,"path_per_floor":["M","M","M","?","?","E","M","?","T","E","$","R","$","E","R","B",null,"M","M","?","$","?","R","E"],"character_chosen":"IRONCLAD","items_purchased":["PanicButton","Blood for Blood","Evolve","Second Wind"],"campfire_rested":2,"item_purchase_floors":[11,11,11,13],"current_hp_per_floor":[75,74,63,82,82,64,51,51,51,27,27,51,51,37,37,19,66,35,28,7,7,7,31,0,0],"gold":130,"neow_bonus":"TEN_PERCENT_HP_BONUS","is_daily":false,"chose_seed":false,"campfire_upgraded":0,"win_rate":0.0,"timestamp":1613229912,"path_taken":["M","M","M","?","?","E","M","?","T","E","$","R","?","E","R","BOSS","M","M","?","$","?","R","E"],"items_purchased_type":["Card","Card","Card","Card"],"build_version":"2020-12-22","purchased_purges":2,"victory":false,"max_hp_per_floor":[82,82,82,82,82,82,82,82,82,82,82,82,82,82,82,82,82,82,82,82,82,82,82,82,82],"relic_stats":{"counters":[11,62],"Turnip":[2],"obtain_stats":[{"Girya":14,"Nilry\u0027s Codex":20,"Velvet Choker":17,"Turnip":6,"StrikeDummy":10,"Burning Blood":0,"Old Coin":9},{"Girya":7,"Nilry\u0027s Codex":10,"Velvet Choker":8,"Turnip":4,"StrikeDummy":6,"Burning Blood":0,"Old Coin":5},{"Girya":39,"Nilry\u0027s Codex":60,"Velvet Choker":49,"Turnip":24,"StrikeDummy":33,"Burning Blood":0,"Old Coin":29}],"Burning Blood":60},"card_choices":[{"not_picked":["Thunderclap","Hemokinesis"],"picked":"Iron Wave","floor":1.0},{"not_picked":["Clash","Cleave"],"picked":"Sever Soul","floor":2.0},{"not_picked":["Flex","Sword Boomerang"],"picked":"Intimidate","floor":3.0},{"not_picked":["Thunderclap","Rupture"],"picked":"Wild Strike","floor":6.0},{"not_picked":["Berserk","Intimidate"],"picked":"Pommel Strike","floor":7.0},{"not_picked":["Clothesline","Dual Wield"],"picked":"Barricade","floor":10.0},{"not_picked":["Ghostly Armor","Warcry"],"picked":"Reckless Charge","floor":14.0},{"not_picked":["Limit Break","Berserk"],"picked":"Feed","floor":16},{"not_picked":["Heavy Blade","Sword Boomerang+1"],"picked":"Whirlwind","floor":18},{"not_picked":["Pommel Strike+1","Iron Wave"],"picked":"Shrug It Off","floor":19}],"player_experience":1025394,"relics_obtained":[{"floor":6.0,"key":"Turnip"},{"floor":9.0,"key":"Old Coin"},{"floor":10.0,"key":"StrikeDummy"},{"floor":14.0,"key":"Girya"},{"floor":20,"key":"Nilry\u0027s Codex"}],"event_choices":[{"damage_healed":20.0,"max_hp_gain":0.0,"max_hp_loss":0.0,"gold_gain":0.0,"event_name":"The Cleric","player_choice":"Healed","floor":4.0,"gold_loss":35.0,"damage_taken":0.0},{"damage_healed":0.0,"max_hp_gain":0.0,"max_hp_loss":0.0,"gold_gain":0.0,"event_name":"Liars Game","player_choice":"Ignored","floor":5.0,"gold_loss":0.0,"damage_taken":0.0},{"damage_healed":0.0,"max_hp_gain":0.0,"max_hp_loss":0.0,"gold_gain":0.0,"event_name":"Living Wall","player_choice":"Grow","floor":8.0,"gold_loss":0.0,"damage_taken":0.0,"cards_upgraded":["Wild Strike"]},{"damage_healed":0,"gold_gain":0,"player_choice":"Obtained Book","damage_taken":21,"max_hp_gain":0,"max_hp_loss":0,"event_name":"Cursed Tome","floor":20,"gold_loss":0},{"damage_healed":0,"gold_gain":0,"cards_transformed":["Strike_R","Strike_R"],"player_choice":"Became Test Subject","damage_taken":0,"max_hp_gain":0,"max_hp_loss":0,"event_name":"Drug Dealer","floor":22,"gold_loss":0,"cards_obtained":["Dual Wield","Shrug It Off"]}],"is_beta":false,"boss_relics":[{"not_picked":["SacredBark","Empty Cage"],"picked":"Velvet Choker"}],"items_purged_floors":[11,21],"is_endless":false,"potions_floor_spawned":[2,3,7,10,18,19],"killed_by":"Slavers","ascension_level":18}}