{"host":"r6lqs70fdfl5jnjl","time":1613219952,"event":{"mods":["Act Like it!","BaseMod","Minty Spire (QoL Compilation)","StSLib"],"gold_per_floor":[109,109,284,300,300,300,333,347,401,411,458,199,199,37,37,134,134,151,41,41,41,41,70,82,106,118,145,176,188,219,5,5,100,100,114,23,43,63,0,0,26,26,51,67,67,67,67,97,97,97],"floor_reached":51,"language":"ZHS","playtime":2117,"items_purged":["Doubt","Strike_G"],"score":791,"play_id":"dd94d447-820f-4f67-ae59-880b6b57d12c","local_time":"20210213203912","is_ascension_mode":false,"campfire_choices":[{"data":"Deadly Poison","floor":6.0,"key":"SMITH"},{"data":"Catalyst","floor":13.0,"key":"SMITH"},{"data":"Venomology","floor":15.0,"key":"SMITH"},{"data":"Catalyst","floor":24.0,"key":"SMITH"},{"floor":32.0,"key":"REST"},{"data":"Apotheosis","floor":40.0,"key":"SMITH"},{"data":"Night Terror","floor":42.0,"key":"SMITH"},{"data":"Burst","floor":47.0,"key":"SMITH"},{"floor":49.0,"key":"REST"}],"circlet_count":0,"master_deck":["Strike_G","Strike_G+1","Defend_G","Defend_G","Defend_G","Defend_G","Survivor","Neutralize","Deadly Poison+1","Venomology+1","Catalyst+1","Noxious Fumes","Crippling Poison+1","Footwork","Burst+1","Footwork","Catalyst+1","Shame","Escape Plan","Prepared","Deadly Poison","Night Terror+1","Apotheosis+1"],"relics":["Ring of the Snake","NeowsBlessing","Boot","Bag of Preparation","Darkstone Periapt","Blood Vial","Whetstone","Membership Card","PreservedInsect","Empty Cage","Snake Skull","Mercury Hourglass","MawBank","Sundial","Torii","TwistedFunnel","Black Star","Red Mask","Dream Catcher","Nunchaku","The Specimen","Mummified Hand"],"acts_visited":["Exordium","TheCity","TheBeyond"],"potions_floor_usage":[50,50,50],"damage_taken":[{"damage":0.0,"enemies":"2 Louse","floor":1.0,"turns":1.0},{"damage":0.0,"enemies":"Jaw Worm","floor":4.0,"turns":1.0},{"damage":0.0,"enemies":"3 Sentries","floor":7.0,"turns":1.0},{"damage":0.0,"enemies":"Cultist","floor":8.0,"turns":3.0},{"damage":17.0,"enemies":"Looter","floor":10.0,"turns":3.0},{"damage":30.0,"enemies":"The Guardian","floor":16.0,"turns":8.0},{"damage":1.0,"enemies":"Chosen","floor":18.0,"turns":3.0},{"damage":7.0,"enemies":"Gremlin Leader","floor":23.0,"turns":4.0},{"damage":6.0,"enemies":"3 Byrds","floor":25.0,"turns":4.0},{"damage":31.0,"enemies":"Snecko","floor":27.0,"turns":6.0},{"damage":25.0,"enemies":"Snake Plant","floor":28.0,"turns":3.0},{"damage":9.0,"enemies":"Centurion and Healer","floor":30.0,"turns":4.0},{"damage":20.0,"enemies":"Automaton","floor":33.0,"turns":5.0},{"damage":10.0,"enemies":"3 Shapes","floor":35.0,"turns":2.0},{"damage":6.0,"enemies":"Orb Walker","floor":37.0,"turns":2.0},{"damage":3.0,"enemies":"Writhing Mass","floor":38.0,"turns":2.0},{"damage":10.0,"enemies":"Sphere and 2 Shapes","floor":44.0,"turns":3.0},{"damage":0.0,"enemies":"Giant Head","floor":48.0,"turns":4.0},{"damage":60,"enemies":"Donu and Deca","floor":50,"turns":7}],"seed_played":"6811976556403659943","potions_obtained":[{"floor":1.0,"key":"Block Potion"},{"floor":8.0,"key":"SneckoOil"},{"floor":16.0,"key":"Fire Potion"},{"floor":18.0,"key":"EntropicBrew"},{"floor":33.0,"key":"BlessingOfTheForge"},{"floor":38.0,"key":"AttackPotion"},{"floor":48.0,"key":"PowerPotion"}],"is_trial":false,"path_per_floor":["M","?","?","M","?","R","E","M","T","M","T","$","R","$","R","B",null,"M","$","?","?","?","E","R","M","T","M","M","?","M","$","R","B",null,"M","$","M","M","?","R","T","R","T","M","?","?","R","E","R","B",null],"character_chosen":"THE_SILENT","items_purchased":["Membership Card","Noxious Fumes","Crippling Poison","PreservedInsect","Footwork","Snake Skull","Catalyst","Torii","TwistedFunnel","Apotheosis"],"campfire_rested":2,"item_purchase_floors":[12,12,12,14,14,19,19,31,31,36],"current_hp_per_floor":[70,67,67,67,67,67,67,67,67,52,52,52,52,52,52,24,70,69,69,75,75,75,69,69,65,65,36,13,13,6,6,28,10,76,66,66,62,61,61,61,61,61,61,53,53,53,53,55,72,12],"gold":97,"neow_bonus":"THREE_ENEMY_KILL","is_daily":false,"chose_seed":false,"campfire_upgraded":7,"win_rate":0.0,"timestamp":1613219952,"path_taken":["M","?","?","M","?","R","E","?","T","M","?","$","R","$","R","BOSS","M","$","?","?","?","E","R","M","T","?","M","?","M","?","R","BOSS","M","$","M","M","?","R","?","R","T","M","?","?","R","E","R","BOSS"],"items_purchased_type":["Relic","Card","Card","Relic","Card","Relic","Card","Relic","Relic","Card"],"build_version":"2020-12-22","purchased_purges":2,"victory":true,"max_hp_per_floor":[70,70,70,70,70,70,70,70,70,70,70,70,70,70,70,70,70,70,70,76,76,76,76,76,76,76,76,76,76,76,76,76,76,76,76,76,76,76,76,76,76,76,76,76,72,72,72,72,72,72],"card_choices":[{"not_picked":["Masterful Stab","Flying Knee","Dodge and Roll"],"picked":"SKIP","floor":1.0},{"not_picked":["Predator","Masterful Stab"],"picked":"Deadly Poison","floor":4.0},{"not_picked":["Skewer","All Out Attack","Distraction"],"picked":"SKIP","floor":7.0},{"not_picked":["Dagger Spray","Underhanded Strike"],"picked":"Venomology","floor":8.0},{"not_picked":["Footwork","Skewer"],"picked":"Catalyst","floor":10.0},{"not_picked":["Doppelganger","Tools of the Trade"],"picked":"Burst","floor":16.0},{"not_picked":["Dagger Throw","Expertise"],"picked":"Footwork","floor":18.0},{"not_picked":["Blade Dance","Deflect+1"],"picked":"Escape Plan","floor":23.0},{"not_picked":["Tactician","Bane"],"picked":"Prepared","floor":25.0},{"not_picked":["Predator","Flechettes+1","Sucker Punch"],"picked":"SKIP","floor":27.0},{"not_picked":["Reflex","Choke","Tactician"],"picked":"SKIP","floor":28.0},{"not_picked":["Skewer","Tools of the Trade"],"picked":"Deadly Poison","floor":30.0},{"not_picked":["Bullet Time","Wraith Form v2"],"picked":"Night Terror","floor":33.0},{"not_picked":["Slice","Underhanded Strike","Flying Knee+1"],"picked":"SKIP","floor":35.0},{"not_picked":["All Out Attack","Dodge and Roll+1","Underhanded Strike"],"picked":"SKIP","floor":37.0},{"not_picked":["Dagger Throw","Bane+1","Dash+1"],"picked":"SKIP","floor":38.0},{"not_picked":["Quick Slash+1","Leg Sweep+1","Finisher"],"picked":"SKIP","floor":44.0},{"not_picked":["Underhanded Strike","Dagger Throw","Quick Slash+1"],"picked":"SKIP","floor":48.0}],"player_experience":17809,"relics_obtained":[{"floor":7.0,"key":"Darkstone Periapt"},{"floor":9.0,"key":"Blood Vial"},{"floor":11.0,"key":"Whetstone"},{"floor":23.0,"key":"MawBank"},{"floor":26.0,"key":"Sundial"},{"floor":41.0,"key":"Dream Catcher"},{"floor":43.0,"key":"Nunchaku"},{"floor":48.0,"key":"The Specimen"},{"floor":48.0,"key":"Mummified Hand"}],"event_choices":[{"damage_healed":0.0,"max_hp_gain":0.0,"max_hp_loss":0.0,"gold_gain":0.0,"event_name":"Scrap Ooze","player_choice":"Success","floor":2.0,"gold_loss":0.0,"damage_taken":3.0,"relics_obtained":["Boot"]},{"damage_healed":0.0,"max_hp_gain":0.0,"max_hp_loss":0.0,"gold_gain":175.0,"event_name":"Liars Game","player_choice":"AGREE","floor":3.0,"gold_loss":0.0,"damage_taken":0.0,"cards_obtained":["Doubt"]},{"damage_healed":0.0,"max_hp_gain":0.0,"max_hp_loss":0.0,"gold_gain":0.0,"event_name":"WeMeetAgain","player_choice":"Gave Potion","floor":5.0,"gold_loss":0.0,"damage_taken":0.0,"relics_obtained":["Bag of Preparation"]},{"damage_healed":0.0,"max_hp_gain":0.0,"max_hp_loss":0.0,"gold_gain":0.0,"event_name":"Addict","player_choice":"Stole Relic","floor":20.0,"gold_loss":0.0,"damage_taken":0.0,"relics_obtained":["Mercury Hourglass"],"cards_obtained":["Shame"]},{"damage_healed":0.0,"max_hp_gain":0.0,"max_hp_loss":0.0,"gold_gain":0.0,"event_name":"Cursed Tome","player_choice":"Ignored","floor":21.0,"gold_loss":0.0,"damage_taken":0.0},{"damage_healed":0.0,"max_hp_gain":0.0,"max_hp_loss":0.0,"gold_gain":0.0,"event_name":"Vampires","player_choice":"Ignored","floor":22.0,"gold_loss":0.0,"damage_taken":0.0},{"damage_healed":0.0,"max_hp_gain":0.0,"max_hp_loss":0.0,"gold_gain":0.0,"event_name":"Upgrade Shrine","player_choice":"Upgraded","floor":29.0,"gold_loss":0.0,"damage_taken":0.0,"cards_upgraded":["Crippling Poison"]},{"damage_healed":0.0,"max_hp_gain":0.0,"max_hp_loss":0.0,"gold_gain":0.0,"event_name":"Tomb of Lord Red Mask","player_choice":"Paid","floor":39.0,"gold_loss":63.0,"damage_taken":0.0,"relics_obtained":["Red Mask"]},{"damage_healed":0.0,"max_hp_gain":0.0,"max_hp_loss":4.0,"gold_gain":0.0,"event_name":"Winding Halls","player_choice":"Max HP","floor":45.0,"gold_loss":0.0,"damage_taken":0.0},{"cards_removed":["Strike_G"],"damage_healed":0.0,"max_hp_gain":0.0,"max_hp_loss":0.0,"gold_gain":0.0,"event_name":"Falling","player_choice":"Removed Attack","floor":46.0,"gold_loss":0.0,"damage_taken":0.0}],"is_beta":false,"boss_relics":[{"not_picked":["Cursed Key","Tiny House"],"picked":"Empty Cage"},{"not_picked":["Runic Dome","Sozu"],"picked":"Black Star"}],"items_purged_floors":[12,14],"is_endless":false,"potions_floor_spawned":[1,8,16,18,25,33,38,48],"ascension_level":0}}