{"host":"urzvr6030gsf1sd7","time":1613179259,"event":{"mods":["AchievementEnabler","BaseMod","Block Reminder","Colored Powertips","Minty Spire (QoL Compilation)","Permanent Neow","StSLib"],"gold_per_floor":[34,66,100,100,133,220,274,274,274,274,274,274],"floor_reached":11,"language":"ENG","playtime":1218,"items_purged":[],"score":79,"play_id":"8e805b84-1eb9-4456-85f0-0f7d90ba7174","local_time":"20210212202059","is_ascension_mode":true,"campfire_choices":[{"data":"Eruption","floor":8,"key":"SMITH"},{"data":"CutThroughFate","floor":10,"key":"SMITH"}],"circlet_count":0,"master_deck":["Strike_P","Strike_P","Strike_P","Strike_P","Defend_P","Defend_P","Defend_P","Defend_P","Eruption+1","Vigilance","HandOfGreed","CutThroughFate+1","Meditate","Protect","Wireheading","JustLucky","Prostrate"],"relics":["PureWater","Centennial Puzzle"],"acts_visited":["Exordium"],"potions_floor_usage":[3,11],"damage_taken":[{"damage":1,"enemies":"Cultist","floor":1,"turns":4},{"damage":2,"enemies":"2 Louse","floor":2,"turns":5},{"damage":0,"enemies":"Small Slimes","floor":3,"turns":3},{"damage":9,"enemies":"Looter","floor":5,"turns":5},{"damage":23,"enemies":"3 Sentries","floor":6,"turns":8},{"damage":16,"enemies":"Lots of Slimes","floor":7,"turns":6},{"damage":38,"enemies":"Gremlin Nob","floor":11,"turns":3}],"seed_played":"1959334123707017559","potions_obtained":[{"floor":1,"key":"Block Potion"},{"floor":7,"key":"Regen Potion"}],"is_trial":false,"path_per_floor":["M","M","M","?","M","E","M","R","T","R","E"],"character_chosen":"WATCHER","items_purchased":[],"campfire_rested":0,"item_purchase_floors":[],"current_hp_per_floor":[71,69,69,69,60,37,21,21,21,21,0,0],"gold":274,"neow_bonus":"RANDOM_COLORLESS_2","is_daily":false,"chose_seed":false,"campfire_upgraded":2,"win_rate":0.0,"timestamp":1613179259,"path_taken":["M","M","M","?","M","E","M","R","T","R","E"],"items_purchased_type":[],"build_version":"2020-12-22","purchased_purges":0,"victory":false,"max_hp_per_floor":[72,72,72,72,72,72,72,72,72,72,72,72],"card_choices":[{"not_picked":["Chrysalis","Transmutation"],"picked":"HandOfGreed","floor":0},{"not_picked":["PathToVictory","Consecrate"],"picked":"CutThroughFate","floor":1},{"not_picked":["EmptyFist","Prostrate"],"picked":"Meditate","floor":2},{"not_picked":["WindmillStrike","Prostrate"],"picked":"Protect","floor":3},{"not_picked":["Vengeance","Collect"],"picked":"Wireheading","floor":5},{"not_picked":["ConjureBlade","SignatureMove"],"picked":"JustLucky","floor":6},{"not_picked":["ClearTheMind","ForeignInfluence"],"picked":"Prostrate","floor":7}],"player_experience":234588,"relics_obtained":[{"floor":6,"key":"Centennial Puzzle"}],"event_choices":[{"damage_healed":0,"gold_gain":0,"player_choice":"Ignored","damage_taken":0,"max_hp_gain":0,"max_hp_loss":0,"event_name":"Liars Game","floor":4,"gold_loss":0}],"is_beta":false,"boss_relics":[],"items_purged_floors":[],"is_endless":false,"potions_floor_spawned":[1,7],"killed_by":"Gremlin Nob","ascension_level":1}}