{"host":"dug4t5o3sl9ppgxq","time":1613227620,"event":{"mods":["ATMod(∞¢Ë™Mod)","Act Like it!","Arknights","Aspiration","BaseMod","BetterRewards","Card Forge","Colored Map","Colored Powertips","DNKmod","Downfall","FoggyMod","Friendly Minions","Gensokyo","Grow up Mod","Hallownest","Highlight Path","Lobotomy","LobotomyExtend","Marisa£®ÏF”Í°°ƒß¿Ì…≥£©","Minty Spire (QoL Compilation)","Reimu£®≤©¿ˆ¡È√Œ£©","Relic Filter Mod","Remilia£®¿Ÿ√◊¿Ú—«£©","Replay The Spire","Spicy Shops","StSLib","The Bug Knight","The Saiyan","Uncapped","Warlord Emblem","noobMod","°æπ¶ƒ‹Mod°øªÏ„Á÷Æª∑–ﬁ∏¥≤π∂°","°æπ¶ƒ‹Mod°ø¥œ√˜µƒ◊Ó÷’Boss","°æ“≈ŒÔø®≈∆°øREMEMod"],"gold_per_floor":[10011,10011,8409,8509,8527,8527,8555,8555,8629,8695,8037,8037,8063,8095,8095,8192,8192,8209,8209,8159,8170,8170,8170,8195,8195,8195,8195,8215,8215,7750,7781,7696,7800,7800,7814,7814,0,0,0,0,0,0,0,0,32,32],"floor_reached":47,"language":"ZHS","playtime":2098,"items_purged":[],"score":1607,"play_id":"5be9dff6-ef57-418a-a02a-391d4429dfb5","local_time":"20210213224700","is_ascension_mode":false,"campfire_choices":[{"floor":6,"key":"RECALL"},{"floor":15,"key":"DIG"},{"floor":23,"key":"DIG"},{"floor":27,"key":"DIG"},{"data":"ats:Soul Rend","floor":43,"key":"SMITH"}],"circlet_count":0,"master_deck":["ats:Strike C+1","ats:Strike G+1","ats:Strike S+1","ats:Strike V+1","ats:Armor Crushing Shot+1","ats:Defend+1","ats:Defend+1","ats:Defend+1","ats:Defend+1","ats:Emotion Absorption+1","ats:Closed Bolt Burst Fire+1","AT_ChampionStep+1","ats:Ignite+1","ats:Cat Scratch+1","ats:Powerful Strike+1","ats:Revitalization+1","ats:Apocalypse+1","ats:Apocalypse+1","ats:Demon Strength+1","ats:Very Hot Blade+1","ats:Sashimi Platter+1","Pot Of Greed+1","Pot Of Greed+1","Pot Of Greed+1","ats:Leaping Hammer+1","ats:Shell Defense+1","ats:Ignite+1","Pot Of Greed+1","ats:Counter Healing Mode+1","ats:Shadow Assault+1","ats:Part Time Job+1","ats:Encircling Forest+1","ats:Flame Of Heaven+1","ats:Thermite Blade+1","ats:Poison Spread+1","ats:Consecutive Shot Auto+1","ats:Emotion Absorption+1","ats:Soul Rend+1","ats:Song Of Battle+1","ats:Red Shift+1","Pot Of Greed"],"relics":["ats:Sanity","Hammer of Thor","Seething Fire","Anvil of the Gods","ice","AT_ATBox","REME_ComplimentaryCards","aspiration:BabyByrd","TentaclePot:ReiMu","ats:Military Tradition","Calipers","ReplayFunnel","Replay:Multitool","ats:Special","ats:Originium","Replay:Arrowhead","Grinning Jar","Membership Card","Strawberry","REME_IWantAll","DollysMirror","RuthlessExorcism:ReiMu","Nunchaku","Torii","aspiration:FutureDiary","LetterFromLob","AT_ChloranthyRing","Replay:Baseball","Meat on the Bone","aspiration:DSix","Pet Ghost","Bottled Flame","Singing Bowl","Peace Pipe","aspiration:ChemicalBlood","Turnip","Replay:Grab Bag","Coffee Dripper","SlaversCollar","Black Star","Red Mask","AT_TimeSand","AT_SilvercatRing"],"acts_visited":["Exordium","TheCity","TheBeyond","TheEnding"],"potions_floor_usage":[],"damage_taken":[{"damage":7,"enemies":"2 Louse","floor":1,"turns":2},{"damage":0,"enemies":"ats:Genji","floor":5,"turns":2},{"damage":0,"enemies":"Lagavulin","floor":7,"turns":3},{"damage":1,"enemies":"3 Sentries","floor":14,"turns":3},{"damage":0,"enemies":"Slime Boss","floor":16,"turns":4},{"damage":12,"enemies":"3 Byrds","floor":18,"turns":3},{"damage":10,"enemies":"Snecko","floor":21,"turns":4},{"damage":11,"enemies":"Slavers","floor":24,"turns":3},{"damage":8,"enemies":"Snake Plant","floor":28,"turns":2},{"damage":7,"enemies":"Gremlin Leader","floor":31,"turns":3},{"damage":18,"enemies":"Pondfish","floor":33,"turns":9},{"damage":1,"enemies":"Orb Walker","floor":35,"turns":2},{"damage":75,"enemies":"Time Eater","floor":40,"turns":9},{"damage":17,"enemies":"Shield and Spear","floor":45,"turns":4},{"damage":117,"enemies":"The Heart","floor":46,"turns":8}],"seed_played":"6395008875513981145","potions_obtained":[{"floor":1,"key":"Swift Potion"},{"floor":14,"key":"Flashbang"},{"floor":16,"key":"EntropicBrew"}],"is_trial":false,"path_per_floor":["M","?","$","?","M","R","E","?","T","?","$","?","T","E","R","B",null,"M","?","?","M","?","R","E","?","T","R","M","?","$","E","R","B",null,"M","?","?","$","?","B",null,null,"R","$","E","B",null],"character_chosen":"DOCTOR_CLASS","items_purchased":["TentaclePot:ReiMu","ats:Military Tradition","Calipers","ReplayFunnel","Replay:Multitool","ats:Special","ats:Cat Scratch","ats:Powerful Strike","ats:Revitalization","ats:Apocalypse","ats:Demon Strength","Grinning Jar","Membership Card","Strawberry","REME_IWantAll","DollysMirror","ats:Leaping Hammer","ats:Shell Defense","ats:Ignite","Pet Ghost","Bottled Flame","Singing Bowl","Peace Pipe","ats:Thermite Blade+1","ats:Poison Spread"],"campfire_rested":0,"item_purchase_floors":[3,3,3,3,3,3,3,3,3,3,3,11,11,11,11,11,11,11,11,30,30,30,30,30,30],"current_hp_per_floor":[1013,1023,1033,1043,1053,1063,1079,873,883,893,910,925,935,949,959,994,1192,1190,1200,1210,1216,1226,1236,1244,1248,1258,1268,1276,1286,1296,1304,1314,1347,1362,1372,1382,1392,1402,1412,1400,1410,1442,1452,1462,1472,1437],"gold":32,"neow_bonus":"THREE_CARDS","is_daily":false,"chose_seed":false,"campfire_upgraded":1,"win_rate":0.0,"timestamp":1613227620,"path_taken":["M","?","$","?","?","R","E","?","T","?","?","?","?","E","R","BOSS","M","?","?","?","?","R","E","?","T","R","?","?","?","E","R","BOSS","M","?","?","$","?","BOSS","R","$","E","BOSS"],"items_purchased_type":["Relic","Relic","Relic","Relic","Relic","Relic","Card","Card","Card","Card","Card","Relic","Relic","Relic","Relic","Relic","Card","Card","Card","Relic","Relic","Relic","Relic","Card","Card"],"build_version":"2020-12-22","purchased_purges":0,"victory":true,"max_hp_per_floor":[1020,1030,1040,1050,1060,1070,1080,1090,1100,1110,1127,1142,1152,1162,1172,1182,1192,1202,1212,1222,1232,1242,1252,1262,1272,1282,1292,1302,1312,1322,1332,1342,1352,1362,1372,1382,1392,1402,1412,1422,1432,1442,1452,1462,1472,1492],"card_choices":[{"not_picked":["ats:Very Hot Blade","ats:Sunburst"],"picked":"ats:Closed Bolt Burst Fire","floor":0},{"not_picked":["ats:Sunburst","ats:Beaten Up"],"picked":"ats:Ignite","floor":1},{"not_picked":["ats:Guardian Obelisk","ats:Closed Bolt Burst Fire"],"picked":"ats:Very Hot Blade","floor":5},{"not_picked":["ats:Closed Bolt Burst Fire","ats:Assault Order"],"picked":"ats:Sashimi Platter","floor":7},{"not_picked":["ats:LN2 Cannon","ats:Hammer On"],"picked":"ats:Counter Healing Mode","floor":14},{"not_picked":["ats:Calcification","ats:Wolf Pack"],"picked":"ats:Shadow Assault","floor":16},{"not_picked":["ats:Absolute Focus","ats:Burning Ground"],"picked":"ats:Part Time Job+1","floor":18},{"not_picked":["ats:Spore Proliferation","ats:Hammer On+1","ats:Flexible Camouflage"],"picked":"SKIP","floor":21},{"not_picked":["ats:Explosion Area Strengthen","ats:Shell Defense"],"picked":"ats:Encircling Forest","floor":24},{"not_picked":["ats:Shadow Raid","ats:Mental Burst"],"picked":"ats:Flame Of Heaven+1","floor":28},{"not_picked":["ats:Apocalypse","ats:Curse Doll"],"picked":"ats:Consecutive Shot Auto","floor":31},{"not_picked":["ats:Fractured Body","ats:Ambush"],"picked":"ats:Soul Rend","floor":33},{"not_picked":["ats:Closed Bolt Burst Fire","ats:Hammer On+1"],"picked":"ats:Song Of Battle+1","floor":35},{"not_picked":["ats:Flexible Camouflage+1","ats:Assault Order"],"picked":"ats:Red Shift+1","floor":45}],"player_experience":136117,"relics_obtained":[{"floor":7,"key":"ats:Originium"},{"floor":7,"key":"Replay:Arrowhead"},{"floor":13,"key":"RuthlessExorcism:ReiMu"},{"floor":14,"key":"ats:Originium"},{"floor":14,"key":"Nunchaku"},{"floor":15,"key":"Torii"},{"floor":18,"key":"LetterFromLob"},{"floor":23,"key":"AT_ChloranthyRing"},{"floor":24,"key":"ats:Originium"},{"floor":24,"key":"Replay:Baseball"},{"floor":26,"key":"Meat on the Bone"},{"floor":27,"key":"aspiration:DSix"},{"floor":31,"key":"ats:Originium"},{"floor":31,"key":"aspiration:ChemicalBlood"},{"floor":45,"key":"AT_TimeSand"},{"floor":45,"key":"AT_SilvercatRing"}],"event_choices":[{"damage_healed":0,"gold_gain":100,"player_choice":"Pray","damage_taken":0,"max_hp_gain":0,"max_hp_loss":0,"event_name":"Golden Shrine","floor":4,"gold_loss":0},{"damage_healed":0,"gold_gain":0,"player_choice":"Entered Light","damage_taken":216,"max_hp_gain":0,"max_hp_loss":0,"event_name":"Shining Light","floor":8,"gold_loss":0,"cards_upgraded":["ats:Sashimi Platter","ats:Very Hot Blade"]},{"damage_healed":0,"gold_gain":66,"player_choice":"Gained Gold","damage_taken":0,"max_hp_gain":0,"max_hp_loss":0,"event_name":"Golden Wing","floor":10,"gold_loss":0},{"damage_healed":0,"gold_gain":0,"player_choice":"Donut","damage_taken":0,"max_hp_gain":5,"max_hp_loss":0,"event_name":"Big Fish","floor":12,"gold_loss":0},{"damage_healed":0,"gold_gain":0,"player_choice":"Bet on Murderer","damage_taken":0,"max_hp_gain":0,"max_hp_loss":0,"event_name":"The Joust","floor":20,"gold_loss":50},{"damage_healed":0,"gold_gain":0,"player_choice":"Ignored","damage_taken":0,"max_hp_gain":0,"max_hp_loss":0,"event_name":"Vampires","floor":22,"gold_loss":0},{"damage_healed":0,"gold_gain":0,"player_choice":"","damage_taken":6,"max_hp_gain":0,"max_hp_loss":0,"event_name":"Knowing Skull","floor":25,"potions_obtained":[],"gold_loss":0,"cards_obtained":[]},{"damage_healed":0,"gold_gain":0,"player_choice":"Ignored","damage_taken":0,"max_hp_gain":0,"max_hp_loss":0,"event_name":"Beggar","floor":29,"gold_loss":0},{"damage_healed":0,"gold_gain":0,"player_choice":"Obtained Relic","damage_taken":0,"relics_obtained":["Turnip"],"max_hp_gain":0,"max_hp_loss":0,"event_name":"Addict","floor":32,"gold_loss":85},{"damage_healed":0,"gold_gain":0,"player_choice":"Paid","damage_taken":0,"relics_obtained":["Red Mask"],"max_hp_gain":0,"max_hp_loss":0,"event_name":"Tomb of Lord Red Mask","floor":37,"gold_loss":7814},{"damage_healed":0,"gold_gain":0,"player_choice":"Took Portal","damage_taken":0,"max_hp_gain":0,"max_hp_loss":0,"event_name":"SecretPortal","floor":39,"gold_loss":0}],"is_beta":false,"boss_relics":[{"not_picked":["Snecko Eye","REME_DemonsWealth"],"picked":"aspiration:FutureDiary"},{"not_picked":["Replay:Drink Me","Sozu"],"picked":"Replay:Grab Bag"},{"not_picked":["Runic Dome","ChewingGum"],"picked":"Coffee Dripper"},{"not_picked":["Cursed Key","Philosopher\u0027s Stone"],"picked":"SlaversCollar"},{"not_picked":["aspiration:PoetsPen","REME_LowDesire"],"picked":"Black Star"}],"items_purged_floors":[],"is_endless":false,"potions_floor_spawned":[1,14,16,18,21],"ascension_level":0}}