{"host":"lyo9h96uobfb5wm4","time":1613184749,"event":{"mods":["Aspiration","BaseMod","Beaked The Cultist","Colored Powertips","Conspire","DeckTracker","Downfall","Googly Eyes","Highlight Path","Minty Spire (QoL Compilation)","Quick Restart","StSLib","SuperFastMode","The Mystic"],"gold_per_floor":[119,38,38,50,1,1,35,35,35,35,61,79,97,117,117,212,212,224,239,189,34,10,10,10],"floor_reached":23,"language":"ENG","playtime":1121,"items_purged":[],"score":199,"play_id":"cbedc58d-5c84-4432-9146-ff58576a9db4","local_time":"20210212205229","is_ascension_mode":false,"campfire_choices":[{"data":"Poisoned Stab","floor":6,"key":"SMITH"},{"floor":8,"key":"REST"},{"floor":15,"key":"REST"}],"circlet_count":0,"master_deck":["Strike_G","Strike_G","Strike_G","Strike_G","Strike_G","Defend_G","Defend_G","Defend_G","Defend_G","Defend_G","Survivor","Neutralize","Terror+1","Bouncing Flask","Dodge and Roll","Poisoned Stab+1","Outmaneuver","Regret","Slice","Expertise","Dagger Spray","Envenom","Unload","Prepared+1","Caltrops","Flying Knee"],"relics":["Ring of the Serpent","aspiration:Nostalgia","hexamod:SpiritBrand","Torii","conspire:Dentures","Snake Skull","Regal Pillow","PrismaticShard"],"acts_visited":["Exordium","TheCity"],"potions_floor_usage":[23,23],"damage_taken":[{"damage":0,"enemies":"Small Slimes","floor":1,"turns":5},{"damage":0,"enemies":"Cultist","floor":4,"turns":3},{"damage":34,"enemies":"Gremlin Nob","floor":7,"turns":4},{"damage":14,"enemies":"Lagavulin","floor":11,"turns":5},{"damage":0,"enemies":"2 Louse","floor":12,"turns":3},{"damage":8,"enemies":"2 Fungi Beasts","floor":13,"turns":2},{"damage":11,"enemies":"Large Slime","floor":14,"turns":3},{"damage":50,"enemies":"The Guardian","floor":16,"turns":8},{"damage":31,"enemies":"2 Thieves","floor":18,"turns":4},{"damage":25,"enemies":"Shell Parasite","floor":19,"turns":7},{"damage":15,"enemies":"conspire:Head Lice","floor":23,"turns":4}],"seed_played":"9006302262271905200","potions_obtained":[{"floor":4,"key":"BlessingOfTheForge"},{"floor":7,"key":"LiquidBronze"},{"floor":11,"key":"Explosive Potion"}],"is_trial":false,"path_per_floor":["M","$","?","M","$","R","E","R","T","?","E","M","M","M","R","B",null,"M","M","?","$","$","E"],"character_chosen":"THE_SILENT","items_purchased":["Bouncing Flask","Poisoned Stab","PrismaticShard","Flying Knee"],"campfire_rested":2,"item_purchase_floors":[2,5,21,22],"current_hp_per_floor":[70,70,70,70,70,70,36,57,57,57,43,43,35,24,60,10,70,39,14,14,14,14,0,0],"gold":10,"neow_bonus":"NOSTALGIA","is_daily":false,"chose_seed":false,"campfire_upgraded":1,"win_rate":0.0,"timestamp":1613184749,"path_taken":["M","$","?","?","?","R","E","R","T","?","E","M","M","M","R","BOSS","M","M","?","?","$","E"],"items_purchased_type":["Card","Card","Relic","Card"],"build_version":"2020-12-22","purchased_purges":0,"victory":false,"max_hp_per_floor":[70,70,70,70,70,70,70,70,70,70,70,70,70,70,70,70,70,70,70,70,70,70,70,70],"card_choices":[{"not_picked":["Prepared","Slice"],"picked":"Terror","floor":1},{"not_picked":["Blade Dance","PiercingWail"],"picked":"Dodge and Roll","floor":4},{"not_picked":["Reflex","aspiration:Lunge"],"picked":"Outmaneuver","floor":7},{"not_picked":["Backflip","Deflect"],"picked":"Slice","floor":11},{"not_picked":["Infinite Blades","Blade Dance"],"picked":"Expertise","floor":12},{"not_picked":["Flying Knee","Skewer"],"picked":"Dagger Spray","floor":13},{"not_picked":["All Out Attack","Underhanded Strike"],"picked":"Envenom","floor":14},{"not_picked":["Doppelganger","Glass Knife"],"picked":"Unload","floor":16},{"not_picked":["Outmaneuver","Dagger Spray"],"picked":"Prepared+1","floor":18},{"not_picked":["Heel Hook","Footwork+1"],"picked":"Caltrops","floor":19}],"player_experience":5353,"relics_obtained":[{"floor":7,"key":"Torii"},{"floor":9,"key":"conspire:Dentures"},{"floor":11,"key":"Regal Pillow"}],"event_choices":[{"damage_healed":0,"gold_gain":0,"player_choice":"Upgraded","damage_taken":0,"max_hp_gain":0,"max_hp_loss":0,"event_name":"Upgrade Shrine","floor":3,"gold_loss":0,"cards_upgraded":["Terror"]},{"damage_healed":0,"gold_gain":0,"player_choice":"Box","damage_taken":0,"relics_obtained":["Snake Skull"],"max_hp_gain":0,"max_hp_loss":0,"event_name":"Big Fish","floor":10,"gold_loss":0,"cards_obtained":["Regret"]},{"damage_healed":0,"gold_gain":0,"player_choice":"Bet on Murderer","damage_taken":0,"max_hp_gain":0,"max_hp_loss":0,"event_name":"The Joust","floor":20,"gold_loss":50}],"is_beta":false,"boss_relics":[{"not_picked":["conspire:SlowCooker","aspiration:RunicSpoon"],"picked":"Ring of the Serpent"}],"items_purged_floors":[],"is_endless":false,"potions_floor_spawned":[4,7,11,13],"killed_by":"conspire:Head Lice","ascension_level":0}}