{"host":"7r2n0tv442aowt09","time":1613185056,"event":{"mods":["BaseMod","Curses Come First","Custom Start","Exacting","Highlight Path","Infinite Spire","Minty Spire (QoL Compilation)","Relic Sorter","StSLib"],"gold_per_floor":[141,291,291,291,291,291,291,384,458,458,458,458,10,87,87,318,318,374,382,442,442,442,544,624,624,624,624,726,726,816,903,903,1116,1116,1146,2145,1980,2124,2124,2124,2104,2200,2200,2200,1711,1203,1257,1332,1332,1554,1801,1801,1826,1198,1299,1305,1382,1470,1470,1560,1560,1560,1560,1041,1120,1219,1219,1427,1427,1466,699,752,1674,1175,1265,1265,1265,1288,1213,1213,1280,1350,1426,1426,1635,1785,1842,1896,1896,1605,506,590,592,672,672,696,788,788,858,902,902,1131,1339,1339,1339,826,896,1090],"floor_reached":109,"language":"JPN","playtime":4571,"items_purged":["Normality","Slice+1","Halt+1"],"score":8190,"play_id":"83f434e2-8628-4f1c-9f25-c0dae1d9879a","local_time":"20210213115736","daily_mods":["Diverse","Flight","Lethality","Midas"],"is_ascension_mode":true,"campfire_choices":[{"data":"Doubt","floor":6.0,"key":"PURGE"},{"data":"Injury","floor":7.0,"key":"PURGE"},{"data":"Strike_R","floor":10.0,"key":"PURGE"},{"data":"Strike_R","floor":11.0,"key":"PURGE"},{"data":"Strike_R","floor":12.0,"key":"PURGE"},{"data":"Strike_R","floor":15.0,"key":"PURGE"},{"data":"Writhe","floor":29.0,"key":"PURGE"},{"data":"Strike_R+1","floor":32.0,"key":"PURGE"},{"data":"Normality","floor":40.0,"key":"PURGE"},{"data":"Bash","floor":44.0,"key":"PURGE"},{"floor":49.0,"key":"REST"},{"data":"Clumsy","floor":63,"key":"PURGE"},{"data":"Defend_R+1","floor":67,"key":"PURGE"},{"data":"LessonLearned+1","floor":76,"key":"PURGE"},{"data":"Streamline+1","floor":77,"key":"PURGE"},{"data":"Infinite Blades+1","floor":80,"key":"PURGE"},{"data":"Tantrum+1","floor":84,"key":"PURGE"},{"data":"Wild Strike+1","floor":98,"key":"PURGE"},{"data":"Sucker Punch+1","floor":101,"key":"PURGE"},{"floor":105,"key":"REST"},{"floor":105,"key":"DIG"}],"circlet_count":0,"master_deck":["AscendersBane","CrushJoints+1","infinitespire:SevenWalls+1","FTL+1","MasterReality+1","Flex+1","Necronomicurse","CutThroughFate+1","Reaper+1","Sword Boomerang+1","Gash+1","Wireheading+1","Pray+1","Skewer+1","Flash of Steel+1","Brilliance+1","Whirlwind+1","Sever Soul+1","After Image+1","CurseOfTheBell","Metallicize+1","Uppercut+1","Dash+1","Worship+1","FlurryOfBlows+1","Buffer+1","Spot Weakness+1","Go for the Eyes+1","Iron Wave+1","Phantasmal Killer+1"],"relics":["Burning Blood","Du-Vu Doll","Pen Nib","Tiny Chest","InkBottle","infinitespire:ShieldingShard","Nunchaku","Letter Opener","Ornamental Fan","Shuriken","infinitespire:EmpoweringShard","Darkstone Periapt","Singing Bowl","Molten Egg 2","VioletLotus","Juzu Bracelet","Peace Pipe","CloakClasp","Paper Crane","Nuclear Battery","Toxic Egg 2","PreservedInsect","infinitespire:Midas Blood","TheAbacus","SacredBark","Necronomicon","Turnip","FossilizedHelix","Pantograph","Frozen Egg 2","Runic Cube","Lizard Tail","Ancient Tea Set","HornCleat","HandDrill","Dream Catcher","infinitespire:PuzzleCube","Akabeko","infinitespire:Satchel","Philosopher\u0027s Stone","Anchor","infinitespire:BottledMercury","Pear","Matryoshka","Self Forming Clay","Orichalcum","TungstenRod","Lantern","Odd Mushroom","Gremlin Horn","Calling Bell","Toy Ornithopter","Mango","OrangePellets","White Beast Statue","infinitespire:Joker Card","Boot","Potion Belt","Mummified Hand","Vajra","War Paint","Strawberry","Meat on the Bone","Bag of Preparation","Tiny House","infinitespire:Magic Flask","Frozen Eye","Charon\u0027s Ashes","Red Skull","Champion Belt","Oddly Smooth Stone","Shovel","Eternal Feather","Bird Faced Urn","Orrery","Smiling Mask"],"acts_visited":["Exordium","TheCity","TheBeyond","Exordium","TheCity","TheBeyond","TheEnding"],"potions_floor_usage":[91,99,102,108,108,108],"damage_taken":[{"damage":4.0,"enemies":"Jaw Worm","floor":1.0,"turns":2.0},{"damage":2.0,"enemies":"Lagavulin","floor":8.0,"turns":4.0},{"damage":21.0,"enemies":"Hexaghost","floor":16.0,"turns":7.0},{"damage":3.0,"enemies":"2 Thieves","floor":18.0,"turns":3.0},{"damage":0.0,"enemies":"Chosen","floor":20.0,"turns":2.0},{"damage":0.0,"enemies":"Slavers","floor":23.0,"turns":3.0},{"damage":10.0,"enemies":"Nightmare","floor":24.0,"turns":4.0},{"damage":31.0,"enemies":"Slavers","floor":28.0,"turns":3.0},{"damage":0.0,"enemies":"Book of Stabbing","floor":30.0,"turns":2.0},{"damage":0.0,"enemies":"Slavers","floor":31.0,"turns":2.0},{"damage":0.0,"enemies":"Collector","floor":33.0,"turns":5.0},{"damage":0.0,"enemies":"3 Darklings","floor":35.0,"turns":5.0},{"damage":0.0,"enemies":"2 Orb Walkers","floor":38.0,"turns":2.0},{"damage":0.0,"enemies":"Giant Head","floor":42.0,"turns":2.0},{"damage":0.0,"enemies":"Orb Walker","floor":47.0,"turns":1.0},{"damage":0.0,"enemies":"Nemesis","floor":48.0,"turns":2.0},{"damage":0.0,"enemies":"Awakened One","floor":50.0,"turns":6.0},{"damage":86.0,"enemies":"infinitespire:MassOfShapes","floor":51.0,"turns":6.0},{"damage":0.0,"enemies":"Cultist","floor":53.0,"turns":2.0},{"damage":0.0,"enemies":"Gremlin Nob","floor":55.0,"turns":1.0},{"damage":0.0,"enemies":"Lagavulin","floor":58.0,"turns":1.0},{"damage":0.0,"enemies":"3 Sentries","floor":60.0,"turns":1.0},{"damage":0,"enemies":"The Mushroom Lair","floor":65,"turns":2},{"damage":0,"enemies":"Gremlin Nob","floor":66,"turns":2},{"damage":0,"enemies":"Slime Boss","floor":68,"turns":1},{"damage":0,"enemies":"2 Thieves","floor":70,"turns":2},{"damage":0,"enemies":"3 Byrds","floor":72,"turns":1},{"damage":0,"enemies":"Gremlin Leader","floor":75,"turns":1},{"damage":0,"enemies":"Book of Stabbing","floor":81,"turns":1},{"damage":0,"enemies":"Gremlin Leader","floor":83,"turns":2},{"damage":0,"enemies":"Automaton","floor":85,"turns":2},{"damage":0,"enemies":"Orb Walker","floor":87,"turns":2},{"damage":0,"enemies":"Giant Head","floor":92,"turns":2},{"damage":0,"enemies":"Reptomancer","floor":94,"turns":1},{"damage":0,"enemies":"Nemesis","floor":97,"turns":2},{"damage":0,"enemies":"Giant Head","floor":99,"turns":1},{"damage":0,"enemies":"3 Shapes","floor":100,"turns":1},{"damage":0,"enemies":"Donu and Deca","floor":102,"turns":1},{"damage":0,"enemies":"Time Eater","floor":103,"turns":3},{"damage":0,"enemies":"Shield and Spear","floor":107,"turns":1},{"damage":30,"enemies":"The Heart","floor":108,"turns":7}],"seed_played":"344203960505527846","potions_obtained":[{"floor":1.0,"key":"DuplicationPotion"},{"floor":24.0,"key":"FearPotion"},{"floor":31.0,"key":"PowerPotion"},{"floor":38.0,"key":"Block Potion"},{"floor":48.0,"key":"Dexterity Potion"},{"floor":55.0,"key":"FairyPotion"},{"floor":58.0,"key":"AttackPotion"},{"floor":60.0,"key":"HeartOfIron"},{"floor":72,"key":"Weak Potion"},{"floor":75,"key":"LiquidBronze"},{"floor":81,"key":"Strength Potion"},{"floor":92,"key":"ElixirPotion"},{"floor":97,"key":"infinitespire:BlackPotion"},{"floor":99,"key":"Fruit Juice"},{"floor":100,"key":"EssenceOfSteel"},{"floor":103,"key":"DistilledChaos"},{"floor":107,"key":"FairyPotion"},{"floor":108,"key":"ElixirPotion"}],"is_trial":true,"path_per_floor":["M","?","?","?","?","R","R","E","T","R","R","R","$","?","R","B",null,"M","?","M","?","?","E","NM","?","T","?","E","R","E","E","R","B",null,"M","?","$","?","?","R","?","E","T","R","$","$","M","E","R","B","B",null,"M","$","?","?","?","E","?","E","T","?","R","$","?","E","R","B",null,"M","$","M","?","$","E","R","R","T","?","R","E","T","E","R","B",null,"M","T","?","$","$","E","?","E","T","T","E","R","E","M","R","B","B",null,"R","$","E","B",null],"character_chosen":"IRONCLAD","items_purchased":["infinitespire:EmpoweringShard","TheAbacus","Tantrum+1","HandDrill","Dream Catcher","infinitespire:PuzzleCube","Akabeko","Nunchaku","Wireheading+1","Anchor","infinitespire:BottledMercury","Skewer+1","Flash of Steel+1","InkBottle","Lantern","Sever Soul+1","OrangePellets","White Beast Statue","infinitespire:Joker Card","Boot","Potion Belt","Metallicize+1","Uppercut+1","Pen Nib","infinitespire:Magic Flask","Frozen Eye","Charon\u0027s Ashes","Worship+1","FlurryOfBlows+1","Fruit Juice","Bird Faced Urn","Orrery"],"campfire_rested":2,"item_purchase_floors":[13,13,37,45,45,45,46,46,46,54,54,54,54,64,64,64,71,71,71,74,74,74,74,90,91,91,91,91,91,91,106,106],"current_hp_per_floor":[70,76,88,70,70,70,70,74,74,74,74,74,74,63,63,48,82,85,70,76,76,76,82,78,84,84,84,107,107,109,111,111,113,113,115,127,127,127,127,127,127,127,127,127,127,127,127,129,129,129,94,123,129,129,133,125,114,122,122,147,147,153,153,153,155,155,155,155,175,177,177,179,79,79,87,87,87,87,87,87,148,148,156,156,189,200,201,201,201,201,211,213,210,218,218,218,223,223,235,237,237,237,239,239,241,245,245,223],"gold":1090,"neow_bonus":"","is_daily":false,"chose_seed":false,"campfire_upgraded":0,"win_rate":0.0,"timestamp":1613185056,"path_taken":["M","?","?","?","?","R","R","E","T","R","R","R","$","?","R","BOSS","M","?","M","?","?","E","NM","?","T","?","E","R","E","E","R","BOSS","M","?","$","?","?","R","?","E","T","R","?","$","M","E","R","BOSS","BOSS","M","$","?","?","?","E","?","E","T","?","R","$","?","E","R","BOSS","M","$","M","?","?","E","R","R","T","?","R","E","?","E","R","BOSS","M","?","?","?","$","E","?","E","T","?","E","R","E","M","R","BOSS","BOSS","R","$","E","BOSS"],"items_purchased_type":["Relic","Relic","Card","Relic","Relic","Relic","Relic","Relic","Card","Relic","Relic","Card","Card","Relic","Relic","Card","Relic","Relic","Relic","Relic","Relic","Card","Card","Relic","Relic","Relic","Relic","Card","Card","Potion","Relic","Relic"],"build_version":"2020-12-22","purchased_purges":3,"victory":true,"max_hp_per_floor":[75,81,93,93,93,93,93,93,93,93,93,93,93,93,93,93,93,93,99,99,99,99,99,99,105,105,105,107,107,109,111,111,113,113,115,127,127,127,127,127,127,127,127,127,127,127,127,129,129,129,133,133,133,133,133,143,143,145,145,147,147,153,153,153,155,155,155,155,175,177,177,179,179,179,181,181,181,181,181,181,190,190,192,192,194,201,201,201,201,201,211,213,219,221,221,221,223,223,235,237,237,237,239,239,241,245,245,247],"card_choices":[{"not_picked":["Deadly Poison","Stack"],"picked":"CrushJoints+1","floor":1.0},{"not_picked":["infinitespire:Collect","infinitespire:FinalStrike"],"picked":"infinitespire:SevenWalls","floor":3.0},{"not_picked":["Twin Strike+1","Pommel Strike+1"],"picked":"FTL+1","floor":8.0},{"not_picked":["Omniscience+1","SpiritShield+1"],"picked":"MasterReality","floor":16.0},{"not_picked":["ThirdEye+1","Backflip+1"],"picked":"Flex+1","floor":18.0},{"not_picked":["Steam+1","Leap+1"],"picked":"Slice+1","floor":20.0},{"not_picked":["Protect+1","Thunderclap+1"],"picked":"CutThroughFate+1","floor":23.0},{"not_picked":["Accuracy","CrushJoints+1"],"picked":"Reaper+1","floor":24.0},{"not_picked":["Fasting2","Heavy Blade+1","Armaments+1"],"picked":"Singing Bowl","floor":28.0},{"not_picked":["CutThroughFate+1","Seeing Red+1","Poisoned Stab+1"],"picked":"Singing Bowl","floor":30.0},{"not_picked":["Cloak And Dagger+1","Bane+1","Sucker Punch+1"],"picked":"Singing Bowl","floor":31.0},{"not_picked":["Echo Form+1","Judgement+1","Malaise+1"],"picked":"Singing Bowl","floor":33.0},{"not_picked":["Predator+1","Dagger Spray+1","Auto Shields+1"],"picked":"Singing Bowl","floor":35.0},{"not_picked":["Swivel+1","Conserve Battery+1"],"picked":"Sword Boomerang+1","floor":38.0},{"not_picked":["Reinforced Body+1","Blasphemy+1"],"picked":"Gash+1","floor":42.0},{"not_picked":["True Grit+1","Worship+1"],"picked":"Pray+1","floor":47.0},{"not_picked":["Tactician+1","Reinforced Body+1","Quick Slash+1"],"picked":"Singing Bowl","floor":48.0},{"not_picked":["CrushJoints+1","Shrug It Off+1"],"picked":"Streamline+1","floor":49.0},{"not_picked":["Amplify+1","Unload+1"],"picked":"LessonLearned+1","floor":50.0},{"not_picked":["infinitespire:Starlight","infinitespire:Oblivion","infinitespire:Collect"],"picked":"Singing Bowl","floor":51.0},{"not_picked":["Ragnarok+1","Echo Form+1","Adrenaline+1"],"picked":"Singing Bowl","floor":51.0},{"not_picked":["Prostrate+1","Consecrate+1"],"picked":"Halt+1","floor":53.0},{"not_picked":["SignatureMove+1","Catalyst+1"],"picked":"Brilliance+1","floor":55.0},{"not_picked":["Stack+1","Anger+1","Underhanded Strike+1"],"picked":"Singing Bowl","floor":58.0},{"not_picked":["Scrawl+1","Stack+1","DeceiveReality+1"],"picked":"Singing Bowl","floor":60.0},{"not_picked":["Backflip+1","Chill+1","Perfected Strike+1"],"picked":"Singing Bowl","floor":65},{"not_picked":["Grand Finale+1","Darkness+1"],"picked":"Sucker Punch+1","floor":66},{"not_picked":["Demon Form+1","Grand Finale+1"],"picked":"After Image+1","floor":68},{"not_picked":["Catalyst+1","Gash+1","Body Slam+1"],"picked":"Singing Bowl","floor":70},{"not_picked":["Predator+1","Dagger Throw+1","Consecrate+1"],"picked":"Singing Bowl","floor":72},{"not_picked":["Leap+1","Pray+1","Consecrate+1"],"picked":"Singing Bowl","floor":75},{"not_picked":["Venomology+1","Blood for Blood+1","Underhanded Strike+1"],"picked":"Singing Bowl","floor":81},{"not_picked":["Sweeping Beam+1","Juggernaut+1","Body Slam+1"],"picked":"Singing Bowl","floor":83},{"not_picked":["Alpha+1","Echo Form+1","LessonLearned+1"],"picked":"Singing Bowl","floor":85},{"not_picked":["Warcry+1","Evaluate+1","Anger+1"],"picked":"Singing Bowl","floor":86},{"not_picked":["Conserve Battery+1","Sucker Punch+1"],"picked":"Dash+1","floor":87},{"not_picked":["Beam Cell+1","Streamline+1","Sanctity+1"],"picked":"Singing Bowl","floor":92},{"not_picked":["Secret Weapon+1","Sadistic Nature+1","Panacea+1"],"picked":"Singing Bowl","floor":93},{"not_picked":["The Bomb+1","Blind+1","Panache+1"],"picked":"Singing Bowl","floor":93},{"not_picked":["Mind Blast+1","Bandage Up+1","PanicButton+1"],"picked":"Singing Bowl","floor":93},{"not_picked":["Sweeping Beam+1","Fasting2+1","Infinite Blades+1"],"picked":"Singing Bowl","floor":94},{"not_picked":["Battle Trance+1","Evolve+1","WheelKick+1"],"picked":"Singing Bowl","floor":97},{"not_picked":["Redo+1","Quick Slash+1","Heatsinks+1"],"picked":"Singing Bowl","floor":99},{"not_picked":["Dodge and Roll+1","BattleHymn+1","infinitespire:OneForAll+1"],"picked":"Singing Bowl","floor":100},{"not_picked":["SpiritShield+1","Wraith Form v2+1"],"picked":"Buffer+1","floor":102},{"not_picked":["Envenom+1","Corruption+1","Impervious+1"],"picked":"Singing Bowl","floor":103},{"not_picked":["Cleave+1","EmptyBody+1","BootSequence+1"],"picked":"Singing Bowl","floor":105},{"not_picked":["Anger+1","Meteor Strike+1"],"picked":"Spot Weakness+1","floor":106},{"not_picked":["Sweeping Beam+1","Poisoned Stab+1","Fusion+1"],"picked":"Singing Bowl","floor":106},{"not_picked":["Ragnarok+1","Sentinel+1","Blade Dance+1"],"picked":"Singing Bowl","floor":106},{"not_picked":["Headbutt+1","Halt+1"],"picked":"Go for the Eyes+1","floor":106},{"not_picked":["Wallop+1","Fasting2+1"],"picked":"Iron Wave+1","floor":106},{"not_picked":["Machine Learning+1","Dagger Spray+1"],"picked":"Phantasmal Killer+1","floor":107},{"not_picked":["Wraith Form v2+1","A Thousand Cuts+1","Omniscience+1"],"picked":"Singing Bowl","floor":108}],"player_experience":2266789,"relics_obtained":[{"floor":8.0,"key":"PreservedInsect"},{"floor":9.0,"key":"infinitespire:Midas Blood"},{"floor":19.0,"key":"Necronomicon"},{"floor":23.0,"key":"Shuriken"},{"floor":24.0,"key":"Turnip"},{"floor":26.0,"key":"Ornamental Fan"},{"floor":28.0,"key":"Letter Opener"},{"floor":30.0,"key":"Pantograph"},{"floor":31.0,"key":"Frozen Egg 2"},{"floor":38.0,"key":"Lizard Tail"},{"floor":42.0,"key":"Ancient Tea Set"},{"floor":43.0,"key":"HornCleat"},{"floor":48.0,"key":"infinitespire:Satchel"},{"floor":55.0,"key":"infinitespire:ShieldingShard"},{"floor":58.0,"key":"Matryoshka"},{"floor":60.0,"key":"Self Forming Clay"},{"floor":61.0,"key":"Orichalcum"},{"floor":61.0,"key":"TungstenRod"},{"floor":65,"key":"Odd Mushroom"},{"floor":66,"key":"Gremlin Horn"},{"floor":69,"key":"Toy Ornithopter"},{"floor":69,"key":"Mango"},{"floor":75,"key":"Mummified Hand"},{"floor":78,"key":"Vajra"},{"floor":78,"key":"War Paint"},{"floor":81,"key":"Strawberry"},{"floor":82,"key":"Meat on the Bone"},{"floor":83,"key":"Bag of Preparation"},{"floor":88,"key":"Tiny Chest"},{"floor":92,"key":"Red Skull"},{"floor":94,"key":"Champion Belt"},{"floor":95,"key":"Du-Vu Doll"},{"floor":97,"key":"Oddly Smooth Stone"},{"floor":99,"key":"Shovel"},{"floor":105,"key":"Eternal Feather"},{"floor":107,"key":"Smiling Mask"}],"event_choices":[{"damage_healed":0.0,"max_hp_gain":0.0,"max_hp_loss":0.0,"gold_gain":150.0,"event_name":"Liars Game","player_choice":"AGREE","floor":2.0,"gold_loss":0.0,"damage_taken":0.0,"cards_obtained":["Doubt"]},{"damage_healed":0.0,"max_hp_gain":0.0,"max_hp_loss":0.0,"gold_gain":0.0,"event_name":"Scrap Ooze","player_choice":"Success","floor":4.0,"gold_loss":0.0,"damage_taken":18.0,"relics_obtained":["Toxic Egg 2"]},{"damage_healed":0.0,"max_hp_gain":0.0,"max_hp_loss":0.0,"gold_gain":75.0,"event_name":"World of Goop","player_choice":"Gather Gold","floor":14.0,"gold_loss":0.0,"damage_taken":11.0},{"damage_healed":0.0,"max_hp_gain":0.0,"max_hp_loss":0.0,"gold_gain":0.0,"event_name":"Cursed Tome","player_choice":"Obtained Book","floor":19.0,"gold_loss":0.0,"damage_taken":21.0},{"damage_healed":0.0,"max_hp_gain":0.0,"max_hp_loss":0.0,"gold_gain":0.0,"event_name":"Back to Basics","player_choice":"Simplicity","floor":21.0,"gold_loss":0.0,"damage_taken":0.0,"cards_upgraded":["Strike_R","Defend_R","Defend_R","Defend_R","Defend_R"]},{"damage_healed":0.0,"max_hp_gain":0.0,"max_hp_loss":0.0,"gold_gain":0.0,"event_name":"Ghosts","player_choice":"Ignored","floor":22.0,"gold_loss":0.0,"damage_taken":0.0},{"damage_healed":0.0,"max_hp_gain":0.0,"max_hp_loss":0.0,"gold_gain":0.0,"event_name":"The Mausoleum","player_choice":"Opened","floor":25.0,"gold_loss":0.0,"damage_taken":0.0,"relics_obtained":["FossilizedHelix"],"cards_obtained":["Writhe"]},{"damage_healed":0.0,"max_hp_gain":0.0,"max_hp_loss":0.0,"gold_gain":0.0,"event_name":"Vampires","player_choice":"Ignored","floor":27.0,"gold_loss":0.0,"damage_taken":0.0},{"damage_healed":0.0,"max_hp_gain":0.0,"max_hp_loss":0.0,"gold_gain":999.0,"event_name":"MindBloom","player_choice":"Gold","floor":36.0,"gold_loss":0.0,"damage_taken":0.0,"cards_obtained":["Normality","Normality"]},{"damage_healed":0.0,"max_hp_gain":0.0,"max_hp_loss":0.0,"gold_gain":0.0,"event_name":"Mysterious Sphere","player_choice":"Fight","floor":38.0,"gold_loss":0.0,"damage_taken":0.0},{"cards_removed":["Defend_R"],"damage_healed":0.0,"max_hp_gain":0.0,"max_hp_loss":0.0,"gold_gain":0.0,"event_name":"Falling","player_choice":"Removed Skill","floor":39.0,"gold_loss":0.0,"damage_taken":0.0},{"damage_healed":0.0,"max_hp_gain":0.0,"max_hp_loss":0.0,"gold_gain":0.0,"event_name":"The Woman in Blue","player_choice":"Bought 1 Potion","floor":41.0,"gold_loss":0.0,"damage_taken":0.0},{"damage_healed":0.0,"max_hp_gain":0.0,"max_hp_loss":0.0,"gold_gain":30.0,"event_name":"Dead Adventurer","player_choice":"Searched \u00272\u0027 times","floor":55.0,"gold_loss":0.0,"damage_taken":0.0},{"damage_healed":0.0,"max_hp_gain":0.0,"max_hp_loss":0.0,"gold_gain":0.0,"event_name":"Scrap Ooze","player_choice":"Success","floor":56.0,"gold_loss":0.0,"damage_taken":18.0,"relics_obtained":["Pear"]},{"damage_healed":0.0,"max_hp_gain":0.0,"max_hp_loss":0.0,"gold_gain":75.0,"event_name":"World of Goop","player_choice":"Gather Gold","floor":57.0,"gold_loss":0.0,"damage_taken":11.0},{"damage_healed":0,"gold_gain":0,"player_choice":"2 cards matched","damage_taken":0,"max_hp_gain":0,"max_hp_loss":0,"event_name":"Match and Keep!","floor":62,"gold_loss":0,"cards_obtained":["Whirlwind","Clumsy"]},{"damage_healed":0,"gold_gain":0,"player_choice":"Fought Mushrooms","damage_taken":0,"max_hp_gain":0,"max_hp_loss":0,"event_name":"Mushrooms","floor":65,"gold_loss":0},{"damage_healed":0,"gold_gain":900,"player_choice":"GOLD GOLD GOLD GOLD GOLD GOLD GOLD GOLD GOLD GOLD ","damage_taken":111,"max_hp_gain":0,"max_hp_loss":0,"event_name":"Knowing Skull","floor":73,"potions_obtained":[],"gold_loss":0,"cards_obtained":[]},{"damage_healed":0,"gold_gain":0,"cards_transformed":["Defend_R","Defend_R"],"player_choice":"Transformed Cards","damage_taken":0,"max_hp_gain":0,"max_hp_loss":0,"event_name":"Designer","floor":79,"gold_loss":75,"cards_obtained":["Infinite Blades","Wild Strike"]},{"damage_healed":0,"gold_gain":0,"player_choice":"Ignored","damage_taken":0,"max_hp_gain":0,"max_hp_loss":0,"event_name":"Tomb of Lord Red Mask","floor":89,"gold_loss":0},{"damage_healed":0,"gold_gain":0,"player_choice":"Memory 3","damage_taken":10,"max_hp_gain":0,"max_hp_loss":0,"event_name":"SensoryStone","floor":93,"gold_loss":0}],"is_beta":false,"boss_relics":[{"not_picked":["SlaversCollar","Runic Dome"],"picked":"SacredBark"},{"not_picked":["Cursed Key","Coffee Dripper"],"picked":"Runic Cube"},{"not_picked":["Runic Pyramid","Busted Crown"],"picked":"Philosopher\u0027s Stone"},{"not_picked":["infinitespire:Cupcake","Busted Crown"],"picked":"Calling Bell"},{"not_picked":["Black Star","Runic Pyramid"],"picked":"Tiny House"},{"not_picked":["Runic Dome","Snecko Eye","Velvet Choker"]}],"items_purged_floors":[37,46,90],"is_endless":true,"potions_floor_spawned":[1,24,30,31,35,38,42,55,58,60,72,75,81,83,85,87,92,94,97,99,100,102,103,107,108],"ascension_level":20}}