{"host":"Lrdox","time":1613217308,"event":{"mods":["BaseMod","Colored Map","Minty Spire (QoL Compilation)","Relic Stats"],"gold_per_floor":[114,114,43,43,58,88,88,103,128,158,158,188,203,233,233,333,333,348,348,348,123,123,153,153,183,183,213,213,228,278,293,293,393,393,408,208,208,223,223,253,253,283,283,313,328,358,158,175,175,175],"floor_reached":51,"language":"ENG","playtime":3323,"items_purged":["Sever Soul","Shrug It Off","Twin Strike"],"score":1065,"play_id":"ec625d01-9098-4210-83e0-c6373d096156","local_time":"20210213125508","daily_mods":["SealedDeck","Colorless Cards","Elite Swarm"],"is_ascension_mode":false,"campfire_choices":[{"data":"Exhume","floor":7,"key":"SMITH"},{"data":"Spot Weakness","floor":15,"key":"SMITH"},{"data":"Whirlwind","floor":24,"key":"SMITH"},{"data":"Panacea","floor":32,"key":"SMITH"},{"data":"Master of Strategy","floor":41,"key":"SMITH"},{"data":"Apotheosis","floor":49,"key":"SMITH"}],"circlet_count":0,"master_deck":["Sentinel","Pommel Strike","Twin Strike+1","Shrug It Off","Feel No Pain+1","Inflame","Panacea+1","Burning Pact","Exhume+1","Spot Weakness+1","Thinking Ahead+1","Reaper","Master of Strategy","Whirlwind+1","Spot Weakness+1","Feed+1","Impervious","Offering+1","Pummel+1","Master of Strategy+1","Apotheosis+1"],"relics":["Burning Blood","Ornamental Fan","Bag of Preparation","Letter Opener","Bottled Lightning","Thread and Needle","StoneCalendar","Runic Pyramid","Nilry\u0027s Codex","DollysMirror","Orichalcum","Calipers","PreservedInsect","Smiling Mask","Whetstone","Busted Crown","OrangePellets","Nunchaku","War Paint","Blood Vial","Lizard Tail","Magic Flower","Bottled Flame","Lantern","Gambling Chip"],"acts_visited":["Exordium","TheCity","TheBeyond"],"potions_floor_usage":[50,50],"damage_taken":[{"damage":6,"enemies":"Jaw Worm","floor":1,"turns":4},{"damage":1,"enemies":"Cultist","floor":5,"turns":4},{"damage":10,"enemies":"Lagavulin","floor":6,"turns":8},{"damage":0,"enemies":"Small Slimes","floor":8,"turns":2},{"damage":8,"enemies":"3 Sentries","floor":10,"turns":7},{"damage":11,"enemies":"Lagavulin","floor":12,"turns":7},{"damage":0,"enemies":"Exordium Wildlife","floor":13,"turns":3},{"damage":6,"enemies":"3 Sentries","floor":14,"turns":7},{"damage":22,"enemies":"The Guardian","floor":16,"turns":9},{"damage":3,"enemies":"Shell Parasite","floor":18,"turns":4},{"damage":8,"enemies":"Book of Stabbing","floor":23,"turns":4},{"damage":28,"enemies":"Gremlin Leader","floor":25,"turns":7},{"damage":23,"enemies":"Book of Stabbing","floor":27,"turns":5},{"damage":6,"enemies":"2 Thieves","floor":29,"turns":4},{"damage":0,"enemies":"Slavers","floor":30,"turns":3},{"damage":14,"enemies":"Sentry and Sphere","floor":31,"turns":4},{"damage":34,"enemies":"Collector","floor":33,"turns":7},{"damage":0,"enemies":"3 Darklings","floor":35,"turns":4},{"damage":0,"enemies":"3 Shapes","floor":38,"turns":2},{"damage":12,"enemies":"Reptomancer","floor":40,"turns":1},{"damage":6,"enemies":"Giant Head","floor":42,"turns":4},{"damage":14,"enemies":"Reptomancer","floor":44,"turns":4},{"damage":6,"enemies":"Writhing Mass","floor":45,"turns":3},{"damage":20,"enemies":"Nemesis","floor":46,"turns":3},{"damage":12,"enemies":"2 Orb Walkers","floor":48,"turns":2},{"damage":34,"enemies":"Donu and Deca","floor":50,"turns":5}],"seed_played":"6099103822572544471","potions_obtained":[{"floor":1,"key":"Swift Potion"},{"floor":6,"key":"Dexterity Potion"},{"floor":8,"key":"SteroidPotion"},{"floor":12,"key":"LiquidMemories"},{"floor":44,"key":"BlessingOfTheForge"},{"floor":45,"key":"PowerPotion"}],"is_trial":false,"path_per_floor":["M","?","$","?","M","E","R","M","T","E","T","E","M","E","R","B",null,"M","?","?","$","$","E","R","E","T","E","?","M","E","M","R","B",null,"M","$","?","M","?","E","R","E","T","E","M","E","$","?","R","B",null],"character_chosen":"IRONCLAD","items_purchased":["Burning Pact","DollysMirror","OrangePellets","Lantern"],"campfire_rested":0,"item_purchase_floors":[3,21,36,47],"current_hp_per_floor":[80,85,85,85,85,81,81,85,85,83,83,78,84,85,85,84,85,85,69,53,53,53,73,73,71,71,75,75,80,93,95,95,67,103,103,103,103,107,107,105,105,109,109,119,123,112,112,127,127,108],"gold":175,"neow_bonus":"","is_daily":true,"chose_seed":false,"campfire_upgraded":6,"win_rate":0.0,"timestamp":1613217308,"path_taken":["M","?","$","?","M","E","R","?","T","E","?","E","?","E","R","BOSS","M","?","?","?","$","E","R","E","T","E","?","?","E","M","R","BOSS","M","$","?","?","?","E","R","E","T","E","?","E","$","?","R","BOSS"],"items_purchased_type":["Card","Relic","Relic","Relic"],"build_version":"2020-12-18","purchased_purges":3,"victory":true,"max_hp_per_floor":[80,85,85,85,85,85,85,85,85,85,85,85,85,85,85,85,85,85,85,90,90,90,90,90,90,90,93,93,96,99,103,103,103,103,103,103,103,107,107,111,111,115,115,119,123,123,123,127,127,131],"relic_stats":{"counters":[26,117],"Magic Flower":[13],"StoneCalendar":[52],"PreservedInsect":370,"Bag of Preparation":[44],"Letter Opener":[489],"Whetstone":["Feed","Twin Strike"],"Orichalcum":[54],"War Paint":["Thinking Ahead","Offering"],"Smiling Mask":125,"Burning Blood":120,"Blood Vial":5,"OrangePellets":[0],"Nunchaku":[4],"Lizard Tail":0,"Busted Crown":16,"Ornamental Fan":[40],"Gambling Chip":[2],"obtain_stats":[{"Lantern":47,"Calipers":25,"Nilry\u0027s Codex":19,"Magic Flower":44,"StoneCalendar":14,"Bag of Preparation":9,"Whetstone":30,"Smiling Mask":27,"Burning Blood":0,"Blood Vial":42,"Nunchaku":37,"Lizard Tail":43,"DollysMirror":21,"Gambling Chip":48,"Runic Pyramid":17,"Thread and Needle":12,"PreservedInsect":26,"Letter Opener":10,"Orichalcum":23,"War Paint":40,"OrangePellets":36,"Bottled Flame":46,"Busted Crown":34,"Ornamental Fan":6,"Bottled Lightning":11},{"Lantern":24,"Calipers":12,"Nilry\u0027s Codex":10,"Magic Flower":22,"StoneCalendar":8,"Bag of Preparation":4,"Whetstone":15,"Smiling Mask":13,"Burning Blood":0,"Blood Vial":21,"Nunchaku":18,"Lizard Tail":21,"DollysMirror":10,"Gambling Chip":25,"Runic Pyramid":9,"Thread and Needle":6,"PreservedInsect":12,"Letter Opener":5,"Orichalcum":11,"War Paint":20,"OrangePellets":18,"Bottled Flame":24,"Busted Crown":17,"Ornamental Fan":3,"Bottled Lightning":5},{"Lantern":110,"Calipers":66,"Nilry\u0027s Codex":55,"Magic Flower":104,"StoneCalendar":42,"Bag of Preparation":18,"Whetstone":78,"Smiling Mask":71,"Burning Blood":0,"Blood Vial":100,"Nunchaku":93,"Lizard Tail":100,"DollysMirror":55,"Gambling Chip":112,"Runic Pyramid":51,"Thread and Needle":32,"PreservedInsect":66,"Letter Opener":25,"Orichalcum":59,"War Paint":96,"OrangePellets":93,"Bottled Flame":110,"Busted Crown":89,"Ornamental Fan":16,"Bottled Lightning":25}]},"card_choices":[{"not_picked":["Purity","Inflame"],"picked":"Panacea","floor":1},{"not_picked":["Body Slam","Clash","Mind Blast"],"picked":"SKIP","floor":5},{"not_picked":["Secret Technique","Berserk"],"picked":"Exhume","floor":6},{"not_picked":["Clash","Anger"],"picked":"Spot Weakness","floor":8},{"not_picked":["Metamorphosis","Mayhem"],"picked":"Thinking Ahead","floor":10},{"not_picked":["Juggernaut","Master of Strategy"],"picked":"Reaper","floor":12},{"not_picked":["Carnage","Heavy Blade","Thunderclap"],"picked":"SKIP","floor":13},{"not_picked":["Chrysalis","The Bomb"],"picked":"Master of Strategy","floor":14},{"not_picked":["Twin Strike","Clash"],"picked":"Whirlwind","floor":18},{"not_picked":["Juggernaut","Immolate"],"picked":"Feed","floor":23},{"not_picked":["Berserk","Sadistic Nature"],"picked":"Impervious","floor":25},{"not_picked":["Demon Form","Panache","Impervious"],"picked":"SKIP","floor":27},{"not_picked":["Impatience","Clash+1","Pommel Strike"],"picked":"SKIP","floor":29},{"not_picked":["Transmutation","Secret Technique","Impervious"],"picked":"SKIP","floor":30},{"not_picked":["Blind","Evolve","Havoc"],"picked":"SKIP","floor":31},{"not_picked":["Brutality","Immolate"],"picked":"Offering","floor":33},{"not_picked":[],"picked":"Pummel+1","floor":35},{"not_picked":["True Grit+1"],"picked":"SKIP","floor":38},{"not_picked":[],"picked":"Master of Strategy","floor":40},{"not_picked":[],"picked":"Apotheosis","floor":42},{"not_picked":["Impervious"],"picked":"SKIP","floor":44},{"not_picked":["Anger+1"],"picked":"SKIP","floor":45},{"not_picked":["Immolate"],"picked":"SKIP","floor":46}],"player_experience":259805,"relics_obtained":[{"floor":6,"key":"Ornamental Fan"},{"floor":9,"key":"Bag of Preparation"},{"floor":10,"key":"Letter Opener"},{"floor":11,"key":"Bottled Lightning"},{"floor":12,"key":"Thread and Needle"},{"floor":14,"key":"StoneCalendar"},{"floor":19,"key":"Nilry\u0027s Codex"},{"floor":23,"key":"Orichalcum"},{"floor":25,"key":"Calipers"},{"floor":26,"key":"PreservedInsect"},{"floor":27,"key":"Smiling Mask"},{"floor":30,"key":"Whetstone"},{"floor":40,"key":"War Paint"},{"floor":42,"key":"Blood Vial"},{"floor":43,"key":"Lizard Tail"},{"floor":44,"key":"Magic Flower"},{"floor":46,"key":"Bottled Flame"},{"floor":48,"key":"Gambling Chip"}],"event_choices":[{"damage_healed":0,"gold_gain":0,"player_choice":"Donut","damage_taken":0,"max_hp_gain":5,"max_hp_loss":0,"event_name":"Big Fish","floor":2,"gold_loss":0},{"damage_healed":0,"gold_gain":0,"player_choice":"Forge","damage_taken":0,"max_hp_gain":0,"max_hp_loss":0,"event_name":"Accursed Blacksmith","floor":4,"gold_loss":0,"cards_upgraded":["Feel No Pain"]},{"damage_healed":0,"gold_gain":0,"player_choice":"Obtained Book","damage_taken":16,"max_hp_gain":0,"max_hp_loss":0,"event_name":"Cursed Tome","floor":19,"gold_loss":0},{"damage_healed":0,"gold_gain":0,"player_choice":"Shed Blood","damage_taken":21,"max_hp_gain":5,"max_hp_loss":0,"event_name":"Forgotten Altar","floor":20,"gold_loss":0},{"cards_removed":["True Grit"],"damage_healed":0,"gold_gain":0,"player_choice":"Elegance","damage_taken":0,"max_hp_gain":0,"max_hp_loss":0,"event_name":"Back to Basics","floor":28,"gold_loss":0},{"damage_healed":0,"gold_gain":0,"player_choice":"Gave Potion","damage_taken":0,"relics_obtained":["Nunchaku"],"max_hp_gain":0,"max_hp_loss":0,"event_name":"WeMeetAgain","floor":37,"gold_loss":0},{"damage_healed":0,"gold_gain":0,"player_choice":"0 cards matched","damage_taken":0,"max_hp_gain":0,"max_hp_loss":0,"event_name":"Match and Keep!","floor":39,"gold_loss":0,"cards_obtained":[]},{"damage_healed":0,"gold_gain":0,"player_choice":"Fight","damage_taken":0,"max_hp_gain":0,"max_hp_loss":0,"event_name":"Mysterious Sphere","floor":48,"gold_loss":0}],"is_beta":true,"boss_relics":[{"not_picked":["Mark of Pain","Coffee Dripper"],"picked":"Runic Pyramid"},{"not_picked":["Black Star","Velvet Choker"],"picked":"Busted Crown"}],"items_purged_floors":[21,36,47],"is_endless":false,"potions_floor_spawned":[1,6,8,12,18,23,27,31,35,44,45,46],"ascension_level":0}}