{"host":"m552uo5jodlktm3e","time":1613193202,"event":{"mods":["BaseMod","Colored Powertips","Downfall","Minty Spire (QoL Compilation)","Quick Restart","StSLib"],"gold_per_floor":[99,119,131,145,17,50,50,50,50,50],"floor_reached":8,"language":"ENG","playtime":330,"items_purged":["Slimebound:Strike_Slimebound"],"score":59,"play_id":"e0e19e59-7290-495e-9fdb-5f09819ab096","local_time":"20210212211322","is_ascension_mode":true,"campfire_choices":[{"data":"Mind Blast","floor":1.0,"key":"SMITH"}],"circlet_count":0,"master_deck":["Slimebound:Strike_Slimebound","Slimebound:Strike_Slimebound","Slimebound:Tackle","Slimebound:Defend_Slimebound","Slimebound:Defend_Slimebound","Slimebound:Defend_Slimebound","Slimebound:Defend_Slimebound","Slimebound:Split","Slimebound:CorrosiveSpit","Mind Blast+1","Slimebound:SplitAcid","Slimebound:SlimeBarrage","Slimebound:AcidTongue","Slimebound:SlimeSpikes","Slimebound:Chomp","Slimebound:DuplicatedForm"],"relics":["Slimebound:AbsorbEndCombat","Juzu Bracelet","Letter Opener"],"acts_visited":["Exordium"],"potions_floor_usage":[],"damage_taken":[{"damage":8.0,"enemies":"Cultist","floor":2.0,"turns":4.0},{"damage":8.0,"enemies":"Jaw Worm","floor":3.0,"turns":4.0},{"damage":4.0,"enemies":"2 Louse","floor":4.0,"turns":2.0},{"damage":5.0,"enemies":"downfall:FleeingMerchant","floor":5.0,"turns":4.0},{"damage":28.0,"enemies":"Lagavulin","floor":6.0,"turns":7.0},{"damage":0,"enemies":"Gremlin Nob","floor":8,"turns":1}],"seed_played":"600007192825558871","potions_obtained":[{"floor":6.0,"key":"SmokeBomb"}],"is_trial":false,"path_per_floor":["R","M","M","M","$","E","T","E"],"character_chosen":"SLIMEBOUND","items_purchased":["Slimebound:Chomp"],"campfire_rested":0,"item_purchase_floors":[5],"current_hp_per_floor":[65,58,52,48,45,19,19,19,19,19],"gold":50,"neow_bonus":"RANDOM_COLORLESS","is_daily":false,"chose_seed":false,"campfire_upgraded":1,"win_rate":0.0,"timestamp":1613193202,"path_taken":["R","M","M","?","$","E","T","E"],"items_purchased_type":["Card"],"build_version":"2020-12-22","purchased_purges":1,"victory":false,"max_hp_per_floor":[65,65,65,65,65,65,65,65,65,65],"card_choices":[{"not_picked":["Deep Breath","Trip"],"picked":"Mind Blast","floor":0.0},{"not_picked":["Slimebound:Schlurp","Slimebound:HauntingLick"],"picked":"Slimebound:SplitAcid","floor":2.0},{"not_picked":["Slimebound:GoopSpray","Slimebound:LivingWall"],"picked":"Slimebound:SlimeBarrage","floor":3.0},{"not_picked":["Slimebound:LeechingTouch","Slimebound:ComboTackle"],"picked":"Slimebound:AcidTongue","floor":4.0},{"not_picked":["Slimebound:LeadByExample","Slimebound:LeechingTouch"],"picked":"Slimebound:SlimeSpikes","floor":5.0},{"not_picked":["Slimebound:LeechingTouch","Slimebound:SplitLeeching"],"picked":"Slimebound:DuplicatedForm","floor":6.0}],"player_experience":1067171,"relics_obtained":[{"floor":6.0,"key":"Juzu Bracelet"},{"floor":7.0,"key":"Letter Opener"}],"event_choices":[],"is_beta":false,"boss_relics":[],"items_purged_floors":[5],"is_endless":false,"potions_floor_spawned":[6],"killed_by":"Gremlin Nob","ascension_level":1}}