{"host":"xspno2hvvkg1vi3z","time":1613193309,"event":{"mods":["100% Spire Juice","BaseMod","Downfall","Energized Spire","Minty Spire (QoL Compilation)","StSLib"],"gold_per_floor":[119,119,131,131,131,159,172,189,189,82,96,113,113,125,125,224,104,118,135,185,64,77,97,97,97],"floor_reached":24,"language":"ZHS","playtime":1018,"items_purged":["Moonworks:Strike"],"score":229,"play_id":"5510fd02-0e4f-4175-928e-16327a362540","local_time":"20210213131508","is_ascension_mode":false,"campfire_choices":[{"floor":15.0,"key":"REST"}],"circlet_count":0,"master_deck":["Moonworks:Strike","Moonworks:Strike","Moonworks:Strike","Moonworks:Defend","Moonworks:Defend","Moonworks:Defend","Moonworks:Defend","Moonworks:Ambush","Moonworks:LongDistanceShot","Moonworks:BigBangBell","Moonworks:NicePresent","Moonworks:BackdoorTrade","Moonworks:BackdoorTrade","Moonworks:BackdoorTrade+1","Moonworks:RocketCannon","Moonworks:SubspaceTunnel+1","Moonworks:Encore","Moonworks:DeployBits+1","Moonworks:EvilSpyWorkPreparation+1"],"relics":["Moonworks:BrokenBomb","Moonworks:Homemark","NeowsBlessing","Matryoshka","TungstenRod","Question Card","Toxic Egg 2","Singing Bowl","Coffee Dripper"],"acts_visited":["Exordium","TheCity"],"potions_floor_usage":[24,24],"damage_taken":[{"damage":0.0,"enemies":"Small Slimes","floor":1.0,"turns":1.0},{"damage":0.0,"enemies":"Cultist","floor":3.0,"turns":1.0},{"damage":0.0,"enemies":"Lagavulin","floor":6.0,"turns":1.0},{"damage":10.0,"enemies":"2 Louse","floor":7.0,"turns":3.0},{"damage":17.0,"enemies":"Lots of Slimes","floor":8.0,"turns":5.0},{"damage":3.0,"enemies":"Large Slime","floor":10.0,"turns":5.0},{"damage":9.0,"enemies":"3 Louse","floor":11.0,"turns":4.0},{"damage":0.0,"enemies":"Gremlin Gang","floor":12.0,"turns":5.0},{"damage":0.0,"enemies":"Large Slime","floor":14.0,"turns":3.0},{"damage":25.0,"enemies":"The Guardian","floor":16.0,"turns":10.0},{"damage":30,"enemies":"2 Thieves","floor":18,"turns":4},{"damage":2,"enemies":"Chosen","floor":19,"turns":3},{"damage":7,"enemies":"Snecko","floor":22,"turns":4},{"damage":13,"enemies":"Cultist and Chosen","floor":23,"turns":6},{"damage":16,"enemies":"Chosen and Byrds","floor":24,"turns":3}],"seed_played":"2869675555918257756","potions_obtained":[{"floor":1.0,"key":"DuplicationPotion"},{"floor":8.0,"key":"PowerPotion"},{"floor":11.0,"key":"Explosive Potion"},{"floor":16.0,"key":"SkillPotion"},{"floor":22,"key":"Energy Potion"}],"is_trial":false,"path_per_floor":["M","?","M","?","?","E","M","M","T","M","M","M","?","M","R","B",null,"M","M","?","$","M","M","M"],"character_chosen":"THE_STARBREAKER","items_purchased":["Moonworks:DeployBits+1"],"campfire_rested":1,"item_purchase_floors":[21],"current_hp_per_floor":[60,48,48,48,48,48,38,21,21,18,11,11,5,7,26,1,64,36,34,34,34,29,16,0,0],"gold":97,"neow_bonus":"THREE_ENEMY_KILL","is_daily":false,"chose_seed":false,"campfire_upgraded":0,"win_rate":0.0,"timestamp":1613193308,"path_taken":["M","?","M","?","?","E","M","M","T","?","M","M","?","M","R","BOSS","M","M","?","$","?","M","M"],"items_purchased_type":["Card"],"build_version":"2020-12-22","purchased_purges":1,"victory":false,"max_hp_per_floor":[60,60,60,60,60,60,60,60,60,60,62,62,62,64,64,64,64,66,66,66,66,68,68,68,68],"card_choices":[{"not_picked":["Moonworks:IndiscriminateFireSupport","Moonworks:NicePresent"],"picked":"Moonworks:BigBangBell","floor":1.0},{"not_picked":["Moonworks:Heat300Percent","Moonworks:Assault","Moonworks:TreasureThief"],"picked":"SKIP","floor":3.0},{"not_picked":["Moonworks:MiracleWalker","Moonworks:IndiscriminateFireSupport"],"picked":"Moonworks:NicePresent","floor":6.0},{"not_picked":["Moonworks:BigMagnum","Moonworks:CloudOfSeagulls","Moonworks:SakisCookie"],"picked":"Moonworks:BackdoorTrade","floor":7.0},{"not_picked":["Moonworks:AngelHand","Moonworks:LulusLuckyEgg","Moonworks:SakisCookie"],"picked":"Moonworks:BackdoorTrade","floor":8.0},{"not_picked":["Moonworks:LulusLuckyEgg+1","Moonworks:CookingTime","Moonworks:JonathanRush"],"picked":"Moonworks:BackdoorTrade+1","floor":10.0},{"not_picked":["Moonworks:NicePresent+1","Moonworks:ReproductionOfRecords+1","Moonworks:SakisCookie+1","Moonworks:JonathanRush"],"picked":"Singing Bowl","floor":11.0},{"not_picked":["Moonworks:ImOnFire+1","Moonworks:TreasureThief+1","Moonworks:CastOff+1"],"picked":"Moonworks:RocketCannon","floor":12.0},{"not_picked":["Moonworks:JonathanRush","Moonworks:UnluckyCharm+1","Moonworks:SakisCookie+1","Moonworks:LulusLuckyEgg+1"],"picked":"Singing Bowl","floor":14.0},{"not_picked":["Moonworks:MeltingMemories","Moonworks:Accelerator","Moonworks:PlushieMaster+1"],"picked":"Moonworks:SubspaceTunnel+1","floor":16.0},{"not_picked":["Moonworks:CastOff+1","Moonworks:SelfDestruct","Moonworks:BigMagnum+1","Moonworks:Bloodlust+1"],"picked":"Singing Bowl","floor":18},{"not_picked":["Moonworks:SakisCookie+1","Moonworks:Assault+1","Moonworks:JonathanRush+1"],"picked":"Moonworks:Encore","floor":19},{"not_picked":["Moonworks:JonathanRush","Moonworks:IndiscriminateFireSupport+1","Moonworks:BindingChains+1","Moonworks:SelfDestruct"],"picked":"Singing Bowl","floor":22},{"not_picked":["Moonworks:FinalSurgery","Moonworks:DeployBits+1","Moonworks:IntelligenceOfficer+1"],"picked":"Moonworks:EvilSpyWorkPreparation+1","floor":23}],"player_experience":204178,"relics_obtained":[{"floor":6.0,"key":"Question Card"},{"floor":9.0,"key":"Toxic Egg 2"},{"floor":9.0,"key":"Singing Bowl"}],"event_choices":[{"damage_healed":0.0,"max_hp_gain":0.0,"max_hp_loss":0.0,"gold_gain":0.0,"event_name":"Scrap Ooze","player_choice":"Success","floor":2.0,"gold_loss":0.0,"damage_taken":12.0,"relics_obtained":["Matryoshka"]},{"damage_healed":0.0,"max_hp_gain":0.0,"max_hp_loss":0.0,"gold_gain":0.0,"event_name":"Big Fish","player_choice":"Box","floor":4.0,"gold_loss":0.0,"damage_taken":0.0,"relics_obtained":["TungstenRod"],"cards_obtained":["Regret"]},{"cards_removed":["Regret"],"damage_healed":0.0,"max_hp_gain":0.0,"max_hp_loss":0.0,"gold_gain":0.0,"event_name":"NoteForYourself","player_choice":"Took Card","floor":5.0,"gold_loss":0.0,"damage_taken":0.0,"cards_obtained":["Strike_R"]},{"cards_removed":["Strike_R"],"damage_healed":0.0,"max_hp_gain":0.0,"max_hp_loss":0.0,"gold_gain":0.0,"event_name":"Golden Wing","player_choice":"Card Removal","floor":13.0,"gold_loss":0.0,"damage_taken":7.0},{"damage_healed":0,"gold_gain":100,"player_choice":"Bet on Murderer","damage_taken":0,"max_hp_gain":0,"max_hp_loss":0,"event_name":"The Joust","floor":20,"gold_loss":50}],"is_beta":false,"boss_relics":[{"not_picked":["Calling Bell","SacredBark"],"picked":"Coffee Dripper"}],"items_purged_floors":[21],"is_endless":false,"potions_floor_spawned":[1,8,11,16,22,23],"killed_by":"Chosen and Byrds","ascension_level":0}}