{"host":"1lwxixhv2lzh5ag1","time":1613190785,"event":{"mods":["AchievementEnabler","BaseMod","Bestiary","Better Altar","Better Match","Better Note","Better Sensory Stone","Better Silent Start","Better Skull","Better Third Choice","BetterRewards","Colored Map","Colored Powertips","DeckTracker","Displayed Cursed Tome","Downfall","Fox Events","Hubris","Minty Spire (QoL Compilation)","Permanent Neow","Relic Stats","Reliquary","Replay The Spire","Spire Arcade","StSLib","Td1madao Mod","The Blue Laboratory","Uncapped","Waifu the Spire"],"gold_per_floor":[109,109,109,109,109,127,137,155,155,167,167,110,128,148,148,245,245,263,223,223,243,243,274,285,285,311,311,327,377,377,392,392,392,392],"floor_reached":33,"language":"ENG","playtime":1390,"items_purged":[],"score":334,"play_id":"c0ea3660-d940-440d-886e-65d7f30cae54","local_time":"20210212233305","is_ascension_mode":false,"campfire_choices":[{"data":"Noxious Fumes","floor":11.0,"key":"SMITH"},{"data":"Prepared","floor":15.0,"key":"SMITH"},{"floor":25,"key":"REST"},{"floor":27,"key":"REST"},{"data":"Infinite Blades","floor":30,"key":"SMITH"},{"floor":32,"key":"DIG"}],"circlet_count":0,"master_deck":["Strike_G","Strike_G","Strike_G","Strike_G","Defend_G","Defend_G","Defend_G","Defend_G","Survivor+1","Neutralize","Underhanded Strike","Burn","Bane","Backflip","Masterful Stab","Noxious Fumes+1","Toxin Wave+1","Poisoned Stab","Prepared+1","Die Die Die+1","Deadly Poison+1","Infinite Blades+1","Deflect","PiercingWail+1","Blade Dance+1"],"relics":["Ring of the Snake","hubris:Icosahedron","Golden Egg","hubris:Spice","MutagenicStrength","Replay:Bottled Snecko","Strawberry","Thread and Needle"],"acts_visited":["Exordium","TheCity"],"potions_floor_usage":[23,23,24,33],"damage_taken":[{"damage":0.0,"enemies":"Small Slimes","floor":1.0,"turns":4.0},{"damage":2.0,"enemies":"Jaw Worm","floor":6.0,"turns":5.0},{"damage":2.0,"enemies":"Cultist","floor":7.0,"turns":5.0},{"damage":4.0,"enemies":"2 Fungi Beasts","floor":8.0,"turns":5.0},{"damage":2.0,"enemies":"Exordium Thugs","floor":10.0,"turns":5.0},{"damage":0.0,"enemies":"Blue Slaver","floor":13.0,"turns":2.0},{"damage":0.0,"enemies":"Looter","floor":14.0,"turns":2.0},{"damage":0.0,"enemies":"Hexaghost","floor":16.0,"turns":7.0},{"damage":9,"enemies":"Spheric Guardian","floor":18,"turns":4},{"damage":12,"enemies":"3 Byrds","floor":21,"turns":3},{"damage":16,"enemies":"Replay:Snechameleon","floor":23,"turns":4},{"damage":36,"enemies":"Shelled Parasite and Fungi","floor":24,"turns":4},{"damage":12,"enemies":"3 Cultists","floor":28,"turns":4},{"damage":8,"enemies":"Centurion and Healer","floor":31,"turns":6},{"damage":57,"enemies":"Automaton","floor":33,"turns":6}],"seed_played":"2368016525502185209","potions_obtained":[{"floor":7.0,"key":"ColorlessPotion"},{"floor":10.0,"key":"SkillPotion"},{"floor":13.0,"key":"blueLaboratory:ArtistsPotion"},{"floor":18,"key":"Ancient Potion"},{"floor":21,"key":"FearPotion"},{"floor":28,"key":"blueLaboratory:ExaltedPotion"},{"floor":31,"key":"ColorlessPotion"}],"is_trial":false,"path_per_floor":["M","?","?","$","?","M","M","M","T","M","R","$","M","M","R","B",null,"M","?","?","M","?","E","M","R","T","R","M","?","R","M","R_BF","B"],"character_chosen":"THE_SILENT","items_purchased":["Golden Egg","Toxin Wave+1"],"campfire_rested":2,"item_purchase_floors":[4,12],"current_hp_per_floor":[77,77,77,62,62,60,58,54,62,60,60,60,60,60,60,60,85,76,76,76,64,64,48,12,37,44,71,59,59,59,51,51,0,0],"gold":392,"neow_bonus":"TEN_PERCENT_HP_BONUS","is_daily":false,"chose_seed":false,"campfire_upgraded":3,"win_rate":0.0,"timestamp":1613190785,"path_taken":["M","?","?","?","?","?","M","M","T","M","R","$","M","M","R","BOSS","M","?","?","M","?","E","M","R","T","R","M","?","R","?","R_BF","BOSS"],"items_purchased_type":["Relic","Card"],"build_version":"2020-12-22","purchased_purges":0,"victory":false,"max_hp_per_floor":[77,77,77,77,77,77,77,77,85,85,85,85,85,85,85,85,85,85,85,85,85,85,85,85,85,92,92,92,92,92,92,92,92,92],"relic_stats":{"counters":[31,144],"obtain_stats":[{"Ice Cream":7,"Golden Egg":4,"hubris:Metronome":11,"The Specimen":0,"hubris:DuctTape":9,"Thread and Needle":32,"hubris:HollowSoul":17,"Ancient Tea Set":21,"Pet Ghost":26,"hubris:Icosahedron":2,"hubris:Spice":9,"MutagenicStrength":22,"Strawberry":26,"Nloth\u0027s Gift":22,"ReplayTheSpireMod:TigerMarble":29,"reliquary:Knoch":28,"Replay:Bottled Snecko":23,"Ring of the Snake":0},{"Ice Cream":4,"Golden Egg":17,"hubris:Metronome":5,"The Specimen":0,"hubris:DuctTape":4,"Thread and Needle":30,"hubris:HollowSoul":7,"Ancient Tea Set":9,"Pet Ghost":11,"hubris:Icosahedron":17,"hubris:Spice":20,"MutagenicStrength":26,"Strawberry":28,"Nloth\u0027s Gift":9,"ReplayTheSpireMod:TigerMarble":13,"reliquary:Knoch":13,"Replay:Bottled Snecko":27,"Ring of the Snake":0},{"Ice Cream":23,"Golden Egg":82,"hubris:Metronome":32,"The Specimen":0,"hubris:DuctTape":23,"Thread and Needle":138,"hubris:HollowSoul":43,"Ancient Tea Set":50,"Pet Ghost":58,"hubris:Icosahedron":82,"hubris:Spice":97,"MutagenicStrength":120,"Strawberry":128,"Nloth\u0027s Gift":50,"ReplayTheSpireMod:TigerMarble":66,"reliquary:Knoch":66,"Replay:Bottled Snecko":124,"Ring of the Snake":0}],"Ring of the Snake":[166]},"card_choices":[{"not_picked":["Acrobatics","hubris:SlightOfHand"],"picked":"Underhanded Strike","floor":1.0},{"not_picked":["Backflip","Choke"],"picked":"Bane","floor":6.0},{"not_picked":["Skewer","Catalyst"],"picked":"Backflip","floor":7.0},{"not_picked":["Escape Plan","Bane"],"picked":"Masterful Stab","floor":8.0},{"not_picked":["Acrobatics","Prepared"],"picked":"Noxious Fumes","floor":10.0},{"not_picked":["Blur","Glass Knife"],"picked":"Poisoned Stab","floor":13.0},{"not_picked":["ReplayTheSpireMod:The Works","Deflect"],"picked":"Prepared","floor":14.0},{"not_picked":["Doppelganger","Night Terror"],"picked":"Die Die Die","floor":16.0},{"not_picked":["Outmaneuver","hubris:SlightOfHand"],"picked":"Deadly Poison","floor":18},{"not_picked":["Prepared","Phantasmal Killer"],"picked":"Infinite Blades","floor":21},{"not_picked":["Accuracy","Skewer"],"picked":"Deflect","floor":23},{"not_picked":["Dodge and Roll","Outmaneuver","Die Die Die"],"picked":"SKIP","floor":24},{"not_picked":["Acrobatics","Outmaneuver+1"],"picked":"PiercingWail+1","floor":28},{"not_picked":["Masterful Stab","Quick Slash"],"picked":"Blade Dance+1","floor":31}],"player_experience":17112,"relics_obtained":[{"floor":9.0,"key":"hubris:Spice"},{"floor":23,"key":"Replay:Bottled Snecko"},{"floor":26,"key":"Strawberry"},{"floor":32,"key":"Thread and Needle"}],"event_choices":[{"damage_healed":77.0,"max_hp_gain":0.0,"max_hp_loss":77.0,"gold_gain":0.0,"event_name":"betterThird:BetterShining","player_choice":"Embrace Burn","floor":3.0,"gold_loss":0.0,"damage_taken":0.0},{"damage_healed":0.0,"max_hp_gain":0.0,"max_hp_loss":0.0,"gold_gain":0.0,"event_name":"Accursed Blacksmith","player_choice":"Forge","floor":5.0,"gold_loss":0.0,"damage_taken":0.0,"cards_upgraded":["Survivor"]},{"damage_healed":0,"gold_gain":0,"player_choice":"Upgrade","damage_taken":0,"max_hp_gain":0,"max_hp_loss":0,"event_name":"Designer","floor":19,"gold_loss":40,"cards_upgraded":["Deadly Poison"]},{"cards_removed":["Toxin Wave"],"damage_healed":0,"gold_gain":0,"player_choice":"Give","damage_taken":0,"max_hp_gain":0,"max_hp_loss":0,"event_name":"betterNote:BetterNote","floor":20,"gold_loss":0,"cards_obtained":["None"]},{"damage_healed":0,"gold_gain":0,"player_choice":"Inject Mutagens","damage_taken":0,"relics_obtained":["MutagenicStrength"],"max_hp_gain":0,"max_hp_loss":0,"event_name":"Drug Dealer","floor":22,"gold_loss":0},{"damage_healed":0,"gold_gain":100,"player_choice":"Bet on Murderer","damage_taken":0,"max_hp_gain":0,"max_hp_loss":0,"event_name":"The Joust","floor":29,"gold_loss":50}],"is_beta":false,"boss_relics":[{"not_picked":["hubris:Spice","ReplayTheSpireMod:DimensionalGlitch","hubris:Spice"]}],"items_purged_floors":[],"is_endless":false,"potions_floor_spawned":[7,10,13,18,21,28,31],"killed_by":"Automaton","ascension_level":0}}