{"host":"bx54wbx1b8s5cm4v","time":1613241983,"event":{"mods":["BaseMod","Beaked The Cultist","GifTheSpireLib","Hubris","Marisa????????","Minty Spire (QoL Compilation)","StSLib","The Blackbeard","The Bladedancer","The Cursed","The Disciple","The Druid","The Forsaken","The Necromancer","The Runesmith","The Servant 0.9.4","TheBandit"],"gold_per_floor":[110,126,301,301,315,315,351,351,375,399,437,437,452,452,452,452,452],"floor_reached":16,"language":"ENG","playtime":728,"items_purged":[],"score":134,"play_id":"f4e0f848-a516-40b7-8565-c65b496a17f5","local_time":"20210213154623","is_ascension_mode":false,"campfire_choices":[{"data":"Sabotage","floor":6,"key":"SMITH"},{"floor":12,"key":"REST"},{"floor":15,"key":"REST"}],"circlet_count":0,"master_deck":["TheCursedMod:AbyssShockwave+1","Strike_S","Strike_S","Strike_S","Strike_S","Defend_S","Defend_S","Defend_S","Defend_S","KidneyShot","Exchange","Sabotage+1","SpecialFormula","Potential","Ricochet","Comet","FlawlessForm","MoonPhase"],"relics":["Uniform","Golden Idol","Runesmith:AutoHammer","Spirit Poop","Blood Vial","theForsaken:Kindling","hubris:Icosahedron"],"acts_visited":["Exordium"],"potions_floor_usage":[10,11],"damage_taken":[{"damage":4,"enemies":"Cultist","floor":1,"turns":5},{"damage":3,"enemies":"Small Slimes","floor":2,"turns":2},{"damage":0,"enemies":"2 Louse","floor":5,"turns":2},{"damage":36,"enemies":"Lagavulin","floor":7,"turns":8},{"damage":0,"enemies":"Gremlin Gang","floor":10,"turns":1},{"damage":15,"enemies":"3 Sentries","floor":11,"turns":7},{"damage":5,"enemies":"3 Louse","floor":13,"turns":3},{"damage":78,"enemies":"The Guardian","floor":16,"turns":15}],"seed_played":"-1145049613946309688","potions_obtained":[{"floor":7,"key":"ColorlessPotion"},{"floor":10,"key":"Dexterity Potion"},{"floor":11,"key":"ColorlessPotion"}],"is_trial":false,"path_per_floor":["M","M","?","?","M","R","E","?","T","M","E","R","M","?","R","B"],"character_chosen":"THE_SERVANT","items_purchased":[],"campfire_rested":2,"item_purchase_floors":[],"current_hp_per_floor":[67,64,64,47,47,47,16,16,16,18,10,36,38,38,65,0,0],"gold":452,"neow_bonus":"TEN_PERCENT_HP_BONUS","is_daily":false,"chose_seed":false,"campfire_upgraded":1,"win_rate":0.0,"timestamp":1613241983,"path_taken":["M","M","?","?","M","R","E","?","T","?","E","R","M","?","R","BOSS"],"items_purchased_type":[],"build_version":"2020-12-22","purchased_purges":0,"victory":false,"max_hp_per_floor":[71,71,71,71,71,71,71,71,71,71,71,76,76,76,81,81,81],"card_choices":[{"not_picked":["Starlight","Rearm"],"picked":"Sabotage","floor":1},{"not_picked":["ReturningBlade","Advance"],"picked":"SpecialFormula","floor":2},{"not_picked":["FastForward","Rewind"],"picked":"Potential","floor":5},{"not_picked":["StarChef","Replace"],"picked":"Ricochet","floor":7},{"not_picked":["Alleviate","WasteNot"],"picked":"Comet","floor":10},{"not_picked":["ShiftingGears","GearUp"],"picked":"FlawlessForm","floor":11},{"not_picked":["ShatteredReality","Defy"],"picked":"MoonPhase","floor":13}],"player_experience":49249,"relics_obtained":[{"floor":7,"key":"Runesmith:AutoHammer"},{"floor":9,"key":"Blood Vial"},{"floor":11,"key":"theForsaken:Kindling"}],"event_choices":[{"damage_healed":0,"gold_gain":175,"player_choice":"AGREE","damage_taken":0,"max_hp_gain":0,"max_hp_loss":0,"event_name":"Liars Game","floor":3,"gold_loss":0,"cards_obtained":["Doubt"]},{"damage_healed":0,"gold_gain":0,"player_choice":"Take Damage","damage_taken":17,"relics_obtained":["Golden Idol"],"max_hp_gain":0,"max_hp_loss":0,"event_name":"Golden Idol","floor":4,"gold_loss":0},{"cards_removed":["Doubt"],"damage_healed":0,"gold_gain":0,"player_choice":"Offered Curse","damage_taken":0,"relics_obtained":["Spirit Poop"],"max_hp_gain":0,"max_hp_loss":0,"event_name":"Bonfire Elementals","floor":8,"gold_loss":0}],"is_beta":false,"boss_relics":[],"items_purged_floors":[],"is_endless":false,"potions_floor_spawned":[7,10,11],"killed_by":"The Guardian","ascension_level":0}}