{"host":"3yynf0dn84873kbr","time":1613225649,"event":{"mods":["Act Like it!","Arknights","BaseMod","CapriCore","Gensokyo","Marisa（F雨　魔理沙）","Minty Spire (QoL Compilation)","StSLib","WarShipGirlsR/战舰少女R mod","[IsaacMod]以撒尖塔","残留之物"],"gold_per_floor":[110,110,125,125,148,148,171,171,171,191,212,202,237,312,312,435,435,428,441,441,190,190,190,233,257,280,296,296,296,312,326,326,452,452,476,171,194,194,134,134,134,134],"floor_reached":41,"language":"ZHS","playtime":1879,"items_purged":[],"score":463,"play_id":"852e21b8-088a-4303-9896-db124e933dcc","local_time":"20210213221409","is_ascension_mode":false,"campfire_choices":[{"data":"ats:Explosion Area Strengthen","floor":6,"key":"SMITH"},{"data":"ats:Emotion Absorption","floor":8,"key":"SMITH"},{"data":"ats:Sword Rain","floor":15,"key":"SMITH"},{"data":"ats:Roar Of Ursus","floor":23,"key":"SMITH"},{"data":"ats:Encircling Forest","floor":29,"key":"SMITH"},{"data":"ats:Ambush","floor":32,"key":"SMITH"},{"data":"ats:Healing Strengthening","floor":40,"key":"SMITH"}],"circlet_count":0,"master_deck":["ats:Strike C","ats:Strike G","ats:Strike S","ats:Armor Crushing Shot+1","ats:Defend","ats:Defend","ats:Defend","ats:Emotion Absorption+1","ats:Explosion Area Strengthen+1","ats:Apocalypse","ats:Shell Defense","ats:Sword Rain+1","ats:Ambush+1","ats:Encircling Forest+1","ats:Apocalypse","ats:Roar Of Ursus+1","ats:Leaping Hammer+1","ats:Healing Strengthening+1","Necronomicurse","ats:Explosion Area Strengthen","ats:Assault Order+1","ats:Revitalization+1","ats:Revitalization+1","ats:Calcification+1","Mayhem+1","ats:Mental Burst+1","ats:Beaten Up+1","ats:Sashimi Platter+1"],"relics":["ats:Sanity","HushsDoor","NeowsBlessing","SteamSale","Golden Idol","YumHeart","ats:Originium","The Courier","Sozu","GuppysPaw","Necronomicon","Toxic Egg 2","Lee\u0027s Waffle","Shuriken","NineVolt","BookOfRevelations","Astrolabe","ats:Defend","Dead Branch","Medical Kit"],"acts_visited":["Exordium","TheCity","TheBeyond"],"potions_floor_usage":[],"damage_taken":[{"damage":0,"enemies":"Jaw Worm","floor":1,"turns":1},{"damage":0,"enemies":"Small Slimes","floor":3,"turns":1},{"damage":0,"enemies":"Cultist","floor":5,"turns":1},{"damage":15,"enemies":"Large Slime","floor":7,"turns":8},{"damage":6,"enemies":"2 Fungi Beasts","floor":10,"turns":3},{"damage":7,"enemies":"Blue Slaver","floor":11,"turns":4},{"damage":35,"enemies":"Gremlin Nob","floor":13,"turns":5},{"damage":0,"enemies":"Slime Boss","floor":16,"turns":5},{"damage":14,"enemies":"2 Thieves","floor":18,"turns":5},{"damage":47,"enemies":"3 Byrds","floor":19,"turns":7},{"damage":27,"enemies":"Gremlin Leader","floor":24,"turns":8},{"damage":6,"enemies":"3 Cultists","floor":25,"turns":3},{"damage":27,"enemies":"Shelled Parasite and Fungi","floor":27,"turns":9},{"damage":37,"enemies":"Snake Plant","floor":30,"turns":8},{"damage":22,"enemies":"Snecko","floor":31,"turns":5},{"damage":122,"enemies":"Collector","floor":33,"turns":18},{"damage":31,"enemies":"3 Darklings","floor":35,"turns":6},{"damage":78,"enemies":"3 Shapes","floor":37,"turns":6},{"damage":46,"enemies":"Spire Growth","floor":41,"turns":4}],"seed_played":"7181238683581845174","potions_obtained":[{"floor":3,"key":"Swift Potion"},{"floor":13,"key":"PlaceholderMod:PlaceholderPotion"},{"floor":16,"key":"BlessingOfTheForge"}],"is_trial":false,"path_per_floor":["M","?","M","?","M","R","M","R","T","M","M","?","E","?","R","B",null,"M","M","?","$","?","R","E","M","T","M","?","R","M","M","R","B",null,"M","$","M","?","$","R","M"],"character_chosen":"DOCTOR_CLASS","items_purchased":["GuppysPaw","Toxic Egg 2","Lee\u0027s Waffle","Shuriken","ats:Defend","Dead Branch","Medical Kit"],"campfire_rested":0,"item_purchase_floors":[17,21,21,21,36,36,39],"current_hp_per_floor":[72,58,58,40,40,40,36,36,36,61,62,62,30,19,19,27,59,51,30,14,66,66,66,54,52,52,51,51,51,45,33,33,53,63,63,63,26,26,26,26,0,0],"gold":134,"neow_bonus":"THREE_ENEMY_KILL","is_daily":false,"chose_seed":false,"campfire_upgraded":7,"win_rate":0.0,"timestamp":1613225649,"path_taken":["M","?","?","?","M","R","M","R","T","M","M","?","E","?","R","BOSS","M","M","?","$","?","R","E","?","T","M","?","R","M","M","R","BOSS","M","$","M","?","$","R","M"],"items_purchased_type":["Relic","Relic","Relic","Relic","Card","Relic","Relic"],"build_version":"2020-12-22","purchased_purges":0,"victory":false,"max_hp_per_floor":[72,72,72,72,72,72,72,72,72,72,72,72,72,72,72,69,59,59,59,59,66,66,66,66,63,63,63,63,63,63,63,63,63,63,63,63,63,63,63,63,63,63],"card_choices":[{"not_picked":[],"picked":"BloodyBrimstone","floor":0},{"not_picked":["ats:Shell Defense","ats:Powerful Strike"],"picked":"ats:Explosion Area Strengthen","floor":1},{"not_picked":["ats:Literary Storm","ats:Assault Order"],"picked":"ats:Apocalypse","floor":3},{"not_picked":["ats:Absolute Focus","ats:Assault Order"],"picked":"ats:Shell Defense","floor":5},{"not_picked":["ats:Hammer On","ats:Flexible Camouflage"],"picked":"ats:Sword Rain","floor":7},{"not_picked":["ats:Hammer On","ats:Apocalypse"],"picked":"ats:Ambush","floor":10},{"not_picked":["ats:Hammer On","ats:Charging Defense"],"picked":"ats:Encircling Forest","floor":11},{"not_picked":[],"picked":"Bomb","floor":12},{"not_picked":["Bomb","ats:Beaten Up"],"picked":"ats:Apocalypse","floor":13},{"not_picked":["ats:Dogmatic Field","ats:Echo Reverb"],"picked":"ats:Roar Of Ursus","floor":16},{"not_picked":["ats:Curse Doll","ats:Ignite"],"picked":"ats:Leaping Hammer+1","floor":18},{"not_picked":["ats:Poison Spread","ats:Hammer On"],"picked":"ats:Healing Strengthening","floor":19},{"not_picked":["ats:Chain Hook","ats:Blood Oath"],"picked":"ats:Explosion Area Strengthen","floor":24},{"not_picked":["ats:Blood Oath+1","ats:Red Shift+1"],"picked":"ats:Assault Order+1","floor":25},{"not_picked":["ats:Explosion Area Strengthen","ats:Flexible Camouflage+1"],"picked":"ats:Revitalization+1","floor":27},{"not_picked":["ats:Blood Oath","ats:Soul Absorption+1"],"picked":"ats:Revitalization+1","floor":30},{"not_picked":["ats:Blood Oath","ats:Assault Order+1"],"picked":"ats:Calcification+1","floor":31},{"not_picked":["ats:Burning Ground+1","ats:Absolute Focus+1"],"picked":"ats:Sashimi Platter+1","floor":35},{"not_picked":["ats:Mental Burst","ats:Flexible Camouflage+1","ats:Absolute Focus+1"],"picked":"SKIP","floor":37}],"player_experience":152989,"relics_obtained":[{"floor":9,"key":"YumHeart"},{"floor":13,"key":"ats:Originium"},{"floor":13,"key":"The Courier"},{"floor":20,"key":"Necronomicon"},{"floor":24,"key":"ats:Originium"},{"floor":24,"key":"NineVolt"},{"floor":26,"key":"BookOfRevelations"}],"event_choices":[{"damage_healed":0,"gold_gain":0,"player_choice":"Entered Light","damage_taken":14,"max_hp_gain":0,"max_hp_loss":0,"event_name":"Shining Light","floor":2,"gold_loss":0,"cards_upgraded":["ats:Armor Crushing Shot","ats:Defend"]},{"damage_healed":0,"gold_gain":0,"player_choice":"Take Damage","damage_taken":18,"relics_obtained":["Golden Idol"],"max_hp_gain":0,"max_hp_loss":0,"event_name":"Golden Idol","floor":4,"gold_loss":0},{"damage_healed":0,"gold_gain":75,"player_choice":"Gather Gold","damage_taken":11,"max_hp_gain":0,"max_hp_loss":0,"event_name":"World of Goop","floor":14,"gold_loss":0},{"damage_healed":0,"gold_gain":0,"player_choice":"Obtained Book","damage_taken":16,"max_hp_gain":0,"max_hp_loss":0,"event_name":"Cursed Tome","floor":20,"gold_loss":0},{"damage_healed":0,"gold_gain":0,"player_choice":"Ignored","damage_taken":0,"max_hp_gain":0,"max_hp_loss":0,"event_name":"Vampires","floor":22,"gold_loss":0},{"damage_healed":0,"gold_gain":0,"player_choice":"Ignored","damage_taken":0,"max_hp_gain":0,"max_hp_loss":0,"event_name":"Purifier","floor":38,"gold_loss":0}],"is_beta":false,"boss_relics":[{"not_picked":["Calling Bell","Runic Pyramid"],"picked":"Sozu"},{"not_picked":[]},{"not_picked":["Velvet Choker","SacredBark"],"picked":"Astrolabe"},{"not_picked":[]}],"items_purged_floors":[],"is_endless":false,"potions_floor_spawned":[3,13,16,19,24,25,33],"killed_by":"Spire Growth","ascension_level":0}}