{"host":"fkig9nrckec4xsh0","time":1613259701,"event":{"mods":["Act Like it!","BaseMod","Colored Map","Gensokyo","Hermit","Marisa????????","Minty Spire (QoL Compilation)","Quick Restart","Replay The Spire","StSLib","The Cursed","The Necromancer","The Servant 0.9.4"],"gold_per_floor":[111,203,203,222,241,275,304,304,372,372,400,32,49,49,49,153,253,265,275,290,309,325,357,357,386,438,463,463,79,79,79,79,182,182,204,204,269,295,325,360,382,425,425,483,134,134,150,191,541,561],"floor_reached":51,"language":"ENG","playtime":3516,"items_purged":["Defend_W","Strike_W"],"score":1003,"play_id":"719e6679-7880-4fd7-aa9f-b36b5e45ce92","local_time":"20210213184141","is_ascension_mode":false,"campfire_choices":[{"data":"Summon_Undead","floor":8,"key":"SMITH"},{"data":"Death_March_Dance","floor":10,"key":"SMITH"},{"data":"Shade_Step","floor":15,"key":"SMITH"},{"data":"Summon_Vampire_Lady","floor":24,"key":"SMITH"},{"data":"Summon_Death_Knight","floor":30,"key":"SMITH"},{"data":"Summon_Undead_Army","floor":30,"key":"SMITH"},{"data":"Summon_Lich","floor":32,"key":"SMITH"},{"data":"Life_Drain","floor":32,"key":"SMITH"},{"data":"Skeleton_Dragon","floor":46,"key":"SMITH"},{"data":"Pot Of Greed","floor":46,"key":"SMITH"}],"circlet_count":0,"master_deck":["Strike_W","Strike_W","Defend_W","Defend_W","Negative_Energy_Arrows","Bone_Wall","Scare","Blood_Is_Power","Death_March_Dance+1","Negative_Energy_Javelin","Acid_Javelin","Blood_Wake","Summon_Undead+1","Pot Of Greed","Pot Of Greed","Negative_Energy_Mist","Shade_Step+1","Summon_Death_Knight+1","Life_Drain+1","Blood_Is_Power","Summon_Lich+1","Uncharnel+1","Pot Of Greed","Death_Knell","Summon_Vampire_Lady+1","Epidemic+1","Negative_Energy_Shield","Summon_Undead_Army+1","Cloudkill","AbeCurse","Summon_Undead+1","Negative_Energy_Shield","Uncharnel+1","Skeleton_Dragon+1","Pandemic+1","Pot Of Greed+1","Violent_Necrosis+1","Blood_for_Blood","Life_Drain+1","Blood_Shield+1","Life_Tap+1","Amnesia","Gensokyo:AllTheWorldsEvil","Looming Evil"],"relics":["Vampire_Amulet","NeowsBlessing","FaceOfCleric","Strawberry","Odd Mushroom","Mummified Hand","Grinning Jar","Juzu Bracelet","Strange Spoon","Replay:Wanted Poster","Bronze Scales","Simple Rune","Art of War","Replay:Bandana","Replay:Arrowhead","Bird Faced Urn","Gensokyo:MosesMiracle","Abe\u0027s Treasure","CatCart","Quantum Egg","TungstenRod","Pantograph","Unceasing Top","Replay:Bottled Snecko","Mango","Ring of Greed","Tiny Chest","Old Coin"],"acts_visited":["Exordium","Exordium","TheBeyond"],"potions_floor_usage":[6,20,21,22,25,33,39,40,42,48,50,50,50],"damage_taken":[{"damage":0,"enemies":"Jaw Worm","floor":1,"turns":1},{"damage":0,"enemies":"2 Louse","floor":4,"turns":1},{"damage":0,"enemies":"Cultist","floor":5,"turns":2},{"damage":18,"enemies":"3 Sentries","floor":6,"turns":6},{"damage":14,"enemies":"The Mushroom Lair","floor":7,"turns":3},{"damage":17,"enemies":"Lagavulin","floor":11,"turns":5},{"damage":2,"enemies":"Looter","floor":13,"turns":3},{"damage":8,"enemies":"Slime Boss","floor":16,"turns":6},{"damage":30,"enemies":"Gensokyo:AngelMirror","floor":18,"turns":3},{"damage":16,"enemies":"Gensokyo:CosmicMonolith","floor":19,"turns":3},{"damage":10,"enemies":"Gensokyo:Wraith","floor":20,"turns":5},{"damage":22,"enemies":"Gensokyo:Swordslinger","floor":21,"turns":3},{"damage":19,"enemies":"Gensokyo:Monolith_and_Dog","floor":22,"turns":5},{"damage":32,"enemies":"Gensokyo:Reisen","floor":23,"turns":6},{"damage":17,"enemies":"Gensokyo:Tenshi","floor":25,"turns":5},{"damage":13,"enemies":"Gensokyo:Reisen","floor":27,"turns":6},{"damage":46,"enemies":"Gensokyo:Eiki","floor":33,"turns":7},{"damage":69,"enemies":"3 Shapes","floor":35,"turns":4},{"damage":12,"enemies":"Orin","floor":37,"turns":8},{"damage":22,"enemies":"Orb Walker","floor":38,"turns":4},{"damage":36,"enemies":"Spire Growth","floor":39,"turns":3},{"damage":66,"enemies":"Giant Head","floor":40,"turns":8},{"damage":5,"enemies":"Transient","floor":41,"turns":5},{"damage":8,"enemies":"Nemesis","floor":42,"turns":4},{"damage":4,"enemies":"Mind Bloom Boss Battle","floor":44,"turns":5},{"damage":39,"enemies":"Maw","floor":47,"turns":6},{"damage":9,"enemies":"R_Hoarder","floor":48,"turns":8},{"damage":70,"enemies":"Donu and Deca","floor":50,"turns":7}],"seed_played":"-6543529155721607258","potions_obtained":[{"floor":5,"key":"Energy Potion"},{"floor":6,"key":"Block Potion"},{"floor":7,"key":"Elixir"},{"floor":13,"key":"Milkshake"},{"floor":19,"key":"DistilledChaos"},{"floor":20,"key":"EssenceOfSteel"},{"floor":23,"key":"Flashbang"},{"floor":25,"key":"SneckoOil"},{"floor":27,"key":"Death Potion"},{"floor":33,"key":"BlessingOfTheForge"},{"floor":40,"key":"Flashbang"},{"floor":42,"key":"FearPotion"},{"floor":44,"key":"FearPotion"},{"floor":48,"key":"Block Potion"}],"is_trial":false,"path_per_floor":["M","?","?","M","M","E","?","R","T","R","E","$","M","?","R","B",null,"M","M","M","M","M","E","R","E","T","E","?","$","R","?","R","B",null,"M","?","?","M","M","E","M","E","T","?","$","R","M","E","R_BF","B",null],"character_chosen":"NECROMANCER","items_purchased":["Juzu Bracelet","Strange Spoon","Bird Faced Urn","Summon_Undead_Army","Replay:Bottled Snecko"],"campfire_rested":0,"item_purchase_floors":[12,12,29,29,45],"current_hp_per_floor":[75,45,45,50,53,49,42,42,42,42,28,28,32,32,32,31,89,65,58,57,44,46,31,31,42,42,59,59,59,59,59,59,47,91,34,34,84,76,59,25,52,65,65,99,99,99,86,115,115,92],"gold":561,"neow_bonus":"THREE_ENEMY_KILL","is_daily":false,"chose_seed":false,"campfire_upgraded":10,"win_rate":0.0,"timestamp":1613259701,"path_taken":["M","?","?","M","?","E","?","R","T","R","E","$","M","?","R","BOSS","M","M","M","M","M","E","R","E","T","E","?","?","R","?","R","BOSS","M","?","?","M","M","E","M","E","T","?","?","R","M","E","R_BF","BOSS"],"items_purchased_type":["Relic","Relic","Relic","Card","Relic"],"build_version":"2020-12-22","purchased_purges":2,"victory":true,"max_hp_per_floor":[75,75,75,76,77,85,86,86,86,86,87,87,88,88,88,89,89,90,91,92,93,94,95,95,96,96,97,90,90,90,90,90,91,91,92,92,93,94,95,96,97,98,98,99,99,99,100,115,115,116],"card_choices":[{"not_picked":["Blood_Curse","Thousand_Bone_Knives"],"picked":"Scare","floor":1},{"not_picked":["Epidemic","Bones_to_Steel"],"picked":"Blood_Is_Power","floor":2},{"not_picked":["Negative_Energy_Javelin","Bone_Armor"],"picked":"Death_March_Dance","floor":2},{"not_picked":["Negative_Energy_Sphere","Death_March_Dance"],"picked":"Negative_Energy_Javelin","floor":4},{"not_picked":["Chill_Blood","Scare"],"picked":"Acid_Javelin","floor":5},{"not_picked":["Blood_Shield","Toxic_Smoke_Screen"],"picked":"Blood_Wake","floor":6},{"not_picked":["Bones_to_Steel","Negative_Energy_Javelin"],"picked":"Summon_Undead","floor":7},{"not_picked":["Bone_Prison","Consume_Illness"],"picked":"Negative_Energy_Mist","floor":11},{"not_picked":["Negative_Energy_Sphere","Bone_Shift"],"picked":"Shade_Step","floor":13},{"not_picked":["Blood_Wake","Reap_The_Weak"],"picked":"Summon_Death_Knight","floor":16},{"not_picked":["Scare","Spectral_Armor"],"picked":"Life_Drain","floor":18},{"not_picked":["Shackles_Of_Pain","Life_Drain"],"picked":"Blood_Is_Power","floor":19},{"not_picked":["Necrotic_Claws","Bone_Bullets"],"picked":"Summon_Lich","floor":20},{"not_picked":["Bone_Bullets","Negative_Energy_Sphere+1"],"picked":"Uncharnel+1","floor":21},{"not_picked":["Bone_Bullets","Shackles_Of_Pain"],"picked":"Death_Knell","floor":22},{"not_picked":["Shackles_Of_Pain+1","Negative_Energy_Mist"],"picked":"Summon_Vampire_Lady","floor":23},{"not_picked":["Exploit","Spectral_Armor"],"picked":"Epidemic+1","floor":25},{"not_picked":["Negative_Energy_Burst","Whirlwind_of_Bones"],"picked":"Negative_Energy_Shield","floor":27},{"not_picked":["Detonate_Bones","Grasp_Heart"],"picked":"Cloudkill","floor":33},{"not_picked":["Death_Coil+1","Negative_Energy_Shield"],"picked":"Summon_Undead+1","floor":35},{"not_picked":["Vampiric_Strike","Shackles_Of_Pain"],"picked":"Uncharnel+1","floor":38},{"not_picked":["Blood_Whip+1","Consume_Illness"],"picked":"Skeleton_Dragon","floor":39},{"not_picked":["Death_Knell","Death_March_Dance+1"],"picked":"Pandemic+1","floor":40},{"not_picked":["Finger_Of_Death","Bone_Shift+1"],"picked":"Violent_Necrosis+1","floor":41},{"not_picked":["Blood_Is_Power","Bone_Shift+1"],"picked":"Blood_for_Blood","floor":42},{"not_picked":["Pandemic","Bone_Armor"],"picked":"Life_Drain+1","floor":44},{"not_picked":["Strike_from_Beyond","Shackles_Of_Pain+1"],"picked":"Blood_Shield+1","floor":47},{"not_picked":["Blood_Shield+1","Requiem"],"picked":"Life_Tap+1","floor":48}],"player_experience":446652,"relics_obtained":[{"floor":6,"key":"Strawberry"},{"floor":7,"key":"Odd Mushroom"},{"floor":9,"key":"Mummified Hand"},{"floor":11,"key":"Grinning Jar"},{"floor":23,"key":"Bronze Scales"},{"floor":25,"key":"Simple Rune"},{"floor":26,"key":"Art of War"},{"floor":27,"key":"Replay:Bandana"},{"floor":37,"key":"CatCart"},{"floor":37,"key":"Gensokyo:MosesMiracle"},{"floor":40,"key":"Quantum Egg"},{"floor":42,"key":"TungstenRod"},{"floor":43,"key":"Pantograph"},{"floor":44,"key":"Unceasing Top"},{"floor":48,"key":"Mango"},{"floor":49,"key":"Ring of Greed"},{"floor":49,"key":"Tiny Chest"},{"floor":49,"key":"Old Coin"}],"event_choices":[{"damage_healed":0,"gold_gain":0,"player_choice":"Trade","damage_taken":0,"relics_obtained":["FaceOfCleric"],"max_hp_gain":0,"max_hp_loss":0,"event_name":"FaceTrader","floor":3,"gold_loss":0},{"damage_healed":0,"gold_gain":0,"player_choice":"Fought Mushrooms","damage_taken":0,"max_hp_gain":0,"max_hp_loss":0,"event_name":"Mushrooms","floor":7,"gold_loss":0},{"cards_removed":["Strike_W"],"damage_healed":0,"gold_gain":0,"player_choice":"Purged","damage_taken":0,"max_hp_gain":0,"max_hp_loss":0,"event_name":"Purifier","floor":14,"gold_loss":0},{"damage_healed":0,"gold_gain":0,"cards_transformed":["Defend_W"],"player_choice":"Transformed","damage_taken":0,"max_hp_gain":0,"max_hp_loss":0,"event_name":"Transmorgrifier","floor":36,"gold_loss":0,"cards_obtained":["Negative_Energy_Shield"]},{"damage_healed":0,"gold_gain":0,"player_choice":"Fight","damage_taken":0,"max_hp_gain":0,"max_hp_loss":0,"event_name":"OrinTheCat","floor":37,"gold_loss":0},{"damage_healed":0,"gold_gain":0,"player_choice":"Fight","damage_taken":0,"max_hp_gain":0,"max_hp_loss":0,"event_name":"MindBloom","floor":44,"gold_loss":0}],"is_beta":false,"boss_relics":[{"not_picked":["Pandora\u0027s Box","SlaversCollar"],"picked":"Replay:Wanted Poster"},{"not_picked":["Cursed Key","Snecko Eye"],"picked":"Abe\u0027s Treasure"}],"items_purged_floors":[12,45],"is_endless":false,"potions_floor_spawned":[5,6,7,13,19,20,23,25,27,33,37,40,42,44,48],"ascension_level":0}}