{"host":"kh6fvhxn285ncg0o","time":1613245965,"event":{"mods":["Act Like it!","BaseMod","Colored Map","Friendly Minions","Keyboard Shortcuts","Minty Spire (QoL Compilation)","Quick Restart","Relic Stats","StSLib","SuperFastMode","UnlockEverythingMod"],"gold_per_floor":[112,125,125,136,146,178,178,206,277,305,305,321,340,370,370,445,445,459,459,509,524,543,543,574,874,874,874,902,930,962,962,962,1037,1037,1048,1064,1084,1109,1331,1357,1357,1386,1386,1421,1421,1436,1450,1465,1465,1465,1465,1465,1465,413,442,442],"floor_reached":57,"language":"KOR","playtime":1862,"items_purged":["Strike_R+1"],"score":3685,"play_id":"ef6a6b11-aa3d-42a1-a11b-801ae7995065","local_time":"20210214045245","is_ascension_mode":true,"campfire_choices":[{"floor":7.0,"key":"DIG"},{"floor":15.0,"key":"DIG"},{"floor":23.0,"key":"DIG"},{"floor":25.0,"key":"DIG"},{"floor":27.0,"key":"DIG"},{"floor":32,"key":"DIG"},{"floor":41,"key":"DIG"},{"floor":49,"key":"RECALL"},{"floor":53,"key":"DIG"}],"circlet_count":0,"master_deck":["AscendersBane","Strike_R+1","Strike_R+1","Strike_R+1","Defend_R+1","Defend_R+1","Defend_R+1","Defend_R+1","Bash","Ghostly Armor","Clothesline","Second Wind","Fiend Fire","Burning Pact","Flex","Feel No Pain","Demon Form","Exhume+1","Dual Wield+1","Armaments+1","True Grit+1","Bludgeon","Body Slam","Dual Wield+1","Power Through+1","Armaments+1","Body Slam","Feel No Pain","Fiend Fire","Flame Barrier+1"],"relics":["Snecko Eye","Shovel","FossilizedHelix","Regal Pillow","Paper Frog","Sundial","Toxic Egg 2","Blood Vial","Fusion Hammer","Bag of Preparation","Self Forming Clay","Old Coin","Eternal Feather","Omamori","Vajra","Red Mask","Calipers","Enchiridion","HornCleat","Calling Bell","Happy Flower","Pantograph","Peace Pipe","Dead Branch","InkBottle","Mummified Hand","Bottled Lightning","Anchor","Bottled Flame","ClockworkSouvenir","Kunai","Bottled Tornado","Ginger"],"acts_visited":["Exordium","TheCity","TheBeyond","TheEnding"],"potions_floor_usage":[30,56,56],"damage_taken":[{"damage":2.0,"enemies":"Jaw Worm","floor":1.0,"turns":3.0},{"damage":5.0,"enemies":"2 Louse","floor":2.0,"turns":2.0},{"damage":0.0,"enemies":"Cultist","floor":4.0,"turns":3.0},{"damage":0.0,"enemies":"3 Louse","floor":5.0,"turns":2.0},{"damage":0.0,"enemies":"Lagavulin","floor":6.0,"turns":6.0},{"damage":18.0,"enemies":"Gremlin Nob","floor":8.0,"turns":4.0},{"damage":0.0,"enemies":"Lagavulin","floor":10.0,"turns":4.0},{"damage":0.0,"enemies":"Large Slime","floor":12.0,"turns":2.0},{"damage":0.0,"enemies":"Gremlin Gang","floor":13.0,"turns":3.0},{"damage":11.0,"enemies":"3 Sentries","floor":14.0,"turns":9.0},{"damage":0.0,"enemies":"Hexaghost","floor":16.0,"turns":6.0},{"damage":0.0,"enemies":"Chosen","floor":18.0,"turns":2.0},{"damage":2.0,"enemies":"3 Byrds","floor":21.0,"turns":5.0},{"damage":0.0,"enemies":"Snake Plant","floor":22.0,"turns":2.0},{"damage":10.0,"enemies":"Gremlin Leader","floor":24.0,"turns":6.0},{"damage":32.0,"enemies":"Slavers","floor":28.0,"turns":6.0},{"damage":0.0,"enemies":"Masked Bandits","floor":29.0,"turns":2.0},{"damage":0,"enemies":"Gremlin Leader","floor":30,"turns":5},{"damage":36,"enemies":"Automaton","floor":33,"turns":7},{"damage":0,"enemies":"3 Shapes","floor":35,"turns":4},{"damage":0,"enemies":"Orb Walker","floor":36,"turns":2},{"damage":3,"enemies":"3 Darklings","floor":37,"turns":5},{"damage":0,"enemies":"Mind Bloom Boss Battle","floor":38,"turns":6},{"damage":0,"enemies":"Giant Head","floor":40,"turns":5},{"damage":0,"enemies":"Nemesis","floor":42,"turns":2},{"damage":4,"enemies":"Giant Head","floor":44,"turns":7},{"damage":0,"enemies":"Maw","floor":46,"turns":3},{"damage":0,"enemies":"Spire Growth","floor":47,"turns":1},{"damage":0,"enemies":"3 Darklings","floor":48,"turns":7},{"damage":0,"enemies":"Time Eater","floor":50,"turns":6},{"damage":0,"enemies":"Awakened One","floor":51,"turns":5},{"damage":0,"enemies":"Shield and Spear","floor":55,"turns":3},{"damage":0,"enemies":"The Heart","floor":56,"turns":6}],"seed_played":"4604118192548123394","potions_obtained":[{"floor":1.0,"key":"AttackPotion"},{"floor":2.0,"key":"DistilledChaos"},{"floor":5.0,"key":"DistilledChaos"},{"floor":13.0,"key":"Explosive Potion"},{"floor":24.0,"key":"Dexterity Potion"},{"floor":30,"key":"Dexterity Potion"}],"is_trial":false,"path_per_floor":["M","M","?","M","M","E","R","E","T","E","?","M","M","E","R","B",null,"M","?","?","M","M","R","E","R","T","R","E","?","E","?","R","B",null,"M","M","M","?","?","E","R","E","T","E","?","M","M","M","R","B","B",null,"R","$","E","B",null],"character_chosen":"IRONCLAD","items_purchased":["ClockworkSouvenir","Kunai","Fiend Fire","Bottled Tornado","Flame Barrier+1"],"campfire_rested":0,"item_purchase_floors":[54,54,54,54,54],"current_hp_per_floor":[66,61,66,66,66,66,66,48,48,48,48,48,48,37,37,39,70,72,72,72,72,74,74,66,66,66,78,48,50,52,31,43,9,62,64,66,65,80,80,80,80,80,80,76,76,78,80,80,80,80,80,80,80,80,80,80],"gold":442,"neow_bonus":"BOSS_RELIC","is_daily":false,"chose_seed":false,"campfire_upgraded":0,"win_rate":0.0,"timestamp":1613245965,"path_taken":["M","M","?","M","M","E","R","E","T","E","?","?","M","E","R","BOSS","M","?","?","M","?","R","E","R","T","R","E","?","E","?","R","BOSS","M","M","M","?","?","E","R","E","T","E","?","M","M","?","R","BOSS","BOSS","R","$","E","BOSS"],"items_purchased_type":["Relic","Relic","Card","Relic","Card"],"build_version":"2020-12-22","purchased_purges":1,"victory":true,"max_hp_per_floor":[75,75,80,80,80,80,80,80,80,80,80,80,80,80,80,80,80,80,80,80,80,80,80,80,80,80,80,80,80,80,80,80,80,80,80,80,80,80,80,80,80,80,80,80,80,80,80,80,80,80,80,80,80,80,80,80],"relic_stats":{"Regal Pillow":0,"Happy Flower":[20],"counters":[33,141],"Self Forming Clay":[21],"Dead Branch":[246],"Eternal Feather":24,"Bag of Preparation":[38],"Ginger":[2],"Blood Vial":28,"Peace Pipe":0,"Shovel":8,"Sundial":[22],"Mummified Hand":[117],"Pantograph":15,"Snecko Eye":[240,253,268,261],"Kunai":[5],"obtain_stats":[{"Regal Pillow":8,"Calipers":30,"Vajra":28,"Enchiridion":31,"Bag of Preparation":23,"Ginger":55,"Bottled Tornado":54,"Burning Blood":0,"Old Coin":25,"ClockworkSouvenir":54,"Blood Vial":15,"Shovel":6,"HornCleat":32,"Sundial":10,"Mummified Hand":41,"Pantograph":34,"Fusion Hammer":17,"Red Mask":29,"Kunai":54,"Toxic Egg 2":14,"InkBottle":40,"Paper Frog":9,"Happy Flower":34,"Self Forming Clay":24,"Dead Branch":38,"Eternal Feather":26,"Omamori":27,"Calling Bell":34,"Peace Pipe":34,"Anchor":44,"Bottled Flame":53,"Snecko Eye":0,"Bottled Lightning":42,"FossilizedHelix":7},{"Regal Pillow":6,"Calipers":18,"Vajra":16,"Enchiridion":18,"Bag of Preparation":14,"Ginger":32,"Bottled Tornado":31,"Burning Blood":0,"Old Coin":15,"ClockworkSouvenir":31,"Blood Vial":10,"Shovel":5,"HornCleat":18,"Sundial":7,"Mummified Hand":24,"Pantograph":19,"Fusion Hammer":11,"Red Mask":17,"Kunai":31,"Toxic Egg 2":10,"InkBottle":24,"Paper Frog":6,"Happy Flower":19,"Self Forming Clay":15,"Dead Branch":23,"Eternal Feather":15,"Omamori":15,"Calling Bell":19,"Peace Pipe":19,"Anchor":26,"Bottled Flame":31,"Snecko Eye":0,"Bottled Lightning":25,"FossilizedHelix":5},{"Regal Pillow":20,"Calipers":72,"Vajra":65,"Enchiridion":72,"Bag of Preparation":53,"Ginger":135,"Bottled Tornado":132,"Burning Blood":0,"Old Coin":59,"ClockworkSouvenir":132,"Blood Vial":38,"Shovel":16,"HornCleat":72,"Sundial":24,"Mummified Hand":101,"Pantograph":79,"Fusion Hammer":44,"Red Mask":67,"Kunai":132,"Toxic Egg 2":38,"InkBottle":101,"Paper Frog":20,"Happy Flower":79,"Self Forming Clay":59,"Dead Branch":96,"Eternal Feather":59,"Omamori":59,"Calling Bell":79,"Peace Pipe":79,"Anchor":110,"Bottled Flame":132,"Snecko Eye":0,"Bottled Lightning":103,"FossilizedHelix":16}],"InkBottle":[22]},"card_choices":[{"not_picked":["Headbutt","Heavy Blade"],"picked":"Perfected Strike","floor":1.0},{"not_picked":["Thunderclap","Warcry"],"picked":"Ghostly Armor","floor":2.0},{"not_picked":["Shrug It Off","Iron Wave"],"picked":"Clothesline","floor":4.0},{"not_picked":["Anger","Clash","Cleave"],"picked":"SKIP","floor":5.0},{"not_picked":["Feel No Pain","Sword Boomerang"],"picked":"Second Wind","floor":6.0},{"not_picked":["True Grit","Entrench"],"picked":"Fiend Fire","floor":8.0},{"not_picked":["Heavy Blade","Armaments"],"picked":"Burning Pact","floor":10.0},{"not_picked":["Burning Pact","Thunderclap"],"picked":"Feel No Pain","floor":12.0},{"not_picked":["Headbutt","Iron Wave","Armaments"],"picked":"SKIP","floor":13.0},{"not_picked":["Reckless Charge","Twin Strike","Dropkick"],"picked":"SKIP","floor":14.0},{"not_picked":["Berserk","Exhume+1"],"picked":"Demon Form","floor":16.0},{"not_picked":["Anger","Warcry+1","Feel No Pain"],"picked":"SKIP","floor":18.0},{"not_picked":["Second Wind+1","Uppercut","Headbutt"],"picked":"SKIP","floor":21.0},{"not_picked":["Ghostly Armor+1","Clothesline+1","Dropkick"],"picked":"SKIP","floor":22.0},{"not_picked":["Combust","Pommel Strike"],"picked":"Exhume+1","floor":24.0},{"not_picked":["Clothesline","Havoc+1"],"picked":"Dual Wield+1","floor":28.0},{"not_picked":["Perfected Strike","Body Slam"],"picked":"Armaments+1","floor":29},{"not_picked":["Thunderclap","Hemokinesis"],"picked":"True Grit+1","floor":30},{"not_picked":["Fiend Fire","Berserk"],"picked":"Bludgeon","floor":33},{"not_picked":["Armaments+1","Anger","Clash"],"picked":"SKIP","floor":35},{"not_picked":["Sword Boomerang","Iron Wave"],"picked":"Body Slam","floor":36},{"not_picked":["Perfected Strike+1","Headbutt"],"picked":"Dual Wield+1","floor":37},{"not_picked":["Carnage","Clothesline"],"picked":"Power Through+1","floor":40},{"not_picked":["Anger","True Grit+1"],"picked":"Armaments+1","floor":42},{"not_picked":["Headbutt","Inflame","Thunderclap+1"],"picked":"SKIP","floor":44},{"not_picked":["Twin Strike","Clothesline","Cleave"],"picked":"SKIP","floor":46},{"not_picked":["Metallicize","Rupture"],"picked":"Feel No Pain","floor":47},{"not_picked":["Perfected Strike","Pommel Strike","Inflame+1"],"picked":"SKIP","floor":48},{"not_picked":["Body Slam","Perfected Strike","Sword Boomerang"],"picked":"SKIP","floor":55}],"player_experience":1388120,"relics_obtained":[{"floor":6.0,"key":"Shovel"},{"floor":7.0,"key":"FossilizedHelix"},{"floor":8.0,"key":"Regal Pillow"},{"floor":9.0,"key":"Paper Frog"},{"floor":10.0,"key":"Sundial"},{"floor":14.0,"key":"Toxic Egg 2"},{"floor":15.0,"key":"Blood Vial"},{"floor":23.0,"key":"Bag of Preparation"},{"floor":24.0,"key":"Self Forming Clay"},{"floor":25.0,"key":"Old Coin"},{"floor":26.0,"key":"Eternal Feather"},{"floor":27.0,"key":"Omamori"},{"floor":28.0,"key":"Vajra"},{"floor":29,"key":"Red Mask"},{"floor":30,"key":"Calipers"},{"floor":31,"key":"Enchiridion"},{"floor":32,"key":"HornCleat"},{"floor":34,"key":"Happy Flower"},{"floor":34,"key":"Pantograph"},{"floor":34,"key":"Peace Pipe"},{"floor":38,"key":"Dead Branch"},{"floor":40,"key":"InkBottle"},{"floor":41,"key":"Mummified Hand"},{"floor":42,"key":"Bottled Lightning"},{"floor":44,"key":"Anchor"},{"floor":53,"key":"Bottled Flame"},{"floor":55,"key":"Ginger"}],"event_choices":[{"damage_healed":0.0,"max_hp_gain":5.0,"max_hp_loss":0.0,"gold_gain":0.0,"event_name":"Big Fish","player_choice":"Donut","floor":3.0,"gold_loss":0.0,"damage_taken":0.0},{"damage_healed":0.0,"max_hp_gain":0.0,"max_hp_loss":0.0,"gold_gain":0.0,"cards_transformed":["Strike_R"],"event_name":"Transmorgrifier","player_choice":"Transformed","floor":11.0,"gold_loss":0.0,"damage_taken":0.0,"cards_obtained":["Flex"]},{"damage_healed":0.0,"max_hp_gain":0.0,"max_hp_loss":0.0,"gold_gain":0.0,"event_name":"Back to Basics","player_choice":"Simplicity","floor":19.0,"gold_loss":0.0,"damage_taken":0.0,"cards_upgraded":["Strike_R","Strike_R","Strike_R","Strike_R","Defend_R","Defend_R","Defend_R","Defend_R"]},{"damage_healed":0.0,"max_hp_gain":0.0,"max_hp_loss":0.0,"gold_gain":50.0,"event_name":"Golden Shrine","player_choice":"Pray","floor":20.0,"gold_loss":0.0,"damage_taken":0.0},{"damage_healed":0.0,"max_hp_gain":0.0,"max_hp_loss":0.0,"gold_gain":0.0,"event_name":"Masked Bandits","player_choice":"Fought Bandits","floor":29.0,"gold_loss":0.0,"damage_taken":0.0},{"damage_healed":0,"gold_gain":0,"player_choice":"Obtained Book","damage_taken":21,"max_hp_gain":0,"max_hp_loss":0,"event_name":"Cursed Tome","floor":31,"gold_loss":0},{"damage_healed":0,"gold_gain":0,"player_choice":"Fight","damage_taken":0,"max_hp_gain":0,"max_hp_loss":0,"event_name":"MindBloom","floor":38,"gold_loss":0},{"damage_healed":0,"gold_gain":222,"player_choice":"Wore Mask","damage_taken":0,"max_hp_gain":0,"max_hp_loss":0,"event_name":"Tomb of Lord Red Mask","floor":39,"gold_loss":0},{"damage_healed":0,"gold_gain":0,"cards_transformed":["Perfected Strike"],"player_choice":"Transformed","damage_taken":0,"max_hp_gain":0,"max_hp_loss":0,"event_name":"Transmorgrifier","floor":45,"gold_loss":0,"cards_obtained":["Body Slam"]}],"is_beta":false,"boss_relics":[{"not_picked":["Busted Crown","Cursed Key"],"picked":"Fusion Hammer"},{"not_picked":["Philosopher\u0027s Stone","Runic Pyramid"],"picked":"Calling Bell"}],"items_purged_floors":[54],"is_endless":false,"potions_floor_spawned":[1,2,5,13,22,24,29,30,36,38,44,46,48],"ascension_level":20}}