{"host":"6vtgmkkqqeew181q","time":1613257754,"event":{"mods":["100% Spire Juice","BaseMod","Bestiary","Faster Ascension Climbing","Highlight Path","Minty Spire (QoL Compilation)","Spire Arcade","StSLib","The Jungle","The Wild Card"],"gold_per_floor":[116,132,132,82,97,97,97,97,123,156,186,198,210,266,278,413,425,458,493,39,39,39],"floor_reached":21,"language":"ENG","playtime":1473,"items_purged":["Moonworks:Strike"],"score":187,"play_id":"a6df286c-82ee-4461-bb01-dd737fb9da92","local_time":"20210213150914","is_ascension_mode":false,"campfire_choices":[{"data":"Moonworks:BackdoorTrade","floor":6,"key":"SMITH"},{"data":"Moonworks:Ambush","floor":12,"key":"SMITH"},{"data":"Moonworks:BigBangBell","floor":15,"key":"SMITH"}],"circlet_count":0,"master_deck":["Moonworks:Strike","Moonworks:Strike","Moonworks:Defend","Moonworks:Defend","Moonworks:Defend","Moonworks:Defend","Moonworks:Ambush+1","Moonworks:LongDistanceShot","Moonworks:BackdoorTrade+1","Moonworks:JonathanRush+1","Moonworks:JonathanRush","Moonworks:NicePresent","Moonworks:EvilSpyWorkPreparation","Moonworks:BigBangBell+1","Moonworks:LeapThroughSpace","Moonworks:LuckyCharm","Moonworks:IndiscriminateFireSupport","Moonworks:Gamble"],"relics":["Moonworks:BrokenBomb","Moonworks:Homemark","Golden Idol","Boot","MawBank","White Beast Statue","Runic Pyramid"],"acts_visited":["Exordium","Exordium"],"potions_floor_usage":[10,16,16,19],"damage_taken":[{"damage":2,"enemies":"2 Louse","floor":1,"turns":3},{"damage":3,"enemies":"Jaw Worm","floor":2,"turns":4},{"damage":2,"enemies":"Small Slimes","floor":5,"turns":3},{"damage":12,"enemies":"Lagavulin","floor":10,"turns":5},{"damage":1,"enemies":"2 Fungi Beasts","floor":11,"turns":3},{"damage":6,"enemies":"3 Sentries","floor":14,"turns":4},{"damage":31,"enemies":"The Guardian","floor":16,"turns":7},{"damage":12,"enemies":"theJungle:MUSHROOMGANG","floor":18,"turns":3},{"damage":16,"enemies":"theJungle:GiantWrat","floor":19,"turns":4},{"damage":749,"enemies":"theJungle:Lyon","floor":21,"turns":2}],"seed_played":"-2311163649447901693","potions_obtained":[{"floor":1,"key":"Block Potion"},{"floor":2,"key":"SteroidPotion"},{"floor":11,"key":"SteroidPotion"},{"floor":16,"key":"DuplicationPotion"},{"floor":18,"key":"EssenceOfSteel"},{"floor":19,"key":"SteroidPotion"}],"is_trial":false,"path_per_floor":["M","M","?","?","M","R","$","?","T","E","M","R","?","E","R","B",null,"M","M","$","M"],"character_chosen":"THE_STARBREAKER","items_purchased":["Moonworks:Gamble"],"campfire_rested":0,"item_purchase_floors":[20],"current_hp_per_floor":[64,61,61,61,59,59,59,52,52,40,39,39,39,33,33,2,66,54,48,48,0,0],"gold":39,"neow_bonus":"TEN_PERCENT_HP_BONUS","is_daily":false,"chose_seed":false,"campfire_upgraded":3,"win_rate":0.0,"timestamp":1613257754,"path_taken":["M","M","?","?","M","R","$","?","T","E","M","R","?","E","R","BOSS","M","M","$","M"],"items_purchased_type":["Card"],"build_version":"2020-12-22","purchased_purges":1,"victory":false,"max_hp_per_floor":[66,66,66,66,66,66,66,66,66,66,66,66,66,66,66,66,66,66,66,66,66,66],"card_choices":[{"not_picked":["Moonworks:Poppoformation","Moonworks:SakisCookie"],"picked":"Moonworks:BackdoorTrade","floor":1},{"not_picked":["Moonworks:ImOnFire","Moonworks:SakisCookie"],"picked":"Moonworks:JonathanRush","floor":2},{"not_picked":["Moonworks:CloudOfSeagulls","Moonworks:FinalSurgery"],"picked":"Moonworks:JonathanRush","floor":5},{"not_picked":["Moonworks:Poppoformation","Moonworks:FinalSurgery"],"picked":"Moonworks:NicePresent","floor":10},{"not_picked":["Moonworks:Assault","Moonworks:Bloodlust"],"picked":"Moonworks:EvilSpyWorkPreparation","floor":11},{"not_picked":["Moonworks:DevilHand","Moonworks:Assault"],"picked":"Moonworks:BigBangBell","floor":14},{"not_picked":["Moonworks:Blazing","Moonworks:RocketCannon"],"picked":"Moonworks:LeapThroughSpace","floor":16},{"not_picked":["Moonworks:JonathanRush","Moonworks:IndiscriminateFireSupport"],"picked":"Moonworks:LuckyCharm","floor":18},{"not_picked":["Moonworks:LulusLuckyEgg","Moonworks:FullSpeedAlicianrone"],"picked":"Moonworks:IndiscriminateFireSupport","floor":19}],"player_experience":623304,"relics_obtained":[{"floor":9,"key":"Boot"},{"floor":10,"key":"MawBank"},{"floor":14,"key":"White Beast Statue"}],"event_choices":[{"damage_healed":0,"gold_gain":0,"player_choice":"Take Wound","damage_taken":0,"relics_obtained":["Golden Idol"],"max_hp_gain":0,"max_hp_loss":0,"event_name":"Golden Idol","floor":3,"gold_loss":0,"cards_obtained":["Injury"]},{"cards_removed":["Injury"],"damage_healed":0,"gold_gain":0,"player_choice":"Card Removal","damage_taken":0,"max_hp_gain":0,"max_hp_loss":0,"event_name":"The Cleric","floor":4,"gold_loss":50},{"cards_removed":["Moonworks:Strike"],"damage_healed":0,"gold_gain":0,"player_choice":"Card Removal","damage_taken":7,"max_hp_gain":0,"max_hp_loss":0,"event_name":"Golden Wing","floor":8,"gold_loss":0},{"damage_healed":0,"gold_gain":0,"player_choice":"Grow","damage_taken":0,"max_hp_gain":0,"max_hp_loss":0,"event_name":"Living Wall","floor":13,"gold_loss":0,"cards_upgraded":["Moonworks:JonathanRush"]}],"is_beta":false,"boss_relics":[{"not_picked":["SacredBark","Snecko Eye"],"picked":"Runic Pyramid"}],"items_purged_floors":[20],"is_endless":false,"potions_floor_spawned":[1,2,11,16,18,19],"killed_by":"theJungle:Lyon","ascension_level":0}}