{"host":"7wi4qgm5yw4j7oz0","time":1613236959,"event":{"mods":["AchievementEnabler","BaseMod","Block Reminder","Colored Map","Colored Powertips","Highlight Path","Minty Spire (QoL Compilation)","Permanent Neow","Random Character Button","Rare Cards Sparkle","StSLib","everything is the same but u backflip on backflip"],"gold_per_floor":[117,132,151,168,182,182,211,223,223,48,48,82,82,82,82,179,179,198,198,26,38,0,31,31,41,41,41,59,59,86,16,16,115,115,125,125,0,20,70,96,96,19,19,39,39,39,39,54,54,54],"floor_reached":51,"language":"KOR","playtime":3727,"items_purged":["Strike_R","Strike_R","Defend_R"],"score":1162,"play_id":"c73da286-4d01-4951-a173-41047d09038c","local_time":"20210214022239","is_ascension_mode":true,"campfire_choices":[{"data":"True Grit","floor":6.0,"key":"SMITH"},{"data":"Armaments","floor":11.0,"key":"SMITH"},{"data":"Bludgeon","floor":13.0,"key":"SMITH"},{"floor":15.0,"key":"REST"},{"data":"Seeing Red","floor":24.0,"key":"SMITH"},{"data":"Spot Weakness","floor":27.0,"key":"SMITH"},{"data":"Flame Barrier","floor":29.0,"key":"SMITH"},{"floor":32.0,"key":"REST"},{"floor":41.0,"key":"REST"},{"data":"Limit Break","floor":45.0,"key":"SMITH"},{"data":"Offering","floor":49.0,"key":"SMITH"}],"circlet_count":0,"master_deck":["Defend_R","Defend_R","Defend_R","Bash","Feed","Twin Strike","Iron Wave","Bludgeon+1","True Grit+1","Flame Barrier+1","Seeing Red+1","Armaments+1","Shrug It Off","Feel No Pain","Spot Weakness+1","Reaper","Ghostly Armor+1","Berserk+1","Burning Pact+1","Disarm","Power Through","Clothesline","Warcry+1","Battle Trance+1","Uppercut","Limit Break+1","Bloodletting","Headbutt","Whirlwind+1","Offering+1","Second Wind+1","Panache"],"relics":["Burning Blood","MealTicket","Paper Frog","Incense Burner","Vajra","Astrolabe","Mercury Hourglass","Sundial","Prayer Wheel","Cursed Key","TungstenRod","Omamori","Bottled Flame"],"acts_visited":["Exordium","TheCity","TheBeyond"],"potions_floor_usage":[],"damage_taken":[{"damage":5.0,"enemies":"Small Slimes","floor":1.0,"turns":3.0},{"damage":2.0,"enemies":"Jaw Worm","floor":2.0,"turns":3.0},{"damage":6.0,"enemies":"2 Louse","floor":3.0,"turns":3.0},{"damage":7.0,"enemies":"Exordium Wildlife","floor":4.0,"turns":6.0},{"damage":23.0,"enemies":"Gremlin Gang","floor":5.0,"turns":6.0},{"damage":30.0,"enemies":"3 Sentries","floor":7.0,"turns":7.0},{"damage":11.0,"enemies":"Looter","floor":8.0,"turns":3.0},{"damage":30.0,"enemies":"Lagavulin","floor":12.0,"turns":10.0},{"damage":36.0,"enemies":"Slime Boss","floor":16.0,"turns":12.0},{"damage":31.0,"enemies":"Spheric Guardian","floor":18.0,"turns":7.0},{"damage":0.0,"enemies":"Shell Parasite","floor":21.0,"turns":7.0},{"damage":32.0,"enemies":"Book of Stabbing","floor":23.0,"turns":12.0},{"damage":5.0,"enemies":"Snake Plant","floor":25.0,"turns":6.0},{"damage":2.0,"enemies":"Snecko","floor":28.0,"turns":6.0},{"damage":56.0,"enemies":"Gremlin Leader","floor":30.0,"turns":12.0},{"damage":55.0,"enemies":"Automaton","floor":33.0,"turns":11.0},{"damage":3.0,"enemies":"Orb Walker","floor":35.0,"turns":3.0},{"damage":20.0,"enemies":"3 Darklings","floor":38.0,"turns":5.0},{"damage":3.0,"enemies":"Mind Bloom Boss Battle","floor":39.0,"turns":4.0},{"damage":82.0,"enemies":"Giant Head","floor":40.0,"turns":9.0},{"damage":5.0,"enemies":"Jaw Worm Horde","floor":44.0,"turns":3.0},{"damage":30.0,"enemies":"Writhing Mass","floor":48.0,"turns":5.0},{"damage":71,"enemies":"Time Eater","floor":50,"turns":10}],"seed_played":"7198401759571394418","potions_obtained":[{"floor":1.0,"key":"Dexterity Potion"},{"floor":2.0,"key":"LiquidBronze"},{"floor":4.0,"key":"GamblersBrew"},{"floor":5.0,"key":"DuplicationPotion"},{"floor":12.0,"key":"LiquidBronze"},{"floor":25.0,"key":"Dexterity Potion"},{"floor":35.0,"key":"PowerPotion"},{"floor":39.0,"key":"Block Potion"}],"is_trial":false,"path_per_floor":["M","M","M","M","M","R","E","M","T","$","R","E","R","?","R","B",null,"M","?","$","M","?","E","R","M","T","R","M","R","E","$","R","B",null,"M","?","$","M","?","E","R","$","T","M","R","?","$","M","R","B",null],"character_chosen":"IRONCLAD","items_purchased":["Shrug It Off","Feel No Pain","Power Through","Uppercut","Offering"],"campfire_rested":3,"item_purchase_floors":[10,10,20,31,42],"current_hp_per_floor":[76,83,86,88,74,74,53,51,51,66,66,42,42,30,60,33,86,61,40,55,62,62,50,50,58,58,58,62,62,24,39,71,40,92,95,95,109,95,98,31,63,78,78,82,82,82,97,73,73,31],"gold":54,"neow_bonus":"ONE_RANDOM_RARE_CARD","is_daily":false,"chose_seed":false,"campfire_upgraded":8,"win_rate":0.0,"timestamp":1613236959,"path_taken":["M","M","M","M","M","R","E","M","T","$","R","E","R","?","R","BOSS","M","?","$","M","?","E","R","M","T","R","M","R","E","$","R","BOSS","M","?","$","M","?","E","R","?","T","?","R","?","$","M","R","BOSS"],"items_purchased_type":["Card","Card","Card","Card","Card"],"build_version":"2020-12-22","purchased_purges":3,"victory":true,"max_hp_per_floor":[83,86,89,92,95,95,98,101,101,101,101,101,101,101,101,104,104,104,109,109,109,109,109,109,109,109,109,109,109,109,109,109,109,109,109,109,109,109,109,109,109,109,109,112,112,112,112,112,112,112],"card_choices":[{"not_picked":["Thunderclap","Clash"],"picked":"Twin Strike","floor":1.0},{"not_picked":["Cleave","Pommel Strike"],"picked":"Iron Wave","floor":2.0},{"not_picked":["Headbutt","Havoc"],"picked":"Bludgeon","floor":3.0},{"not_picked":["Clash","Wild Strike"],"picked":"True Grit","floor":4.0},{"not_picked":["Brutality","Heavy Blade"],"picked":"Flame Barrier","floor":5.0},{"not_picked":["Iron Wave","Warcry"],"picked":"Seeing Red","floor":7.0},{"not_picked":["Intimidate","Body Slam"],"picked":"Armaments","floor":8.0},{"not_picked":["Shockwave","Entrench"],"picked":"Spot Weakness","floor":12.0},{"not_picked":["Brutality","Bludgeon"],"picked":"Reaper","floor":16.0},{"not_picked":["Burning Pact+1","Sword Boomerang"],"picked":"Disarm","floor":18.0},{"not_picked":["Pommel Strike","Anger"],"picked":"Clothesline","floor":21.0},{"not_picked":["Feel No Pain","Twin Strike","Intimidate"],"picked":"SKIP","floor":23.0},{"not_picked":["Inflame+1","Heavy Blade"],"picked":"Warcry+1","floor":25.0},{"not_picked":["Flex","Sword Boomerang","Wild Strike"],"picked":"SKIP","floor":28.0},{"not_picked":["Ghostly Armor","Rupture"],"picked":"Battle Trance+1","floor":30.0},{"not_picked":["Double Tap","Brutality"],"picked":"Limit Break","floor":33.0},{"not_picked":["Anger+1","Cleave+1"],"picked":"Bloodletting","floor":35.0},{"not_picked":["Armaments","Clash+1"],"picked":"Headbutt","floor":35.0},{"not_picked":["Blood for Blood","Clothesline"],"picked":"Whirlwind+1","floor":38.0},{"not_picked":["Shrug It Off+1","Body Slam","Clothesline"],"picked":"SKIP","floor":38.0},{"not_picked":["Evolve+1","Clothesline","Armaments"],"picked":"SKIP","floor":40.0},{"not_picked":["Carnage","Shockwave"],"picked":"Second Wind+1","floor":44.0},{"not_picked":["Second Wind","Wild Strike+1","Clash+1"],"picked":"SKIP","floor":44.0},{"not_picked":["Mind Blast","Discovery"],"picked":"Panache","floor":46.0},{"not_picked":["Pommel Strike+1","Wild Strike","Spot Weakness+1"],"picked":"SKIP","floor":48.0},{"not_picked":["Sword Boomerang","Anger","Iron Wave+1"],"picked":"SKIP","floor":48.0}],"player_experience":294806,"relics_obtained":[{"floor":7.0,"key":"MealTicket"},{"floor":9.0,"key":"Paper Frog"},{"floor":12.0,"key":"Incense Burner"},{"floor":23.0,"key":"Mercury Hourglass"},{"floor":26.0,"key":"Sundial"},{"floor":30.0,"key":"Prayer Wheel"},{"floor":39.0,"key":"TungstenRod"},{"floor":40.0,"key":"Omamori"},{"floor":43.0,"key":"Bottled Flame"}],"event_choices":[{"damage_healed":0.0,"max_hp_gain":0.0,"max_hp_loss":0.0,"gold_gain":0.0,"event_name":"Scrap Ooze","player_choice":"Success","floor":14.0,"gold_loss":0.0,"damage_taken":12.0,"relics_obtained":["Vajra"]},{"damage_healed":0.0,"max_hp_gain":5.0,"max_hp_loss":0.0,"gold_gain":0.0,"event_name":"Forgotten Altar","player_choice":"Shed Blood","floor":19.0,"gold_loss":0.0,"damage_taken":26.0},{"damage_healed":0.0,"max_hp_gain":0.0,"max_hp_loss":0.0,"gold_gain":0.0,"event_name":"Masked Bandits","player_choice":"Paid Fearfully","floor":22.0,"gold_loss":38.0,"damage_taken":0.0},{"damage_healed":0.0,"max_hp_gain":0.0,"max_hp_loss":0.0,"gold_gain":0.0,"event_name":"Tomb of Lord Red Mask","player_choice":"Ignored","floor":36.0,"gold_loss":0.0,"damage_taken":0.0},{"damage_healed":0.0,"max_hp_gain":0.0,"max_hp_loss":0.0,"gold_gain":0.0,"event_name":"MindBloom","player_choice":"Fight","floor":39.0,"gold_loss":0.0,"damage_taken":0.0},{"damage_healed":0.0,"max_hp_gain":0.0,"max_hp_loss":0.0,"gold_gain":0.0,"event_name":"SensoryStone","player_choice":"Memory 1","floor":46.0,"gold_loss":0.0,"damage_taken":0.0}],"is_beta":false,"boss_relics":[{"not_picked":["Busted Crown","Runic Pyramid"],"picked":"Astrolabe"},{"not_picked":["Calling Bell","Runic Cube"],"picked":"Cursed Key"}],"items_purged_floors":[10,20,37],"is_endless":false,"potions_floor_spawned":[1,2,4,5,12,25,28,35,39],"ascension_level":9}}