{"host":"eaiphzh066bwqdh7","time":1613246674,"event":{"mods":["BaseMod","Better Note","Halation","Hubris","Minty Spire (QoL Compilation)","Reliquary","Replay The Spire","StSLib"],"gold_per_floor":[112,112,112,126,17,17,35,35,35,67,67,80,130,163,163,163,163],"floor_reached":16,"language":"ENG","playtime":427,"items_purged":["Strike_R","Languid"],"score":130,"play_id":"44091499-66da-4e2d-bea4-067a1df9ce59","local_time":"20210213150434","is_ascension_mode":true,"campfire_choices":[{"data":"Fiend Fire","floor":6,"key":"SMITH"},{"data":"Flame Barrier","floor":8,"key":"SMITH"},{"floor":11,"key":"REST"},{"floor":15,"key":"REST"}],"circlet_count":0,"master_deck":["Strike_R","Strike_R","Strike_R","Strike_R","Defend_R","Defend_R","Defend_R","Defend_R","Corruption+1","Flame Barrier+1","Fiend Fire+1","Spot Weakness","Flex+1","Flex","Disarm","Rampage+1"],"relics":["Burning Blood","Molten Egg 2","Nunchaku","ReplayTheSpireMod:CursedCoin","Replay:Kaleidoscope"],"acts_visited":["Exordium"],"potions_floor_usage":[10,14],"damage_taken":[{"damage":2,"enemies":"2 Louse","floor":1,"turns":3},{"damage":0,"enemies":"Small Slimes","floor":4,"turns":3},{"damage":0,"enemies":"Cultist","floor":7,"turns":2},{"damage":45,"enemies":"Lagavulin","floor":10,"turns":8},{"damage":14,"enemies":"Red Slaver","floor":12,"turns":2},{"damage":51,"enemies":"3 Sentries","floor":14,"turns":11},{"damage":37,"enemies":"The Guardian","floor":16,"turns":9}],"seed_played":"2377569300600094073","potions_obtained":[{"floor":1,"key":"LiquidMemories"},{"floor":10,"key":"FearPotion"}],"is_trial":false,"path_per_floor":["M","?","?","M","$","R","M","R","T","E","R","M","$","E","R","B"],"character_chosen":"IRONCLAD","items_purchased":["Flex+1","ReplayTheSpireMod:CursedCoin"],"campfire_rested":2,"item_purchase_floors":[5,13],"current_hp_per_floor":[80,80,80,80,80,80,80,80,80,41,65,57,57,12,36,0,0],"gold":163,"neow_bonus":"ONE_RANDOM_RARE_CARD","is_daily":false,"chose_seed":false,"campfire_upgraded":2,"win_rate":0.0,"timestamp":1613246674,"path_taken":["M","?","?","?","?","R","M","R","T","E","R","M","$","E","R","BOSS"],"items_purchased_type":["Card","Relic"],"build_version":"2020-12-22","purchased_purges":2,"victory":false,"max_hp_per_floor":[80,80,80,80,80,80,80,80,80,80,80,80,80,80,80,80,80],"card_choices":[{"not_picked":["Infernal Blade","Replay:Undeath\u0027s Touch"],"picked":"Flame Barrier","floor":1},{"not_picked":["Clothesline","Heavy Blade"],"picked":"Spot Weakness","floor":4},{"not_picked":["Wild Strike","Intimidate"],"picked":"Flex","floor":7},{"not_picked":["Corruption","Clothesline+1","hubris:SharpeningStone"],"picked":"SKIP","floor":10},{"not_picked":["Havoc","Uppercut+1"],"picked":"Disarm","floor":12},{"not_picked":["Pommel Strike+1","Rupture"],"picked":"Rampage+1","floor":14}],"player_experience":305443,"relics_obtained":[{"floor":9,"key":"Molten Egg 2"},{"floor":10,"key":"Nunchaku"},{"floor":14,"key":"Replay:Kaleidoscope"}],"event_choices":[{"damage_healed":0,"gold_gain":0,"cards_transformed":["Bash"],"player_choice":"Transformed","damage_taken":0,"max_hp_gain":0,"max_hp_loss":0,"event_name":"Transmorgrifier","floor":3,"gold_loss":0,"cards_obtained":["Fiend Fire"]}],"is_beta":false,"boss_relics":[],"items_purged_floors":[5,13],"is_endless":false,"potions_floor_spawned":[1,10],"killed_by":"The Guardian","ascension_level":4}}