{"host":"xrcvs4e8g63nlvru","time":1613198511,"event":{"mods":["BaseMod","Downfall","Hero for Fun","Minty Spire (QoL Compilation)","Quick Restart","StSLib","The Animator","The Bug Knight"],"gold_per_floor":[19,31,31,43,43,43,84,84,84,118,43,62,75,99,99,219,219,235,160,160,176,194,230,244,287,287,287,287,287,312,326,326,454,454,473,473,536,282,301,332,332,16,16,35,35,48,48,71,71,71,71,71,35,73,73],"floor_reached":56,"language":"ENG","playtime":926,"items_purged":["Defend_Y","PanicButton","Get_Hopes_Up"],"score":1579,"play_id":"7efd06e8-4a84-434b-9a54-95ab7bf23cea","local_time":"20210213014151","is_ascension_mode":false,"campfire_choices":[{"floor":6,"key":"RECALL"},{"data":"Wear_Disguise","floor":15,"key":"SMITH"},{"data":"Toss_Stone","floor":27,"key":"SMITH"},{"floor":29,"key":"REST"},{"data":"Strike_Y","floor":32,"key":"SMITH"},{"data":"1","floor":41,"key":"LIFT"},{"data":"2","floor":45,"key":"LIFT"},{"data":"3","floor":49,"key":"LIFT"},{"data":"Consecutive_Normal_Punch","floor":52,"key":"SMITH"}],"circlet_count":0,"master_deck":["Strike_Y","Strike_Y","Strike_Y+1","Strike_Y","Strike_Y","Defend_Y","Defend_Y","Toss_Stone+1","Wear_Disguise+1","Hip_Strike","Slap+1","Normal_Punch","Consecutive_Normal_Punch+1","Slap","Consecutive_Normal_Punch+1","Normal_Punch","Normal_Punch"],"relics":["Cape","Golden Idol","CaptainsWheel","Bag of Preparation","Empty Cage","Question Card","Oddly Smooth Stone","MealTicket","Sozu","Girya","Shuriken","PrismaticShard","StoneCalendar","Pear"],"acts_visited":["Exordium","TheCity","TheBeyond","TheEnding"],"potions_floor_usage":[],"damage_taken":[{"damage":0,"enemies":"2 Louse","floor":1,"turns":2},{"damage":0,"enemies":"Small Slimes","floor":2,"turns":1},{"damage":0,"enemies":"Jaw Worm","floor":4,"turns":1},{"damage":0,"enemies":"Gremlin Nob","floor":7,"turns":1},{"damage":0,"enemies":"HollowMod:MossKnight","floor":10,"turns":1},{"damage":0,"enemies":"Gremlin Gang","floor":12,"turns":2},{"damage":0,"enemies":"Exordium Thugs","floor":13,"turns":1},{"damage":0,"enemies":"Large Slime","floor":14,"turns":1},{"damage":0,"enemies":"Hexaghost","floor":16,"turns":1},{"damage":0,"enemies":"Spheric Guardian","floor":18,"turns":1},{"damage":0,"enemies":"Shell Parasite","floor":21,"turns":1},{"damage":0,"enemies":"Shelled Parasite and Fungi","floor":22,"turns":1},{"damage":0,"enemies":"Book of Stabbing","floor":23,"turns":1},{"damage":0,"enemies":"Chosen and Byrds","floor":24,"turns":1},{"damage":0,"enemies":"HollowMod:Nosk","floor":25,"turns":1},{"damage":0,"enemies":"Snake Plant","floor":30,"turns":1},{"damage":0,"enemies":"Sentry and Sphere","floor":31,"turns":1},{"damage":0,"enemies":"Champ","floor":33,"turns":1},{"damage":0,"enemies":"3 Darklings","floor":35,"turns":1},{"damage":0,"enemies":"Mind Bloom Boss Battle","floor":37,"turns":1},{"damage":0,"enemies":"Orb Walker","floor":39,"turns":1},{"damage":0,"enemies":"Nemesis","floor":40,"turns":1},{"damage":0,"enemies":"Jaw Worm Horde","floor":44,"turns":1},{"damage":0,"enemies":"Maw","floor":46,"turns":1},{"damage":0,"enemies":"Transient","floor":48,"turns":1},{"damage":0,"enemies":"Time Eater","floor":50,"turns":1},{"damage":0,"enemies":"Shield and Spear","floor":54,"turns":1},{"damage":0,"enemies":"The Heart","floor":55,"turns":3}],"seed_played":"1765149946557292516","potions_obtained":[{"floor":4,"key":"SteroidPotion"},{"floor":10,"key":"DistilledChaos"},{"floor":12,"key":"EssenceOfSteel"}],"is_trial":false,"path_per_floor":["M","M","?","M","?","R","E","?","T","E","$","M","M","M","R","B",null,"M","?","?","M","M","E","M","E","T","R","?","R","M","M","R","B",null,"M","?","?","$","M","E","R","$","T","M","R","M","?","M","R","B",null,"R","$","E","B",null],"character_chosen":"OPM","items_purchased":["Normal_Punch","Consecutive_Normal_Punch","PrismaticShard","Normal_Punch","Normal_Punch"],"campfire_rested":1,"item_purchase_floors":[38,38,42,42,53],"current_hp_per_floor":[1098,1098,1098,1098,1011,1011,1011,1011,1011,1011,1011,1011,1011,1011,1011,1011,1011,1011,1011,1011,1011,1011,1011,1011,1011,1011,1011,1011,1011,1011,1011,1011,1011,1011,1011,1011,1011,1011,1011,1011,1011,1011,1011,1011,1011,1011,960,960,960,960,960,960,960,970,970],"gold":73,"neow_bonus":"TEN_PERCENT_HP_BONUS","is_daily":false,"chose_seed":false,"campfire_upgraded":4,"win_rate":0.0,"timestamp":1613198511,"path_taken":["M","M","?","M","?","R","E","?","T","E","$","?","M","M","R","BOSS","M","?","?","M","?","E","M","E","T","R","?","R","M","M","R","BOSS","M","?","?","$","M","E","R","$","T","M","R","M","?","M","R","BOSS","R","$","E","BOSS"],"items_purchased_type":["Card","Card","Relic","Card","Card"],"build_version":"2020-12-22","purchased_purges":3,"victory":true,"max_hp_per_floor":[1098,1098,1098,1098,1011,1011,1011,1011,1011,1011,1011,1011,1011,1011,1011,1011,1011,1011,1011,1011,1011,1011,1011,1011,1011,1011,1011,1011,1011,1011,1011,1011,1011,1011,1011,1011,1011,1011,1011,1011,1011,1011,1011,1011,1011,1011,960,960,960,960,960,960,960,970,970],"card_choices":[{"not_picked":["Normal_Punch","Ignore"],"picked":"Yawn","floor":1},{"not_picked":["Slap","Yawn"],"picked":"Side_Hop","floor":2},{"not_picked":["Do_Nothing","Ignore"],"picked":"Toss_Stone","floor":4},{"not_picked":["Side_Hop","Slap","Normal_Punch"],"picked":"SKIP","floor":7},{"not_picked":["Terrifying_Presence","Hop"],"picked":"Wear_Disguise","floor":10},{"not_picked":["Slap","Consecutive_Normal_Punch","Hop"],"picked":"SKIP","floor":12},{"not_picked":["Wear_Disguise","Consecutive_Normal_Punch","Slap"],"picked":"SKIP","floor":13},{"not_picked":["Ignore","Hop","Yawn"],"picked":"SKIP","floor":14},{"not_picked":["Serious_Side_Hops","Hip_Strike"],"picked":"Get_Hopes_Up","floor":16},{"not_picked":["Slap","Hop","Ignore"],"picked":"SKIP","floor":18},{"not_picked":["Hop+1","Side_Hop","Do_Nothing+1"],"picked":"SKIP","floor":21},{"not_picked":["Wear_Disguise","Toss_Stone","Yawn"],"picked":"SKIP","floor":22},{"not_picked":["Side_Hop","Toss_Stone","Do_Nothing+1"],"picked":"SKIP","floor":23},{"not_picked":["Wear_Disguise+1","Terrifying_Presence","Toss_Stone","Hop"],"picked":"SKIP","floor":24},{"not_picked":["Yawn+1","Slap","Ignore+1","Terrifying_Presence"],"picked":"SKIP","floor":25},{"not_picked":["Wear_Disguise","Toss_Stone","Yawn+1","Side_Hop"],"picked":"SKIP","floor":30},{"not_picked":["Slap","Hop+1","Side_Hop","Ignore"],"picked":"SKIP","floor":31},{"not_picked":["Terrifying_Presence","Oh","Get_Hopes_Up"],"picked":"Hip_Strike","floor":33},{"not_picked":["Do_Nothing","Consecutive_Normal_Punch+1","Ignore","Yawn+1"],"picked":"SKIP","floor":35},{"not_picked":["Wear_Disguise","Yawn","Hop+1"],"picked":"Slap+1","floor":37},{"not_picked":["Hop+1","Ignore+1","Do_Nothing"],"picked":"Slap","floor":39},{"not_picked":["Normal_Punch+1","Get_Hopes_Up","Slap"],"picked":"Consecutive_Normal_Punch+1","floor":40},{"not_picked":["Perfected Strike","animator:Gillette+1","HollowMod:HornetsHelp","bronze:NullPointer"],"picked":"SKIP","floor":44},{"not_picked":["HollowMod:TaintedHusks","animator:Ciel+1","champ:BerserkersShout+1","hexamod:FourthSeal"],"picked":"SKIP","floor":46},{"not_picked":["animator:Magilou","animator:YuiTsuruno+1","bronze:WildBeam","Guardian:PrismaticBeam+1"],"picked":"SKIP","floor":48},{"not_picked":["animator:Yuuichirou+1","BootSequence","Burning Pact+1","Double Energy+1"],"picked":"SKIP","floor":54}],"player_experience":52228,"relics_obtained":[{"floor":7,"key":"CaptainsWheel"},{"floor":10,"key":"Bag of Preparation"},{"floor":23,"key":"Question Card"},{"floor":25,"key":"Oddly Smooth Stone"},{"floor":26,"key":"MealTicket"},{"floor":37,"key":"Girya"},{"floor":40,"key":"Shuriken"},{"floor":43,"key":"StoneCalendar"},{"floor":54,"key":"Pear"}],"event_choices":[{"damage_healed":0,"gold_gain":0,"player_choice":"Ignored","damage_taken":0,"max_hp_gain":0,"max_hp_loss":0,"event_name":"Liars Game","floor":3,"gold_loss":0},{"damage_healed":0,"gold_gain":0,"player_choice":"Lose Max HP","damage_taken":0,"relics_obtained":["Golden Idol"],"max_hp_gain":0,"max_hp_loss":87,"event_name":"Golden Idol","floor":5,"gold_loss":0},{"cards_removed":["Defend_Y"],"damage_healed":0,"gold_gain":0,"player_choice":"Offered Basic","damage_taken":0,"max_hp_gain":0,"max_hp_loss":0,"event_name":"Bonfire Elementals","floor":8,"gold_loss":0},{"cards_removed":["Yawn"],"damage_healed":0,"gold_gain":0,"player_choice":"Gave Gold","damage_taken":0,"max_hp_gain":0,"max_hp_loss":0,"event_name":"Beggar","floor":19,"gold_loss":75},{"damage_healed":0,"gold_gain":0,"player_choice":"1 cards matched","damage_taken":0,"max_hp_gain":0,"max_hp_loss":0,"event_name":"Match and Keep!","floor":20,"gold_loss":0,"cards_obtained":["PanicButton"]},{"damage_healed":0,"gold_gain":0,"player_choice":"Ignored","damage_taken":0,"max_hp_gain":0,"max_hp_loss":0,"event_name":"Tomb of Lord Red Mask","floor":36,"gold_loss":0},{"damage_healed":0,"gold_gain":0,"player_choice":"Fight","damage_taken":0,"max_hp_gain":0,"max_hp_loss":0,"event_name":"MindBloom","floor":37,"gold_loss":0},{"damage_healed":0,"gold_gain":0,"player_choice":"Max HP","damage_taken":0,"max_hp_gain":0,"max_hp_loss":51,"event_name":"Winding Halls","floor":47,"gold_loss":0}],"is_beta":false,"boss_relics":[{"not_picked":["Tiny House","Snecko Eye"],"picked":"Empty Cage"},{"not_picked":["Fusion Hammer","Busted Crown"],"picked":"Sozu"}],"items_purged_floors":[11,38,42],"is_endless":false,"potions_floor_spawned":[4,10,12,14,21,22,24,30,31,37,44,48],"ascension_level":0}}