{"host":"6azrrw3tf7wb0f4b","time":1613210942,"event":{"mods":["BaseMod","DeckTracker","Minty Spire (QoL Compilation)","SuperFastMode"],"gold_per_floor":[369,222,238,252,252,252,265,281,349,363,363,376,376,49,49,144,144,155,30,66,81,81,126,126,136,162,206,131,173,173,83,83,186,186,227,277,127,140,140,170,170],"floor_reached":40,"language":"KOR","playtime":1589,"items_purged":["Strike_P","Strike_P","Strike_P","Defend_P"],"score":450,"play_id":"4fe1ad04-aad8-42c5-ad8d-ad72d9428c09","local_time":"20210213190902","is_ascension_mode":false,"campfire_choices":[{"data":"Tantrum","floor":6.0,"key":"SMITH"},{"floor":11.0,"key":"REST"},{"data":"SashWhip","floor":13.0,"key":"SMITH"},{"data":"MentalFortress","floor":15.0,"key":"SMITH"},{"data":"Wish","floor":24.0,"key":"SMITH"},{"data":"Halt","floor":30.0,"key":"SMITH"},{"floor":32.0,"key":"REST"}],"circlet_count":0,"master_deck":["Eruption+1","Vigilance+1","Wallop","Tantrum+1","EmptyFist","SashWhip+1","Ragnarok+1","MentalFortress+1","Wish+1","FearNoEvil+1","FlurryOfBlows+1","Halt+1","Scrawl"],"relics":["PureWater","Kunai","Toolbox","Empty Cage","Mango","Whetstone","Fusion Hammer","Turnip"],"acts_visited":["Exordium","TheCity","TheBeyond"],"potions_floor_usage":[],"damage_taken":[{"damage":3.0,"enemies":"Jaw Worm","floor":1.0,"turns":3.0},{"damage":2.0,"enemies":"Cultist","floor":3.0,"turns":3.0},{"damage":10.0,"enemies":"Small Slimes","floor":4.0,"turns":3.0},{"damage":12.0,"enemies":"Exordium Thugs","floor":7.0,"turns":3.0},{"damage":17.0,"enemies":"2 Fungi Beasts","floor":8.0,"turns":3.0},{"damage":3.0,"enemies":"Gremlin Gang","floor":10.0,"turns":2.0},{"damage":4.0,"enemies":"3 Louse","floor":12.0,"turns":4.0},{"damage":10.0,"enemies":"The Guardian","floor":16.0,"turns":10.0},{"damage":0.0,"enemies":"Spheric Guardian","floor":18.0,"turns":1.0},{"damage":25.0,"enemies":"2 Thieves","floor":20.0,"turns":4.0},{"damage":4.0,"enemies":"Shelled Parasite and Fungi","floor":21.0,"turns":4.0},{"damage":0.0,"enemies":"Gremlin Leader","floor":23.0,"turns":5.0},{"damage":3.0,"enemies":"Snecko","floor":25.0,"turns":4.0},{"damage":16.0,"enemies":"Centurion and Healer","floor":27.0,"turns":4.0},{"damage":19.0,"enemies":"Sentry and Sphere","floor":29.0,"turns":4.0},{"damage":6.0,"enemies":"Champ","floor":33.0,"turns":9.0},{"damage":16.0,"enemies":"3 Shapes","floor":35.0,"turns":3.0},{"damage":0.0,"enemies":"Mind Bloom Boss Battle","floor":36.0,"turns":4.0},{"damage":7.0,"enemies":"Orb Walker","floor":38.0,"turns":2.0},{"damage":116,"enemies":"Nemesis","floor":40,"turns":7}],"seed_played":"-2702881640974214170","potions_obtained":[{"floor":1.0,"key":"Dexterity Potion"},{"floor":3.0,"key":"ColorlessPotion"},{"floor":10.0,"key":"GamblersBrew"},{"floor":20.0,"key":"Regen Potion"},{"floor":21.0,"key":"BottledMiracle"},{"floor":33.0,"key":"SpeedPotion"},{"floor":38.0,"key":"SpeedPotion"}],"is_trial":false,"path_per_floor":["M","$","M","M","?","R","M","M","T","M","R","M","R","$","R","B",null,"M","$","M","M","$","E","R","M","T","M","?","M","R","?","R","B",null,"M","?","$","M","$","E"],"character_chosen":"WATCHER","items_purchased":["Tantrum","MentalFortress","Toolbox"],"campfire_rested":2,"item_purchase_floors":[2,14,14],"current_hp_per_floor":[48,48,46,36,36,36,24,7,7,4,25,21,21,21,21,11,72,72,72,47,43,43,62,62,59,59,43,43,24,24,24,49,43,86,70,70,70,63,63,0,0],"gold":170,"neow_bonus":"TWO_FIFTY_GOLD","is_daily":false,"chose_seed":false,"campfire_upgraded":5,"win_rate":0.0,"timestamp":1613210942,"path_taken":["M","$","M","M","?","R","?","M","T","M","R","M","R","$","R","BOSS","M","$","M","M","$","E","R","M","T","M","?","M","R","?","R","BOSS","M","?","$","M","?","E"],"items_purchased_type":["Card","Card","Relic"],"build_version":"2020-12-22","purchased_purges":4,"victory":false,"max_hp_per_floor":[72,72,72,72,72,72,72,72,72,72,72,72,72,72,72,72,72,72,72,72,72,72,86,86,86,86,86,86,86,86,86,86,86,86,86,86,86,86,86,86,86],"card_choices":[{"not_picked":["TalkToTheHand","CutThroughFate"],"picked":"Wallop","floor":1.0},{"not_picked":["Prostrate","FlyingSleeves","CutThroughFate"],"picked":"SKIP","floor":3.0},{"not_picked":["CrushJoints","BowlingBash"],"picked":"EmptyFist","floor":4.0},{"not_picked":["Crescendo","EmptyFist"],"picked":"SashWhip","floor":7.0},{"not_picked":["Collect","JustLucky","SignatureMove"],"picked":"SKIP","floor":8.0},{"not_picked":["SashWhip","ClearTheMind","Tantrum"],"picked":"SKIP","floor":10.0},{"not_picked":["Halt","SashWhip"],"picked":"Ragnarok","floor":12.0},{"not_picked":["Brilliance","SpiritShield"],"picked":"Wish","floor":16.0},{"not_picked":["Prostrate+1","CutThroughFate","Perseverance"],"picked":"SKIP","floor":18.0},{"not_picked":["Adaptation","Halt+1"],"picked":"FearNoEvil+1","floor":20.0},{"not_picked":["JustLucky","ForeignInfluence","Collect"],"picked":"SKIP","floor":21.0},{"not_picked":["Prostrate","PathToVictory","FlyingSleeves"],"picked":"SKIP","floor":23.0},{"not_picked":["Prostrate","WreathOfFlame+1"],"picked":"FlurryOfBlows","floor":25.0},{"not_picked":["Nirvana","Evaluate","ClearTheMind"],"picked":"SKIP","floor":27.0},{"not_picked":["Protect","Sanctity"],"picked":"Halt","floor":29.0},{"not_picked":["Blasphemy","Ragnarok"],"picked":"Scrawl","floor":33.0},{"not_picked":["Evaluate","CrushJoints+1","EmptyFist"],"picked":"SKIP","floor":35.0},{"not_picked":["ReachHeaven","Swivel","TalkToTheHand"],"picked":"SKIP","floor":38.0}],"player_experience":783686,"relics_obtained":[{"floor":9.0,"key":"Kunai"},{"floor":23.0,"key":"Mango"},{"floor":26.0,"key":"Whetstone"},{"floor":36.0,"key":"Turnip"}],"event_choices":[{"damage_healed":0.0,"max_hp_gain":0.0,"max_hp_loss":0.0,"gold_gain":0.0,"event_name":"Upgrade Shrine","player_choice":"Upgraded","floor":5.0,"gold_loss":0.0,"damage_taken":0.0,"cards_upgraded":["Eruption"]},{"cards_removed":["Defend_P"],"damage_healed":0.0,"max_hp_gain":0.0,"max_hp_loss":0.0,"gold_gain":0.0,"event_name":"Beggar","player_choice":"Gave Gold","floor":28.0,"gold_loss":75.0,"damage_taken":0.0},{"cards_removed":["Defend_P"],"damage_healed":0.0,"max_hp_gain":0.0,"max_hp_loss":0.0,"gold_gain":0.0,"event_name":"Designer","player_choice":"Upgrade and Remove","floor":31.0,"gold_loss":90.0,"damage_taken":0.0,"cards_upgraded":["Vigilance"]},{"damage_healed":0.0,"max_hp_gain":0.0,"max_hp_loss":0.0,"gold_gain":0.0,"event_name":"MindBloom","player_choice":"Fight","floor":36.0,"gold_loss":0.0,"damage_taken":0.0}],"is_beta":false,"boss_relics":[{"not_picked":["Ectoplasm","Philosopher\u0027s Stone"],"picked":"Empty Cage"},{"not_picked":["Pandora\u0027s Box","HolyWater"],"picked":"Fusion Hammer"}],"items_purged_floors":[2,14,19,37],"is_endless":false,"potions_floor_spawned":[1,3,10,20,21,33,38],"killed_by":"Nemesis","ascension_level":0}}