{"host":"jwpp8hxpigr0nknu","time":1613255096,"event":{"mods":["BaseMod","BetterRewards","Colored Map","Colored Powertips","Minty Spire (QoL Compilation)","Rare Cards Sparkle","Replay The Spire","Shop Mod","StSLib"],"gold_per_floor":[109,109,109,127,142,172,172,252,252,252,309,386,386,405,405,405,405],"floor_reached":16,"language":"ENG","playtime":1111,"items_purged":[],"score":204,"play_id":"5445f9ea-8d9d-4cae-a511-8b2d2567a881","local_time":"20210213162456","daily_mods":["Draft"],"is_ascension_mode":true,"campfire_choices":[{"data":"ReplayTheSpireMod:Muscle Training","floor":7.0,"key":"SMITH"},{"data":"Bloodletting","floor":10.0,"key":"SMITH"},{"floor":15,"key":"REST"}],"circlet_count":0,"master_deck":["AscendersBane","Power Through","Wild Strike+1","Sever Soul","Twin Strike","True Grit","Clothesline","Flame Barrier","Intimidate","Ghostly Armor","Burning Pact","Bloodletting+1","Inflame","Thunderclap+1","Shrug It Off","Cleave","Infernal Blade","ReplayTheSpireMod:Muscle Training+1","Power Through","Dropkick","Second Wind","Havoc"],"relics":["Burning Blood","ReplayTheSpireMod:Ring of Challenge","Omamori","Pocketwatch","Pear","Happy Flower"],"acts_visited":["Exordium"],"potions_floor_usage":[16],"damage_taken":[{"damage":5.0,"enemies":"Small Slimes","floor":1.0,"turns":3.0},{"damage":0.0,"enemies":"2 Louse","floor":4.0,"turns":2.0},{"damage":1.0,"enemies":"Cultist","floor":5.0,"turns":3.0},{"damage":38.0,"enemies":"Replay:BlueRogue","floor":6.0,"turns":7.0},{"damage":21.0,"enemies":"Lagavulin","floor":8.0,"turns":7.0},{"damage":11.0,"enemies":"Blue Slaver","floor":11.0,"turns":5.0},{"damage":19,"enemies":"Replay:BlueRogue","floor":12,"turns":7},{"damage":0,"enemies":"Looter","floor":14,"turns":3},{"damage":24,"enemies":"Fading Forest","floor":16,"turns":9}],"seed_played":"611597827382645915","potions_obtained":[{"floor":4.0,"key":"Weak Potion"},{"floor":6.0,"key":"CultistPotion"},{"floor":14,"key":"Strength Potion"}],"is_trial":true,"path_per_floor":["M","?","?","M","M","E","R","E","T","R","M","E","?","M","R","B"],"character_chosen":"IRONCLAD","items_purchased":[],"campfire_rested":1,"item_purchase_floors":[],"current_hp_per_floor":[69,69,69,75,75,43,43,28,38,38,33,20,3,9,34,18,18],"gold":405,"neow_bonus":"","is_daily":false,"chose_seed":true,"campfire_upgraded":2,"win_rate":0.0,"timestamp":1613255096,"path_taken":["M","?","?","M","?","E","R","E","T","R","M","E","?","M","R","BOSS"],"items_purchased_type":[],"build_version":"2020-12-22","purchased_purges":0,"victory":false,"max_hp_per_floor":[75,75,75,75,75,75,75,75,85,85,85,85,85,85,85,85,85],"card_choices":[{"not_picked":["Perfected Strike","Warcry"],"picked":"Power Through","floor":0.0},{"not_picked":["Battle Trance","Replay:Undeath\u0027s Touch"],"picked":"Wild Strike","floor":0.0},{"not_picked":["Perfected Strike","Thunderclap"],"picked":"Sever Soul","floor":0.0},{"not_picked":["Pommel Strike","Perfected Strike"],"picked":"Twin Strike","floor":0.0},{"not_picked":["ReplayTheSpireMod:Strike From Hell","Twin Strike"],"picked":"True Grit","floor":0.0},{"not_picked":["Body Slam","Headbutt"],"picked":"Clothesline","floor":0.0},{"not_picked":["Cleave","Wild Strike"],"picked":"Flame Barrier","floor":0.0},{"not_picked":["ReplayTheSpireMod:Muscle Training","Anger"],"picked":"Intimidate","floor":0.0},{"not_picked":["Thunderclap","Body Slam"],"picked":"Ghostly Armor","floor":0.0},{"not_picked":["Heavy Blade","Warcry"],"picked":"Burning Pact","floor":0.0},{"not_picked":["Havoc","Power Through"],"picked":"Bloodletting","floor":0.0},{"not_picked":["Anger","Rage"],"picked":"Inflame","floor":0.0},{"not_picked":["Reckless Charge","Twin Strike"],"picked":"Thunderclap","floor":0.0},{"not_picked":["Pommel Strike","Twin Strike"],"picked":"Shrug It Off","floor":0.0},{"not_picked":["Life Link","Havoc"],"picked":"Cleave","floor":0.0},{"not_picked":["Iron Wave","Metallicize"],"picked":"Infernal Blade","floor":1.0},{"not_picked":["Thunderclap","Anger"],"picked":"ReplayTheSpireMod:Muscle Training","floor":4.0},{"not_picked":["Twin Strike","Rage"],"picked":"Power Through","floor":5.0},{"not_picked":["Replay:Undeath\u0027s Touch","ReplayTheSpireMod:Strike From Hell","Ghostly Armor"],"picked":"SKIP","floor":6.0},{"not_picked":["Ghostly Armor","Power Through"],"picked":"Dropkick","floor":8.0},{"not_picked":["Sever Soul","ReplayTheSpireMod:Strike From Hell"],"picked":"Second Wind","floor":11.0},{"not_picked":["Anger","True Grit","Brutality"],"picked":"SKIP","floor":12},{"not_picked":["Run Through","Carnage"],"picked":"Havoc","floor":14}],"player_experience":333543,"relics_obtained":[{"floor":2.0,"key":"ReplayTheSpireMod:Ring of Challenge"},{"floor":6.0,"key":"Omamori"},{"floor":8.0,"key":"Pocketwatch"},{"floor":9.0,"key":"Pear"},{"floor":12,"key":"Happy Flower"}],"event_choices":[{"cards_removed":["CommonCold"],"damage_healed":0.0,"max_hp_gain":0.0,"max_hp_loss":0.0,"gold_gain":0.0,"event_name":"Fountain of Cleansing","player_choice":"Removed Curses","floor":3.0,"gold_loss":0.0,"damage_taken":0.0},{"damage_healed":0,"gold_gain":0,"player_choice":"Entered Light","damage_taken":17,"max_hp_gain":0,"max_hp_loss":0,"event_name":"Shining Light","floor":13,"gold_loss":0,"cards_upgraded":["Thunderclap","Wild Strike"]}],"is_beta":false,"boss_relics":[],"items_purged_floors":[],"is_endless":false,"potions_floor_spawned":[4,6,14],"killed_by":"Fading Forest","ascension_level":14}}