{"host":"h2g8ky7y1n1j4svm","time":1613183376,"event":{"mods":["AchievementEnabler","BaseMod","Bestiary","Block Reminder","Colored Map","Highlight Path","Minty Spire (QoL Compilation)","Quick Restart","Relic Stats","SuperFastMode"],"gold_per_floor":[119,194,205,205,222,147,147,9,9,9,24,24,55,66,66,166,166,178,178,197,217,230,230,230,262,289,289,307,307,324,132,132,227,227,238,238,238,289,309,338,349,349,349,361,373,283,298,317,317,317,317,317,48,82,82],"floor_reached":56,"language":"ENG","playtime":17404,"items_purged":["Strike_P","Defend_P","Strike_P","Strike_P"],"score":1301,"play_id":"cda1a56e-761f-4967-a116-941b7404b553","local_time":"20210213032936","is_ascension_mode":false,"campfire_choices":[{"data":"Eruption","floor":7.0,"key":"SMITH"},{"data":"EmptyMind","floor":10.0,"key":"SMITH"},{"floor":15.0,"key":"REST"},{"data":"CutThroughFate","floor":23.0,"key":"SMITH"},{"data":"Ghostly","floor":27.0,"key":"SMITH"},{"data":"Vigilance","floor":29.0,"key":"SMITH"},{"data":"Devotion","floor":32.0,"key":"SMITH"},{"floor":42,"key":"RECALL"},{"floor":49,"key":"REST"},{"floor":52,"key":"REST"}],"circlet_count":0,"master_deck":["Defend_P","Defend_P","Eruption+1","Vigilance+1","Protect","Adaptation","EmptyMind+1","Sanctity","CutThroughFate+1","Nirvana","Crescendo","Vault","CutThroughFate","PathToVictory","Establishment+1","Ghostly+1","Ghostly","Ghostly","Ghostly","Ghostly","WheelKick","DeceiveReality","Devotion+1","BattleHymn","Devotion","Madness","Madness","PathToVictory+1","DevaForm","PathToVictory","ThirdEye+1","PathToVictory","Wallop+1"],"relics":["PureWater","Blood Vial","Thread and Needle","Snecko Eye","CaptainsWheel","MealTicket","Fusion Hammer","GoldenEye","Toy Ornithopter","Bag of Preparation","Oddly Smooth Stone"],"acts_visited":["Exordium","TheCity","TheBeyond","TheEnding"],"potions_floor_usage":[48,55,55,55],"damage_taken":[{"damage":0.0,"enemies":"2 Louse","floor":1.0,"turns":2.0},{"damage":0.0,"enemies":"Small Slimes","floor":3.0,"turns":3.0},{"damage":0.0,"enemies":"Jaw Worm","floor":5.0,"turns":1.0},{"damage":2.0,"enemies":"Blue Slaver","floor":11.0,"turns":6.0},{"damage":36.0,"enemies":"Gremlin Nob","floor":13.0,"turns":5.0},{"damage":0.0,"enemies":"2 Fungi Beasts","floor":14.0,"turns":3.0},{"damage":47.0,"enemies":"Slime Boss","floor":16.0,"turns":14.0},{"damage":14.0,"enemies":"2 Thieves","floor":18.0,"turns":5.0},{"damage":1.0,"enemies":"3 Byrds","floor":20.0,"turns":8.0},{"damage":2.0,"enemies":"Cultist and Chosen","floor":21.0,"turns":8.0},{"damage":11.0,"enemies":"Shelled Parasite and Fungi","floor":22.0,"turns":4.0},{"damage":0.0,"enemies":"Slavers","floor":25.0,"turns":8.0},{"damage":0.0,"enemies":"Sentry and Sphere","floor":28.0,"turns":7.0},{"damage":0.0,"enemies":"Centurion and Healer","floor":30.0,"turns":6.0},{"damage":0.0,"enemies":"Automaton","floor":33.0,"turns":10.0},{"damage":0.0,"enemies":"Orb Walker","floor":35.0,"turns":4.0},{"damage":0.0,"enemies":"2 Orb Walkers","floor":38.0,"turns":7.0},{"damage":0,"enemies":"3 Shapes","floor":39,"turns":5},{"damage":0,"enemies":"Giant Head","floor":40,"turns":7},{"damage":0,"enemies":"Jaw Worm Horde","floor":41,"turns":5},{"damage":13,"enemies":"Writhing Mass","floor":44,"turns":7},{"damage":0,"enemies":"4 Shapes","floor":45,"turns":7},{"damage":0,"enemies":"Maw","floor":47,"turns":5},{"damage":0,"enemies":"Transient","floor":48,"turns":6},{"damage":2,"enemies":"Time Eater","floor":50,"turns":7},{"damage":0,"enemies":"Shield and Spear","floor":54,"turns":7},{"damage":18,"enemies":"The Heart","floor":55,"turns":10}],"seed_played":"559334144762163650","potions_obtained":[{"floor":1.0,"key":"Fire Potion"},{"floor":3.0,"key":"StancePotion"},{"floor":11.0,"key":"SteroidPotion"},{"floor":18.0,"key":"AttackPotion"},{"floor":21.0,"key":"SteroidPotion"},{"floor":25.0,"key":"Fire Potion"},{"floor":41,"key":"Regen Potion"},{"floor":44,"key":"AttackPotion"},{"floor":45,"key":"Regen Potion"},{"floor":47,"key":"Energy Potion"},{"floor":54,"key":"Dexterity Potion"}],"is_trial":false,"path_per_floor":["M","?","M","?","M","$","R","$","T","R","M","?","E","M","R","B",null,"M","?","M","M","M","R","?","E","T","R","M","R","M","$","R","B",null,"M","?","?","?","M","E","M","R","T","M","M","?","M","M","R","B",null,"R","$","E","B",null],"character_chosen":"WATCHER","items_purchased":["Sanctity","BattleHymn","PathToVictory","DuplicationPotion"],"campfire_rested":3,"item_purchase_floors":[8,31,53,53],"current_hp_per_floor":[72,61,63,68,70,70,70,70,70,70,70,70,36,38,61,16,77,63,63,64,64,55,55,38,38,38,38,38,38,38,38,38,38,38,38,38,33,35,37,38,38,38,38,25,27,27,29,36,38,36,38,38,38,38,27],"gold":82,"neow_bonus":"RANDOM_COMMON_RELIC","is_daily":false,"chose_seed":false,"campfire_upgraded":6,"win_rate":0.0,"timestamp":1613183376,"path_taken":["M","?","M","?","M","$","R","$","T","R","M","?","E","M","R","BOSS","M","?","M","M","M","R","?","E","T","R","M","R","M","$","R","BOSS","M","?","?","?","M","E","M","R","T","M","M","?","M","?","R","BOSS","R","$","E","BOSS"],"items_purchased_type":["Card","Card","Card","Potion"],"build_version":"2020-12-22","purchased_purges":4,"victory":true,"max_hp_per_floor":[72,72,72,77,77,77,77,77,77,77,77,77,77,77,77,77,77,77,77,77,77,77,77,38,38,38,38,38,38,38,38,38,38,38,38,38,38,38,38,38,38,38,38,38,38,38,38,38,38,38,38,38,38,38,38],"relic_stats":{"Blood Vial":29,"counters":[27,167],"Snecko Eye":[288,295,276,300],"MealTicket":0,"Bag of Preparation":[14],"GoldenEye":[48],"obtain_stats":[{"Blood Vial":0,"CaptainsWheel":25,"Snecko Eye":17,"Oddly Smooth Stone":54,"Thread and Needle":13,"MealTicket":26,"Fusion Hammer":34,"Bag of Preparation":43,"PureWater":0,"GoldenEye":38,"Toy Ornithopter":40},{"Blood Vial":0,"CaptainsWheel":12,"Snecko Eye":7,"Oddly Smooth Stone":26,"Thread and Needle":5,"MealTicket":12,"Fusion Hammer":15,"Bag of Preparation":20,"PureWater":0,"GoldenEye":17,"Toy Ornithopter":19},{"Blood Vial":0,"CaptainsWheel":67,"Snecko Eye":34,"Oddly Smooth Stone":157,"Thread and Needle":17,"MealTicket":67,"Fusion Hammer":90,"Bag of Preparation":118,"PureWater":0,"GoldenEye":101,"Toy Ornithopter":113}],"Toy Ornithopter":12},"card_choices":[{"not_picked":["FlyingSleeves","ClearTheMind"],"picked":"Protect","floor":1.0},{"not_picked":["EmptyFist","Protect"],"picked":"Adaptation","floor":3.0},{"not_picked":["CarveReality","FearNoEvil"],"picked":"EmptyMind","floor":5.0},{"not_picked":["Consecrate","Collect"],"picked":"CutThroughFate","floor":11.0},{"not_picked":["Fasting2","FlurryOfBlows"],"picked":"Nirvana","floor":13.0},{"not_picked":["Judgement","Protect"],"picked":"Crescendo","floor":14.0},{"not_picked":["DeusExMachina","Judgement"],"picked":"Vault","floor":16.0},{"not_picked":["Evaluate","BowlingBash"],"picked":"CutThroughFate","floor":18.0},{"not_picked":["ReachHeaven","CutThroughFate"],"picked":"Establishment","floor":20.0},{"not_picked":["Halt","FlyingSleeves","Worship"],"picked":"SKIP","floor":21.0},{"not_picked":["Study","BowlingBash","Evaluate"],"picked":"SKIP","floor":22.0},{"not_picked":["SignatureMove","WindmillStrike"],"picked":"WheelKick","floor":25.0},{"not_picked":["EmptyFist","JustLucky"],"picked":"DeceiveReality","floor":28.0},{"not_picked":["FlyingSleeves","Halt"],"picked":"Devotion","floor":30.0},{"not_picked":["ConjureBlade","Establishment"],"picked":"Devotion","floor":33.0},{"not_picked":["ClearTheMind","Consecrate","Prostrate+1"],"picked":"SKIP","floor":35.0},{"not_picked":["Meditate+1","EmptyBody+1"],"picked":"PathToVictory+1","floor":38.0},{"not_picked":["Pray","Weave","WreathOfFlame+1"],"picked":"SKIP","floor":39},{"not_picked":["Worship+1","Pray"],"picked":"DevaForm","floor":40},{"not_picked":["LikeWater+1","Indignation","Crescendo+1"],"picked":"SKIP","floor":41},{"not_picked":["LikeWater+1","Indignation","Crescendo+1"],"picked":"SKIP","floor":41},{"not_picked":["LikeWater","BattleHymn+1","Vengeance"],"picked":"SKIP","floor":44},{"not_picked":["FollowUp+1","CrushJoints"],"picked":"PathToVictory","floor":45},{"not_picked":["Protect+1","CrushJoints"],"picked":"ThirdEye+1","floor":47},{"not_picked":["CarveReality+1","BowlingBash+1","JustLucky+1"],"picked":"SKIP","floor":48},{"not_picked":["Consecrate","BowlingBash+1"],"picked":"Wallop+1","floor":54}],"player_experience":959380,"relics_obtained":[{"floor":13.0,"key":"Thread and Needle"},{"floor":25.0,"key":"CaptainsWheel"},{"floor":26.0,"key":"MealTicket"},{"floor":38.0,"key":"GoldenEye"},{"floor":40,"key":"Toy Ornithopter"},{"floor":43,"key":"Bag of Preparation"},{"floor":54,"key":"Oddly Smooth Stone"}],"event_choices":[{"damage_healed":0.0,"max_hp_gain":0.0,"max_hp_loss":0.0,"gold_gain":75.0,"event_name":"World of Goop","player_choice":"Gather Gold","floor":2.0,"gold_loss":0.0,"damage_taken":11.0},{"damage_healed":0.0,"max_hp_gain":5.0,"max_hp_loss":0.0,"gold_gain":0.0,"event_name":"Big Fish","player_choice":"Donut","floor":4.0,"gold_loss":0.0,"damage_taken":0.0},{"cards_removed":["Strike_P"],"damage_healed":0.0,"max_hp_gain":0.0,"max_hp_loss":0.0,"gold_gain":0.0,"event_name":"Living Wall","player_choice":"Forget","floor":12.0,"gold_loss":0.0,"damage_taken":0.0},{"damage_healed":0.0,"max_hp_gain":0.0,"max_hp_loss":0.0,"gold_gain":0.0,"event_name":"The Library","player_choice":"Read","floor":19.0,"gold_loss":0.0,"damage_taken":0.0,"cards_obtained":["PathToVictory"]},{"damage_healed":0.0,"max_hp_gain":0.0,"max_hp_loss":39.0,"gold_gain":0.0,"event_name":"Ghosts","player_choice":"Became a Ghost","floor":24.0,"gold_loss":0.0,"damage_taken":0.0,"cards_obtained":["Ghostly","Ghostly","Ghostly","Ghostly","Ghostly"]},{"damage_healed":0.0,"max_hp_gain":0.0,"max_hp_loss":0.0,"gold_gain":0.0,"event_name":"Tomb of Lord Red Mask","player_choice":"Ignored","floor":36.0,"gold_loss":0.0,"damage_taken":0.0},{"damage_healed":0.0,"max_hp_gain":0.0,"max_hp_loss":0.0,"gold_gain":0.0,"event_name":"Winding Halls","player_choice":"Embrace Madness","floor":37.0,"gold_loss":0.0,"damage_taken":5.0,"cards_obtained":["Madness","Madness"]},{"damage_healed":0.0,"max_hp_gain":0.0,"max_hp_loss":0.0,"gold_gain":0.0,"event_name":"Mysterious Sphere","player_choice":"Fight","floor":38.0,"gold_loss":0.0,"damage_taken":0.0},{"cards_removed":["Defend_P"],"damage_healed":0,"gold_gain":0,"player_choice":"Upgrade and Remove","damage_taken":0,"max_hp_gain":0,"max_hp_loss":0,"event_name":"Designer","floor":46,"gold_loss":90,"cards_upgraded":["Establishment"]}],"is_beta":false,"boss_relics":[{"not_picked":["SacredBark","Empty Cage"],"picked":"Snecko Eye"},{"not_picked":["Pandora\u0027s Box","SlaversCollar"],"picked":"Fusion Hammer"}],"items_purged_floors":[6,8,31,53],"is_endless":false,"potions_floor_spawned":[1,3,11,18,21,25,41,44,45,47,54],"ascension_level":0}}