{"host":"7gquyva492f4udta","time":1613197562,"event":{"mods":["BaseMod","Minty Spire (QoL Compilation)"],"gold_per_floor":[122,142,166,166,186,220,220,263,263,263,263],"floor_reached":10,"language":"ENG","playtime":585,"items_purged":[],"score":98,"play_id":"5ec6c642-3c20-44f1-b7c5-dc80734a0972","local_time":"20210213002602","is_ascension_mode":true,"campfire_choices":[],"circlet_count":0,"master_deck":["Strike_G","Strike_G","Strike_G","Strike_G","Defend_G","Defend_G","Defend_G","Defend_G","Defend_G","Survivor","Neutralize","Deadly Poison","Blade Dance","Dagger Spray","Cloak And Dagger","Finisher","Crippling Poison"],"relics":["Ring of the Snake","CeramicFish","Ninja Scroll","Akabeko","HornCleat"],"acts_visited":["Exordium"],"potions_floor_usage":[],"damage_taken":[{"damage":0,"enemies":"Jaw Worm","floor":1,"turns":4},{"damage":0,"enemies":"Cultist","floor":2,"turns":4},{"damage":0,"enemies":"Small Slimes","floor":3,"turns":3},{"damage":4,"enemies":"Blue Slaver","floor":5,"turns":4},{"damage":62,"enemies":"3 Sentries","floor":6,"turns":16},{"damage":11,"enemies":"Lagavulin","floor":8,"turns":5},{"damage":20,"enemies":"Gremlin Nob","floor":10,"turns":3}],"seed_played":"5840946474759225107","potions_obtained":[{"floor":8,"key":"ColorlessPotion"}],"is_trial":false,"path_per_floor":["M","M","M","?","M","E","?","E","T","E"],"character_chosen":"THE_SILENT","items_purchased":[],"campfire_rested":0,"item_purchase_floors":[],"current_hp_per_floor":[70,70,70,70,66,4,27,16,16,0,0],"gold":263,"neow_bonus":"RANDOM_COMMON_RELIC","is_daily":false,"chose_seed":false,"campfire_upgraded":0,"win_rate":0.0,"timestamp":1613197562,"path_taken":["M","M","M","?","?","E","?","E","T","E"],"items_purchased_type":[],"build_version":"2020-12-22","purchased_purges":0,"victory":false,"max_hp_per_floor":[70,70,70,70,70,70,70,70,70,70,70],"card_choices":[{"not_picked":["Prepared","Flying Knee"],"picked":"Deadly Poison","floor":1},{"not_picked":["Dash","Sucker Punch"],"picked":"Blade Dance","floor":2},{"not_picked":["Poisoned Stab","Setup"],"picked":"Dagger Spray","floor":3},{"not_picked":["Dodge and Roll","Caltrops"],"picked":"Cloak And Dagger","floor":5},{"not_picked":["Dagger Throw","Envenom"],"picked":"Finisher","floor":6},{"not_picked":["Blur","Concentrate"],"picked":"Crippling Poison","floor":8}],"player_experience":276099,"relics_obtained":[{"floor":6,"key":"Ninja Scroll"},{"floor":8,"key":"Akabeko"},{"floor":9,"key":"HornCleat"}],"event_choices":[{"cards_removed":["Strike_G"],"damage_healed":0,"gold_gain":0,"player_choice":"Purged","damage_taken":0,"max_hp_gain":0,"max_hp_loss":0,"event_name":"Purifier","floor":4,"gold_loss":0},{"damage_healed":23,"gold_gain":0,"player_choice":"Banana","damage_taken":0,"max_hp_gain":0,"max_hp_loss":0,"event_name":"Big Fish","floor":7,"gold_loss":0}],"is_beta":false,"boss_relics":[],"items_purged_floors":[],"is_endless":false,"potions_floor_spawned":[8],"killed_by":"Gremlin Nob","ascension_level":5}}