{"host":"vt2y5t5o3g86377d","time":1613231507,"event":{"mods":["Act Like it!","BaseMod","BetterRewards","Friendly Minions","Minty Spire (QoL Compilation)","Quick Restart","StSLib","UnlockEverythingMod","[功能]功能增强和修复MOD","【功能Mod】混沌之环修复补丁"],"gold_per_floor":[113,113,63,83,100,128,128,162,162,188,188,199,229,108,108,203,203,214,225,76,93,112,138,138,170,170,170,204,204,238,238,238,336,336,350,350,350,369,369,399,432,432,455,486,506,536,536,47,47,47,47,47,47,77,77],"floor_reached":56,"language":"ZHS","playtime":7613,"items_purged":["Perseverance","LessonLearned+1","WindmillStrike+1"],"score":1684,"play_id":"ac68f429-12ae-45fd-ae8f-161daebc6f38","local_time":"20210213235147","daily_mods":["SealedDeck","Heirloom","DeadlyEvents","Elite Swarm","Uncertain Future"],"is_ascension_mode":true,"campfire_choices":[{"data":"PathToVictory","floor":7,"key":"SMITH"},{"floor":15,"key":"REST"},{"floor":24,"key":"RECALL"},{"data":"PathToVictory","floor":29,"key":"SMITH"},{"data":"JustLucky","floor":32,"key":"SMITH"},{"data":"1","floor":42,"key":"LIFT"},{"data":"2","floor":47,"key":"LIFT"},{"data":"3","floor":49,"key":"LIFT"},{"floor":52,"key":"REST"}],"circlet_count":0,"master_deck":["ThirdEye+1","Wireheading+1","ThirdEye+1","CutThroughFate+1","JustLucky+1","PathToVictory+1","PathToVictory+1","PathToVictory+1","Nirvana+1"],"relics":["PureWater","Incense Burner","Gambling Chip","Happy Flower","Mango","Bird Faced Urn","Meat on the Bone","SlaversCollar","War Paint","InkBottle","HornCleat","MutagenicStrength","Girya","Sundial","Black Star","Mercury Hourglass","Darkstone Periapt","Question Card","Centennial Puzzle","Singing Bowl","Oddly Smooth Stone","Akabeko","The Courier","Pear","White Beast Statue","Lantern","Letter Opener","Dead Branch","Blue Candle"],"acts_visited":["Exordium","TheCity","TheBeyond","TheEnding"],"potions_floor_usage":[13,16,19,22,23,28,55],"damage_taken":[{"damage":10,"enemies":"Jaw Worm","floor":1,"turns":2},{"damage":0,"enemies":"2 Louse","floor":4,"turns":2},{"damage":0,"enemies":"Small Slimes","floor":5,"turns":2},{"damage":2,"enemies":"Lagavulin","floor":6,"turns":3},{"damage":22,"enemies":"3 Sentries","floor":8,"turns":7},{"damage":1,"enemies":"Lagavulin","floor":10,"turns":3},{"damage":0,"enemies":"2 Fungi Beasts","floor":12,"turns":2},{"damage":17,"enemies":"3 Sentries","floor":13,"turns":5},{"damage":22,"enemies":"Hexaghost","floor":16,"turns":4},{"damage":23,"enemies":"2 Thieves","floor":18,"turns":4},{"damage":0,"enemies":"Shell Parasite","floor":19,"turns":4},{"damage":4,"enemies":"Sentry and Sphere","floor":21,"turns":5},{"damage":0,"enemies":"3 Cultists","floor":22,"turns":4},{"damage":0,"enemies":"Gremlin Leader","floor":23,"turns":2},{"damage":9,"enemies":"Book of Stabbing","floor":25,"turns":3},{"damage":0,"enemies":"Slavers","floor":28,"turns":5},{"damage":12,"enemies":"Book of Stabbing","floor":30,"turns":3},{"damage":4,"enemies":"Automaton","floor":33,"turns":6},{"damage":8,"enemies":"3 Shapes","floor":35,"turns":4},{"damage":0,"enemies":"Orb Walker","floor":38,"turns":2},{"damage":0,"enemies":"Giant Head","floor":40,"turns":4},{"damage":11,"enemies":"Nemesis","floor":41,"turns":3},{"damage":4,"enemies":"Reptomancer","floor":44,"turns":2},{"damage":13,"enemies":"Writhing Mass","floor":45,"turns":2},{"damage":0,"enemies":"Giant Head","floor":46,"turns":4},{"damage":20,"enemies":"Donu and Deca","floor":50,"turns":5},{"damage":34,"enemies":"Shield and Spear","floor":54,"turns":4},{"damage":93,"enemies":"The Heart","floor":55,"turns":5}],"seed_played":"-7329911681052211090","potions_obtained":[{"floor":1,"key":"FairyPotion"},{"floor":4,"key":"StancePotion"},{"floor":4,"key":"AttackPotion"},{"floor":6,"key":"Swift Potion"},{"floor":6,"key":"Ancient Potion"},{"floor":13,"key":"Ancient Potion"},{"floor":13,"key":"Block Potion"},{"floor":18,"key":"Regen Potion"},{"floor":19,"key":"Explosive Potion"},{"floor":21,"key":"Energy Potion"},{"floor":22,"key":"LiquidMemories"},{"floor":23,"key":"Block Potion"},{"floor":28,"key":"SteroidPotion"},{"floor":30,"key":"DuplicationPotion"},{"floor":44,"key":"FairyPotion"}],"is_trial":true,"path_per_floor":["M","?","?","M","M","E","R","E","T","E","T","M","E","$","R","B",null,"M","M","$","M","M","E","R","E","T","?","E","R","E","?","R","B",null,"M","T","?","M","?","E","E","R","T","E","M","E","R","$","R","B",null,"R","$","E","B",null],"character_chosen":"WATCHER","items_purchased":["PathToVictory","War Paint","Lantern","Letter Opener"],"campfire_rested":2,"item_purchase_floors":[14,20,48,48],"current_hp_per_floor":[62,62,62,62,62,60,60,38,38,51,51,53,38,38,63,55,86,64,78,78,76,78,80,80,75,75,75,79,79,71,86,86,82,86,80,80,80,82,82,86,79,79,79,79,70,86,86,86,86,70,104,104,104,72,41],"gold":77,"neow_bonus":"","is_daily":false,"chose_seed":false,"campfire_upgraded":3,"win_rate":0.0,"timestamp":1613231507,"path_taken":["M","?","?","M","M","E","R","E","T","E","?","M","?","$","R","BOSS","M","M","$","M","M","E","R","E","T","?","E","R","E","?","R","BOSS","M","?","?","M","?","E","?","R","T","E","M","E","R","$","R","BOSS","R","$","E","BOSS"],"items_purchased_type":["Card","Relic","Relic","Relic"],"build_version":"2020-11-29","purchased_purges":3,"victory":true,"max_hp_per_floor":[72,72,72,72,72,72,72,72,72,86,86,86,86,86,86,86,86,86,86,86,86,86,86,86,86,86,86,86,86,86,86,86,86,86,86,86,86,86,86,86,88,88,88,90,92,104,104,104,104,104,104,104,104,106,106],"card_choices":[{"not_picked":["Crescendo","CrushJoints"],"picked":"Perseverance","floor":1},{"not_picked":["ForeignInfluence","EmptyMind","LikeWater"],"picked":"SKIP","floor":4},{"not_picked":["ThirdEye","FlurryOfBlows","CutThroughFate"],"picked":"SKIP","floor":5},{"not_picked":["Judgement","SpiritShield","DeusExMachina"],"picked":"SKIP","floor":6},{"not_picked":["Devotion","Blasphemy","DeusExMachina"],"picked":"SKIP","floor":8},{"not_picked":["DevaForm","ConjureBlade","Scrawl"],"picked":"SKIP","floor":10},{"not_picked":["FlurryOfBlows","Fasting2","Adaptation"],"picked":"SKIP","floor":12},{"not_picked":["Wish","SpiritShield"],"picked":"LessonLearned","floor":13},{"not_picked":["EmptyBody","Prostrate","Crescendo"],"picked":"SKIP","floor":18},{"not_picked":["Collect","LikeWater+1","Evaluate"],"picked":"SKIP","floor":19},{"not_picked":["WaveOfTheHand+1","Crescendo","CutThroughFate"],"picked":"SKIP","floor":21},{"not_picked":["MasterReality","Protect"],"picked":"Nirvana","floor":22},{"not_picked":["Blasphemy","Brilliance","Devotion"],"picked":"SKIP","floor":23},{"not_picked":["Devotion","DevaForm","Wish"],"picked":"SKIP","floor":25},{"not_picked":["Wish","Blasphemy","DeusExMachina"],"picked":"SKIP","floor":28},{"not_picked":["ConjureBlade","Vault","MasterReality"],"picked":"SKIP","floor":30},{"not_picked":["ConjureBlade","Vault","MasterReality"],"picked":"SKIP","floor":30},{"not_picked":["BattleHymn","InnerPeace","CarveReality+1"],"picked":"SKIP","floor":35},{"not_picked":["Prostrate+1","FlurryOfBlows","Collect"],"picked":"SKIP","floor":38},{"not_picked":["Scrawl","Devotion","Establishment"],"picked":"SKIP","floor":40},{"not_picked":["LessonLearned","DeusExMachina","Vault","SpiritShield"],"picked":"Singing Bowl","floor":41},{"not_picked":["DeusExMachina","MasterReality","Ragnarok","Establishment"],"picked":"Singing Bowl","floor":44},{"not_picked":["Halt+1","FlyingSleeves","JustLucky+1","FollowUp"],"picked":"Singing Bowl","floor":45},{"not_picked":["Omniscience","Brilliance","Blasphemy","ConjureBlade"],"picked":"Singing Bowl","floor":46},{"not_picked":["ConjureBlade","Scrawl","SpiritShield","Brilliance"],"picked":"Singing Bowl","floor":54}],"player_experience":82095,"relics_obtained":[{"floor":6,"key":"Gambling Chip"},{"floor":8,"key":"Happy Flower"},{"floor":10,"key":"Mango"},{"floor":11,"key":"Bird Faced Urn"},{"floor":13,"key":"Meat on the Bone"},{"floor":23,"key":"InkBottle"},{"floor":25,"key":"HornCleat"},{"floor":28,"key":"Girya"},{"floor":30,"key":"Sundial"},{"floor":36,"key":"Mercury Hourglass"},{"floor":40,"key":"Darkstone Periapt"},{"floor":40,"key":"Question Card"},{"floor":41,"key":"Centennial Puzzle"},{"floor":41,"key":"Singing Bowl"},{"floor":43,"key":"Oddly Smooth Stone"},{"floor":44,"key":"Akabeko"},{"floor":44,"key":"The Courier"},{"floor":46,"key":"Pear"},{"floor":46,"key":"White Beast Statue"},{"floor":54,"key":"Dead Branch"},{"floor":54,"key":"Blue Candle"}],"event_choices":[{"damage_healed":0,"gold_gain":0,"player_choice":"Ignored","damage_taken":0,"max_hp_gain":0,"max_hp_loss":0,"event_name":"Golden Idol","floor":2,"gold_loss":0},{"cards_removed":["BowlingBash"],"damage_healed":0,"gold_gain":0,"player_choice":"Card Removal","damage_taken":0,"max_hp_gain":0,"max_hp_loss":0,"event_name":"The Cleric","floor":3,"gold_loss":50},{"damage_healed":0,"gold_gain":0,"player_choice":"Inject Mutagens","damage_taken":0,"relics_obtained":["MutagenicStrength"],"max_hp_gain":0,"max_hp_loss":0,"event_name":"Drug Dealer","floor":27,"gold_loss":0},{"cards_removed":["Perseverance"],"damage_healed":15,"gold_gain":0,"player_choice":"Offered Uncommon","damage_taken":0,"max_hp_gain":0,"max_hp_loss":0,"event_name":"Bonfire Elementals","floor":31,"gold_loss":0},{"damage_healed":0,"gold_gain":0,"player_choice":"Ignored","damage_taken":0,"max_hp_gain":0,"max_hp_loss":0,"event_name":"Tomb of Lord Red Mask","floor":37,"gold_loss":0},{"damage_healed":0,"gold_gain":0,"player_choice":"Got Potions","damage_taken":0,"max_hp_gain":0,"max_hp_loss":0,"event_name":"Lab","floor":39,"gold_loss":0}],"is_beta":false,"boss_relics":[{"not_picked":["Sozu","Cursed Key"],"picked":"SlaversCollar"},{"not_picked":["Philosopher\u0027s Stone","Runic Pyramid"],"picked":"Black Star"}],"items_purged_floors":[14,48,48],"is_endless":false,"potions_floor_spawned":[1,4,4,6,6,8,8,10,12,13,13,18,19,19,21,22,23,25,25,28,28,30,33,35,38,40,40,41,44,45,45,46,46,54],"ascension_level":2}}