{"host":"lly094a91h6n5nv5","time":1613258878,"event":{"mods":["AchievementEnabler","BaseMod","Block Reminder","Colored Map","Minty Spire (QoL Compilation)"],"gold_per_floor":[116,131,146,69,69,69,88,88,141,141,198,213,245,267,267,267,267],"floor_reached":16,"language":"ENG","playtime":724,"items_purged":[],"score":145,"play_id":"54381893-c506-459d-9c27-fd1d7629fcff","local_time":"20210213172758","is_ascension_mode":true,"campfire_choices":[{"data":"Tempest","floor":6,"key":"SMITH"},{"data":"Dualcast","floor":8,"key":"SMITH"},{"data":"Zap","floor":10,"key":"SMITH"},{"data":"Static Discharge","floor":15,"key":"SMITH"}],"circlet_count":0,"master_deck":["Strike_B","Strike_B","Strike_B","Defend_B","Defend_B","Defend_B","Defend_B","Zap+1","Dualcast+1","Hologram","Tempest+1","Static Discharge+1","FTL","Cold Snap","Reboot","Conserve Battery","Core Surge"],"relics":["SacredBark","Ancient Tea Set","Bag of Preparation","Bronze Scales","Odd Mushroom"],"acts_visited":["Exordium"],"potions_floor_usage":[11,14],"damage_taken":[{"damage":1,"enemies":"Cultist","floor":1,"turns":3},{"damage":4,"enemies":"Jaw Worm","floor":2,"turns":5},{"damage":0,"enemies":"Small Slimes","floor":3,"turns":3},{"damage":18,"enemies":"3 Louse","floor":7,"turns":3},{"damage":9,"enemies":"Lagavulin Event","floor":11,"turns":4},{"damage":1,"enemies":"Looter","floor":12,"turns":3},{"damage":15,"enemies":"Lagavulin","floor":13,"turns":7},{"damage":3,"enemies":"The Mushroom Lair","floor":14,"turns":3},{"damage":22,"enemies":"Slime Boss","floor":16,"turns":4}],"seed_played":"6538729118115744411","potions_obtained":[{"floor":3,"key":"EssenceOfSteel"},{"floor":11,"key":"SpeedPotion"},{"floor":13,"key":"LiquidMemories"},{"floor":14,"key":"LiquidMemories"}],"is_trial":false,"path_per_floor":["M","M","M","$","?","R","M","R","T","R","?","M","E","?","R","B"],"character_chosen":"DEFECT","items_purchased":["Static Discharge"],"campfire_rested":0,"item_purchase_floors":[4],"current_hp_per_floor":[67,63,63,63,63,63,45,45,45,45,36,35,20,17,17,0,0],"gold":267,"neow_bonus":"BOSS_RELIC","is_daily":false,"chose_seed":false,"campfire_upgraded":4,"win_rate":0.0,"timestamp":1613258878,"path_taken":["M","M","?","$","?","R","?","R","T","R","?","M","E","?","R","BOSS"],"items_purchased_type":["Card"],"build_version":"2020-12-22","purchased_purges":0,"victory":false,"max_hp_per_floor":[75,75,75,75,75,75,75,75,75,75,75,75,75,75,75,75,75],"card_choices":[{"not_picked":["Auto Shields","Streamline"],"picked":"Hologram","floor":1},{"not_picked":["Consume","Redo"],"picked":"Tempest","floor":2},{"not_picked":["Redo","Turbo","Gash"],"picked":"SKIP","floor":3},{"not_picked":["Barrage","Rebound"],"picked":"Cold Snap","floor":7},{"not_picked":["Go for the Eyes","Aggregate"],"picked":"Reboot","floor":11},{"not_picked":["Force Field","Redo"],"picked":"Conserve Battery","floor":12},{"not_picked":["Sweeping Beam","Beam Cell"],"picked":"Core Surge","floor":13}],"player_experience":233875,"relics_obtained":[{"floor":9,"key":"Ancient Tea Set"},{"floor":11,"key":"Bag of Preparation"},{"floor":13,"key":"Bronze Scales"},{"floor":14,"key":"Odd Mushroom"}],"event_choices":[{"damage_healed":0,"gold_gain":0,"cards_transformed":["Strike_B"],"player_choice":"Transformed","damage_taken":0,"max_hp_gain":0,"max_hp_loss":0,"event_name":"Transmorgrifier","floor":5,"gold_loss":0,"cards_obtained":["FTL"]},{"damage_healed":0,"gold_gain":0,"player_choice":"Searched \u00272\u0027 times","damage_taken":0,"max_hp_gain":0,"max_hp_loss":0,"event_name":"Dead Adventurer","floor":11,"gold_loss":0},{"damage_healed":0,"gold_gain":0,"player_choice":"Fought Mushrooms","damage_taken":0,"max_hp_gain":0,"max_hp_loss":0,"event_name":"Mushrooms","floor":14,"gold_loss":0}],"is_beta":false,"boss_relics":[],"items_purged_floors":[],"is_endless":false,"potions_floor_spawned":[3,11,13,14],"killed_by":"Slime Boss","ascension_level":9}}