{"host":"kwyq3wo3fj8d4s27","time":1613202882,"event":{"mods":["AchievementEnabler","BaseMod","Colored Map","Highlight Path","Minty Spire (QoL Compilation)","StSLib"],"gold_per_floor":[114,870,830,840,850,850,863,893,967,967,999,272,292,1259,1259,1362,1362,1372,1384,1384,0,0,0,29,29,54,54,1404,1404,1419,616,616,717,717,735,751,801,801,801,836,836,850,850,866,223,235,235,245,245,245],"floor_reached":51,"language":"ENG","playtime":3107,"items_purged":["Strike_P","Strike_P","Strike_P","Strike_P","Eruption","Vigilance"],"score":1034,"play_id":"38276365-fe1b-45df-be03-1bb192ccf922","local_time":"20210212235442","is_ascension_mode":true,"campfire_choices":[{"data":"PathToVictory","floor":6,"key":"SMITH"},{"data":"LikeWater","floor":10,"key":"SMITH"},{"data":"LikeWater","floor":15,"key":"SMITH"},{"data":"Meditate","floor":23,"key":"SMITH"},{"data":"Sanctity","floor":25,"key":"SMITH"},{"data":"EmptyBody","floor":29,"key":"SMITH"},{"data":"LikeWater","floor":32,"key":"SMITH"},{"data":"Establishment","floor":41,"key":"SMITH"},{"floor":49,"key":"REST"}],"circlet_count":0,"master_deck":["Defend_P+1","Defend_P+1","PathToVictory+1","LikeWater+1","LikeWater+1","Meditate+1","EmptyBody+1","Sanctity+1","LikeWater+1","DeusExMachina+1","Establishment+1","Sanctity+1","Meditate+1"],"relics":["PureWater","Centennial Puzzle","Matryoshka","Pear","DollysMirror","Odd Mushroom","Bronze Scales","Ornamental Fan","Ancient Tea Set","Sundial","Dream Catcher","Lee\u0027s Waffle","Mercury Hourglass","War Paint","VioletLotus","Toxic Egg 2","Ice Cream","Juzu Bracelet","Happy Flower","Eternal Feather","ClockworkSouvenir","Damaru","FossilizedHelix","Blood Vial","HornCleat","TheAbacus","Anchor","Lantern"],"acts_visited":["Exordium","TheCity","TheBeyond"],"potions_floor_usage":[],"damage_taken":[{"damage":0,"enemies":"Cultist","floor":1,"turns":3},{"damage":0,"enemies":"Jaw Worm","floor":4,"turns":4},{"damage":0,"enemies":"2 Louse","floor":5,"turns":3},{"damage":5,"enemies":"Exordium Wildlife","floor":7,"turns":5},{"damage":7,"enemies":"The Mushroom Lair","floor":8,"turns":8},{"damage":0,"enemies":"Lagavulin","floor":11,"turns":8},{"damage":7,"enemies":"Blue Slaver","floor":13,"turns":3},{"damage":24,"enemies":"Slime Boss","floor":16,"turns":14},{"damage":0,"enemies":"3 Byrds","floor":18,"turns":2},{"damage":0,"enemies":"Chosen","floor":19,"turns":6},{"damage":40,"enemies":"Gremlin Leader","floor":24,"turns":5},{"damage":0,"enemies":"Snecko","floor":30,"turns":5},{"damage":0,"enemies":"Champ","floor":33,"turns":13},{"damage":10,"enemies":"3 Shapes","floor":35,"turns":5},{"damage":2,"enemies":"3 Darklings","floor":36,"turns":5},{"damage":5,"enemies":"Mind Bloom Boss Battle","floor":37,"turns":8},{"damage":0,"enemies":"Giant Head","floor":40,"turns":8},{"damage":0,"enemies":"Spire Growth","floor":42,"turns":6},{"damage":10,"enemies":"Jaw Worm Horde","floor":44,"turns":4},{"damage":0,"enemies":"Writhing Mass","floor":46,"turns":4},{"damage":0,"enemies":"3 Darklings","floor":48,"turns":3},{"damage":0,"enemies":"Time Eater","floor":50,"turns":11}],"seed_played":"5831808045729995610","potions_obtained":[{"floor":3,"key":"ColorlessPotion"},{"floor":3,"key":"EssenceOfSteel"},{"floor":3,"key":"GamblersBrew"},{"floor":8,"key":"Regen Potion"}],"is_trial":false,"path_per_floor":["M","$","?","M","M","R","M","?","T","R","E","$","M","$","R","B",null,"M","M","?","?","T","R","E","R","T","?","$","R","M","$","R","B",null,"M","M","?","?","?","E","R","M","T","M","$","M","?","M","R","B",null],"character_chosen":"WATCHER","items_purchased":["LikeWater","Matryoshka","Pear","DollysMirror","Sanctity","Sundial","Dream Catcher","Lee\u0027s Waffle","Mercury Hourglass","War Paint","LikeWater","Eternal Feather","ClockworkSouvenir","Damaru","TheAbacus","Anchor","Lantern"],"campfire_rested":1,"item_purchase_floors":[2,2,2,2,12,12,12,12,14,14,31,31,31,31,45,45,45],"current_hp_per_floor":[72,82,82,82,82,82,77,70,70,70,70,89,82,82,82,58,89,89,89,89,89,89,89,49,49,49,49,49,49,49,49,55,55,89,79,77,72,72,72,72,78,80,80,72,72,74,74,76,89,89],"gold":245,"neow_bonus":"RANDOM_COMMON_RELIC","is_daily":false,"chose_seed":false,"campfire_upgraded":8,"win_rate":0.0,"timestamp":1613202882,"path_taken":["M","?","?","?","M","R","M","?","T","R","E","$","M","$","R","BOSS","M","M","?","?","?","R","E","R","T","?","?","R","M","$","R","BOSS","M","M","?","?","?","E","R","M","T","M","$","M","?","M","R","BOSS"],"items_purchased_type":["Card","Relic","Relic","Relic","Card","Relic","Relic","Relic","Relic","Relic","Card","Relic","Relic","Relic","Relic","Relic","Relic"],"build_version":"2020-12-22","purchased_purges":6,"victory":true,"max_hp_per_floor":[72,82,82,82,82,82,82,82,82,82,82,89,89,89,89,89,89,89,89,89,89,89,89,89,89,89,89,89,89,89,89,89,89,89,89,89,89,89,89,89,89,89,89,89,89,89,89,89,89,89],"card_choices":[{"not_picked":["Evaluate","FollowUp"],"picked":"PathToVictory","floor":1},{"not_picked":["Tantrum","Wallop"],"picked":"Meditate","floor":4},{"not_picked":["Crescendo","BowlingBash","FlyingSleeves"],"picked":"SKIP","floor":5},{"not_picked":["Weave","Evaluate"],"picked":"EmptyBody","floor":7},{"not_picked":["CarveReality","PathToVictory","Consecrate"],"picked":"SKIP","floor":11},{"not_picked":["EmptyMind","Crescendo","Study"],"picked":"SKIP","floor":13},{"not_picked":["ReachHeaven+1","SashWhip","CutThroughFate+1"],"picked":"SKIP","floor":18},{"not_picked":["Vengeance+1","EmptyBody","Evaluate"],"picked":"SKIP","floor":19},{"not_picked":["Vengeance+1","Evaluate+1","EmptyFist+1"],"picked":"SKIP","floor":24},{"not_picked":["EmptyBody+1","FlurryOfBlows","Prostrate+1"],"picked":"SKIP","floor":30},{"not_picked":["Blasphemy+1","Omniscience+1"],"picked":"DeusExMachina+1","floor":33},{"not_picked":["Crescendo+1","FlyingSleeves+1","BowlingBash"],"picked":"SKIP","floor":35},{"not_picked":["Tantrum+1","BowlingBash","WheelKick+1"],"picked":"SKIP","floor":36},{"not_picked":["ClearTheMind+1","Prostrate+1","Collect+1"],"picked":"SKIP","floor":40},{"not_picked":["JustLucky+1","Evaluate+1"],"picked":"Sanctity+1","floor":42},{"not_picked":["LikeWater","Protect+1","CrushJoints+1"],"picked":"SKIP","floor":44},{"not_picked":["Protect+1","FlyingSleeves+1","PathToVictory+1"],"picked":"SKIP","floor":46},{"not_picked":["EmptyMind+1","Sanctity+1","DeceiveReality+1"],"picked":"SKIP","floor":48}],"player_experience":18048,"relics_obtained":[{"floor":8,"key":"Odd Mushroom"},{"floor":9,"key":"Bronze Scales"},{"floor":9,"key":"Ornamental Fan"},{"floor":11,"key":"Ancient Tea Set"},{"floor":22,"key":"Toxic Egg 2"},{"floor":22,"key":"Ice Cream"},{"floor":24,"key":"Juzu Bracelet"},{"floor":26,"key":"Happy Flower"},{"floor":37,"key":"FossilizedHelix"},{"floor":40,"key":"Blood Vial"},{"floor":43,"key":"HornCleat"}],"event_choices":[{"damage_healed":0,"gold_gain":0,"player_choice":"Bought 3 Potions","damage_taken":0,"max_hp_gain":0,"max_hp_loss":0,"event_name":"The Woman in Blue","floor":3,"gold_loss":0},{"damage_healed":0,"gold_gain":0,"player_choice":"Fought Mushrooms","damage_taken":0,"max_hp_gain":0,"max_hp_loss":0,"event_name":"Mushrooms","floor":8,"gold_loss":0},{"damage_healed":0,"gold_gain":0,"player_choice":"Ignored","damage_taken":0,"max_hp_gain":0,"max_hp_loss":0,"event_name":"The Mausoleum","floor":20,"gold_loss":0},{"damage_healed":0,"gold_gain":0,"player_choice":"Paid Fearfully","damage_taken":0,"max_hp_gain":0,"max_hp_loss":0,"event_name":"Masked Bandits","floor":21,"gold_loss":1384},{"damage_healed":0,"gold_gain":0,"player_choice":"Fight","damage_taken":0,"max_hp_gain":0,"max_hp_loss":0,"event_name":"MindBloom","floor":37,"gold_loss":0},{"damage_healed":0,"gold_gain":0,"player_choice":"1 cards matched","damage_taken":0,"max_hp_gain":0,"max_hp_loss":0,"event_name":"Match and Keep!","floor":38,"gold_loss":0,"cards_obtained":["Establishment"]},{"cards_removed":["Defend_P"],"damage_healed":0,"gold_gain":0,"player_choice":"Removed Skill","damage_taken":0,"max_hp_gain":0,"max_hp_loss":0,"event_name":"Falling","floor":39,"gold_loss":0},{"damage_healed":0,"gold_gain":0,"cards_transformed":["Defend_P"],"player_choice":"Transformed","damage_taken":0,"max_hp_gain":0,"max_hp_loss":0,"event_name":"Transmorgrifier","floor":47,"gold_loss":0,"cards_obtained":["Meditate"]}],"is_beta":false,"boss_relics":[{"not_picked":["Busted Crown","Snecko Eye"],"picked":"VioletLotus"},{"not_picked":["Astrolabe","Cursed Key","Empty Cage"]}],"items_purged_floors":[2,12,14,28,31,45],"is_endless":false,"potions_floor_spawned":[5,8,11,16,30,36,37,40,44,46],"ascension_level":1}}