{"host":"eft627g0ddukeijo","time":1613247501,"event":{"mods":["AchievementEnabler","BaseMod","Bestiary","Better Note","Block Reminder","Colored Powertips","Filter the Spire","Highlight Path","Minty Spire (QoL Compilation)","Permanent Neow","Quick Restart","Rare Cards Sparkle","Relic Stats","Slay-I","StSLib","Weighted Paths"],"gold_per_floor":[111,131,131,206,225,225,255,255,337,369,385,385,396,411,411,510,510,522,551,571,224,239,239,239,5,29,29,39,52,71,86,86,184,184,199,248,261,190,190,190,221,221,221,237,237,249,317,317,317],"floor_reached":48,"language":"ENG","playtime":2103,"items_purged":["Pain"],"score":905,"play_id":"dbc3611a-0863-417b-87a1-1b374417be9e","local_time":"20210214051821","is_ascension_mode":true,"campfire_choices":[{"floor":6.0,"key":"REST"},{"floor":8.0,"key":"RECALL"},{"floor":15.0,"key":"REST"},{"floor":23.0,"key":"REST"},{"floor":32.0,"key":"REST"},{"floor":40.0,"key":"REST"},{"floor":42.0,"key":"REST"},{"floor":45.0,"key":"REST"}],"circlet_count":0,"master_deck":["Survivor","Neutralize","PiercingWail","Cloak And Dagger+1","After Image","Footwork+1","Backflip","Envenom+1","Accuracy+1","Envenom+1","Blur+1","Choke","Terror","Noxious Fumes+1","Blade Dance","Leg Sweep","Calculated Gamble","PiercingWail","Wraith Form v2+1","Leg Sweep+1","Accuracy+1","Panacea","Blade Dance","PiercingWail+1"],"relics":["SlaversCollar","Boot","Meat on the Bone","Frozen Egg 2","WarpedTongs","Pandora\u0027s Box","Red Mask","TwistedFunnel","Oddly Smooth Stone","Bronze Scales","WristBlade","Peace Pipe","Bottled Lightning","Toxic Egg 2"],"acts_visited":["Exordium","TheCity","TheBeyond"],"potions_floor_usage":[48],"damage_taken":[{"damage":5.0,"enemies":"Cultist","floor":1.0,"turns":5.0},{"damage":4.0,"enemies":"Small Slimes","floor":2.0,"turns":4.0},{"damage":0.0,"enemies":"2 Louse","floor":5.0,"turns":3.0},{"damage":9.0,"enemies":"3 Sentries","floor":7.0,"turns":11.0},{"damage":21.0,"enemies":"Gremlin Nob","floor":10.0,"turns":6.0},{"damage":8.0,"enemies":"Large Slime","floor":11.0,"turns":7.0},{"damage":5.0,"enemies":"Gremlin Gang","floor":13.0,"turns":6.0},{"damage":23.0,"enemies":"Exordium Thugs","floor":14.0,"turns":7.0},{"damage":22.0,"enemies":"Hexaghost","floor":16.0,"turns":11.0},{"damage":11.0,"enemies":"Chosen","floor":18.0,"turns":7.0},{"damage":42.0,"enemies":"Masked Bandits","floor":19.0,"turns":5.0},{"damage":20.0,"enemies":"Shell Parasite","floor":20.0,"turns":6.0},{"damage":3.0,"enemies":"Centurion and Healer","floor":22.0,"turns":5.0},{"damage":5.0,"enemies":"Chosen and Byrds","floor":28.0,"turns":4.0},{"damage":19.0,"enemies":"Snake Plant","floor":29.0,"turns":5.0},{"damage":4.0,"enemies":"Shelled Parasite and Fungi","floor":30.0,"turns":2.0},{"damage":7.0,"enemies":"Cultist and Chosen","floor":31.0,"turns":6.0},{"damage":8.0,"enemies":"Collector","floor":33.0,"turns":8.0},{"damage":9.0,"enemies":"3 Darklings","floor":35.0,"turns":6.0},{"damage":30.0,"enemies":"2 Orb Walkers","floor":36.0,"turns":4.0},{"damage":10.0,"enemies":"3 Shapes","floor":37.0,"turns":5.0},{"damage":32.0,"enemies":"Reptomancer","floor":41.0,"turns":6.0},{"damage":37.0,"enemies":"Transient","floor":44.0,"turns":5.0},{"damage":20.0,"enemies":"Sphere and 2 Shapes","floor":46.0,"turns":5.0},{"damage":43,"enemies":"Writhing Mass","floor":48,"turns":4}],"seed_played":"-2097963047308633669","potions_obtained":[{"floor":5.0,"key":"CunningPotion"},{"floor":7.0,"key":"Weak Potion"},{"floor":10.0,"key":"Block Potion"},{"floor":13.0,"key":"PowerPotion"},{"floor":14.0,"key":"Swift Potion"},{"floor":20.0,"key":"DuplicationPotion"},{"floor":22.0,"key":"Weak Potion"},{"floor":30.0,"key":"ColorlessPotion"},{"floor":33.0,"key":"GamblersBrew"},{"floor":35.0,"key":"Swift Potion"},{"floor":46.0,"key":"Strength Potion"}],"is_trial":false,"path_per_floor":["M","M","?","?","M","R","E","R","T","E","M","?","M","M","R","B",null,"M","?","M","$","M","R","?","$","T","$","M","M","M","M","R","B",null,"M","?","M","$","?","R","E","R","T","M","R","M","T","M"],"character_chosen":"THE_SILENT","items_purchased":["TwistedFunnel","Noxious Fumes+1","PowerPotion","Leg Sweep","Oddly Smooth Stone","Accuracy+1"],"campfire_rested":7,"item_purchase_floors":[21,21,21,25,25,38],"current_hp_per_floor":[58,54,54,43,43,64,55,55,55,46,38,38,45,34,55,45,64,53,23,15,15,24,45,45,45,45,45,40,33,41,46,67,59,67,58,40,42,42,42,63,43,64,64,39,60,40,40,0,0],"gold":317,"neow_bonus":"BOSS_RELIC","is_daily":false,"chose_seed":false,"campfire_upgraded":0,"win_rate":0.0,"timestamp":1613247501,"path_taken":["M","?","?","?","M","R","E","R","T","E","M","?","M","?","R","BOSS","M","?","M","$","M","R","?","?","T","$","M","M","M","M","R","BOSS","M","?","M","$","?","R","E","R","T","M","R","M","?","?"],"items_purchased_type":["Relic","Card","Potion","Card","Relic","Card"],"build_version":"2020-12-22","purchased_purges":1,"victory":false,"max_hp_per_floor":[70,70,70,70,70,70,70,70,70,70,70,70,70,70,70,70,70,70,70,70,70,70,70,70,70,70,70,70,70,70,70,70,70,70,70,70,70,70,70,70,70,70,70,70,70,70,70,70,70],"relic_stats":{"Peace Pipe":0,"counters":[25,143],"Bronze Scales":[222],"Pandora\u0027s Box":["Night Terror","Blur","Caltrops","After Image","Backflip","Grand Finale","Deadly Poison","Escape Plan","Deadly Poison","Venomology"],"Boot":[89],"obtain_stats":[{"TwistedFunnel":21,"Oddly Smooth Stone":25,"Frozen Egg 2":10,"Boot":7,"WarpedTongs":12,"Peace Pipe":36,"SlaversCollar":0,"WristBlade":34,"Bronze Scales":26,"Pandora\u0027s Box":17,"Red Mask":19,"Bottled Lightning":41,"Toxic Egg 2":47,"Ring of the Snake":0,"Meat on the Bone":9},{"TwistedFunnel":12,"Oddly Smooth Stone":13,"Frozen Egg 2":5,"Boot":4,"WarpedTongs":6,"Peace Pipe":20,"SlaversCollar":0,"WristBlade":18,"Bronze Scales":13,"Pandora\u0027s Box":9,"Red Mask":11,"Bottled Lightning":22,"Toxic Egg 2":24,"Ring of the Snake":0,"Meat on the Bone":4},{"TwistedFunnel":78,"Oddly Smooth Stone":83,"Frozen Egg 2":29,"Boot":23,"WarpedTongs":36,"Peace Pipe":118,"SlaversCollar":0,"WristBlade":108,"Bronze Scales":83,"Pandora\u0027s Box":60,"Red Mask":72,"Bottled Lightning":129,"Toxic Egg 2":139,"Ring of the Snake":0,"Meat on the Bone":23}],"Meat on the Bone":168,"WarpedTongs":[97]},"card_choices":[{"not_picked":["Sucker Punch","Deadly Poison"],"picked":"PiercingWail","floor":1.0},{"not_picked":["Dodge and Roll","Eviscerate"],"picked":"Cloak And Dagger","floor":2.0},{"not_picked":["Terror","Caltrops"],"picked":"After Image","floor":5.0},{"not_picked":["Dodge and Roll","Dagger Throw","Prepared"],"picked":"SKIP","floor":7.0},{"not_picked":["Underhanded Strike","Expertise"],"picked":"Footwork+1","floor":10.0},{"not_picked":["Dodge and Roll","Dagger Throw"],"picked":"Backflip","floor":11.0},{"not_picked":["Bane","Riddle With Holes"],"picked":"Envenom+1","floor":13.0},{"not_picked":["Eviscerate","Outmaneuver"],"picked":"Accuracy+1","floor":14.0},{"not_picked":["Doppelganger","Night Terror"],"picked":"Envenom+1","floor":16.0},{"not_picked":["Dagger Throw","Tactician"],"picked":"Blur+1","floor":18.0},{"not_picked":["Underhanded Strike","Outmaneuver"],"picked":"Choke","floor":19.0},{"not_picked":["Dagger Throw","Dagger Spray+1"],"picked":"Terror","floor":20.0},{"not_picked":["PiercingWail+1","Expertise"],"picked":"Blade Dance","floor":22.0},{"not_picked":["Choke+1","Flying Knee"],"picked":"Calculated Gamble","floor":28.0},{"not_picked":["Bane","Night Terror"],"picked":"PiercingWail","floor":29.0},{"not_picked":["Terror","Flechettes","Dagger Throw"],"picked":"SKIP","floor":30.0},{"not_picked":["Prepared+1","Outmaneuver+1","Expertise"],"picked":"SKIP","floor":31.0},{"not_picked":["Bullet Time","Night Terror"],"picked":"Wraith Form v2+1","floor":33.0},{"not_picked":["Dagger Spray+1","Concentrate+1","Underhanded Strike"],"picked":"SKIP","floor":35.0},{"not_picked":["Deflect","Prepared"],"picked":"Leg Sweep+1","floor":37.0},{"not_picked":["Good Instincts","Swift Strike"],"picked":"Panacea","floor":39.0},{"not_picked":["Concentrate","Tactician+1"],"picked":"Blade Dance","floor":41.0},{"not_picked":["Setup","Underhanded Strike+1","Bouncing Flask+1"],"picked":"SKIP","floor":44.0},{"not_picked":["Sucker Punch+1","Prepared+1"],"picked":"PiercingWail+1","floor":46.0}],"player_experience":577675,"relics_obtained":[{"floor":7.0,"key":"Boot"},{"floor":9.0,"key":"Meat on the Bone"},{"floor":10.0,"key":"Frozen Egg 2"},{"floor":19.0,"key":"Red Mask"},{"floor":26.0,"key":"Bronze Scales"},{"floor":36.0,"key":"Peace Pipe"},{"floor":41.0,"key":"Bottled Lightning"},{"floor":47.0,"key":"Toxic Egg 2"}],"event_choices":[{"damage_healed":0.0,"max_hp_gain":0.0,"max_hp_loss":0.0,"gold_gain":0.0,"event_name":"Living Wall","player_choice":"Grow","floor":3.0,"gold_loss":0.0,"damage_taken":0.0,"cards_upgraded":["Cloak And Dagger"]},{"damage_healed":0.0,"max_hp_gain":0.0,"max_hp_loss":0.0,"gold_gain":75.0,"event_name":"World of Goop","player_choice":"Gather Gold","floor":4.0,"gold_loss":0.0,"damage_taken":11.0},{"damage_healed":0.0,"max_hp_gain":0.0,"max_hp_loss":0.0,"gold_gain":0.0,"event_name":"Accursed Blacksmith","player_choice":"Rummage","floor":12.0,"gold_loss":0.0,"damage_taken":0.0,"relics_obtained":["WarpedTongs"],"cards_obtained":["Pain"]},{"damage_healed":0.0,"max_hp_gain":0.0,"max_hp_loss":0.0,"gold_gain":0.0,"event_name":"Masked Bandits","player_choice":"Fought Bandits","floor":19.0,"gold_loss":0.0,"damage_taken":0.0},{"damage_healed":0.0,"max_hp_gain":0.0,"max_hp_loss":0.0,"gold_gain":0.0,"event_name":"Ghosts","player_choice":"Ignored","floor":24.0,"gold_loss":0.0,"damage_taken":0.0},{"damage_healed":0.0,"max_hp_gain":0.0,"max_hp_loss":0.0,"gold_gain":0.0,"event_name":"Mysterious Sphere","player_choice":"Fight","floor":36.0,"gold_loss":0.0,"damage_taken":0.0},{"damage_healed":0.0,"max_hp_gain":0.0,"max_hp_loss":0.0,"gold_gain":0.0,"event_name":"SensoryStone","player_choice":"Memory 1","floor":39.0,"gold_loss":0.0,"damage_taken":0.0}],"is_beta":false,"boss_relics":[{"not_picked":["Astrolabe","Philosopher\u0027s Stone"],"picked":"Pandora\u0027s Box"},{"not_picked":["Busted Crown","SacredBark"],"picked":"WristBlade"}],"items_purged_floors":[21],"is_endless":false,"potions_floor_spawned":[5,7,10,13,14,20,22,28,30,33,35,46],"killed_by":"Writhing Mass","ascension_level":9}}