{"host":"nkolxg4se00n20yf","time":1613229940,"event":{"mods":["BaseMod","CatGirl Mod","Chen","Colored Map","Colored Powertips","Downfall","Friendly Minions","Infinite Spire","Kiyohime????","Marisa????????","Minty Spire (QoL Compilation)","StSLib","Td1madao Mod","The Administrix","The Cursed","The Exalted","The Hierophant","The Servant 0.9.4"],"gold_per_floor":[116,129,142,242,256,284,284,304,327,355,7,20,20,20,20,92,92,110,10,30,41,41,67,67,67,67],"floor_reached":25,"language":"ENG","playtime":1464,"items_purged":["downfall:Haunted","downfall:Malfunctioning"],"score":653,"play_id":"acd526b0-9ebc-41bb-b2bf-eb486d0e3354","local_time":"20210213162540","is_ascension_mode":true,"campfire_choices":[{"floor":7,"key":"REST"},{"data":"Calculated Gamble","floor":15,"key":"SMITH"},{"floor":24,"key":"REST"}],"circlet_count":0,"master_deck":["AscendersBane","Strike_G","Strike_G","Strike_G","Strike_G","Strike_G","Defend_G","Defend_G","Defend_G","Defend_G","Defend_G","Survivor","Neutralize","Crippling Poison","Heel Hook","Sucker Punch","downfall:Haunted","downfall:Malfunctioning","downfall:Malfunctioning","downfall:Malfunctioning","Die Die Die","Calculated Gamble+1","Deadly Poison","Dagger Throw","Noxious Fumes","PiercingWail","Parasite","After Image","Endless Agony","All Out Attack"],"relics":["Ring of the Snake","Darkstone Periapt","StoneCalendar","Tiny Chest","Bromod:ArcaneNullifier","Meat on the Bone","HoveringKite","Strawberry"],"acts_visited":["Exordium","TheCity"],"potions_floor_usage":[6,6,16,21,23],"damage_taken":[{"damage":1.0,"enemies":"2 Louse","floor":1.0,"turns":4.0},{"damage":14.0,"enemies":"Jaw Worm","floor":2.0,"turns":7.0},{"damage":4.0,"enemies":"Small Slimes","floor":3.0,"turns":4.0},{"damage":23.0,"enemies":"3 Louse","floor":5.0,"turns":4.0},{"damage":0,"enemies":"Gremlin Nob","floor":6,"turns":3},{"damage":21,"enemies":"Red Slaver","floor":8,"turns":5},{"damage":30,"enemies":"Lagavulin","floor":10,"turns":7},{"damage":16,"enemies":"Blue Slaver","floor":12,"turns":5},{"damage":70,"enemies":"Hexaghost","floor":16,"turns":11},{"damage":25,"enemies":"3 Byrds","floor":18,"turns":4},{"damage":33,"enemies":"Chosen","floor":20,"turns":6},{"damage":12,"enemies":"Snecko","floor":21,"turns":7},{"damage":68,"enemies":"Gremlin Leader","floor":23,"turns":7},{"damage":64,"enemies":"Book of Stabbing","floor":25,"turns":6}],"seed_played":"2394177553488661274","potions_obtained":[{"floor":3.0,"key":"ColorlessPotion"},{"floor":5.0,"key":"Strength Potion"},{"floor":10,"key":"PowerPotion"},{"floor":18,"key":"AttackPotion"},{"floor":20,"key":"Weak Potion"}],"is_trial":false,"path_per_floor":["M","M","M","?","M","E","R","M","T","E","$","M","$","?","R","B",null,"M","$","M","M","?","E","R","E"],"character_chosen":"THE_SILENT","items_purchased":["Meat on the Bone"],"campfire_rested":2,"item_purchase_floors":[11],"current_hp_per_floor":[70,56,52,87,64,64,97,76,76,46,46,42,42,76,76,18,94,69,69,48,48,72,23,60,0,0],"gold":67,"neow_bonus":"TWENTY_PERCENT_HP_BONUS","is_daily":false,"chose_seed":false,"campfire_upgraded":1,"win_rate":0.0,"timestamp":1613229940,"path_taken":["M","M","M","?","M","E","R","M","T","E","$","M","$","?","R","BOSS","M","$","M","M","?","E","R","E"],"items_purchased_type":["Relic"],"build_version":"2020-12-22","purchased_purges":2,"victory":false,"max_hp_per_floor":[78,78,78,113,113,113,113,113,113,113,113,113,113,119,119,119,119,119,119,119,119,119,126,126,126,126],"card_choices":[{"not_picked":["Acrobatics","PiercingWail"],"picked":"Crippling Poison","floor":1.0},{"not_picked":["Backflip","Choke"],"picked":"Heel Hook","floor":2.0},{"not_picked":["Skewer","Bane"],"picked":"Sucker Punch","floor":3.0},{"not_picked":["Setup","Underhanded Strike"],"picked":"Calculated Gamble","floor":5.0},{"not_picked":["Riddle With Holes","Flechettes"],"picked":"Deadly Poison","floor":6},{"not_picked":["Sucker Punch","Leg Sweep"],"picked":"Dagger Throw","floor":8},{"not_picked":["Outmaneuver","Finisher"],"picked":"Noxious Fumes","floor":10},{"not_picked":["Quick Slash","Dagger Spray"],"picked":"PiercingWail","floor":12},{"not_picked":["Burst","Bullet Time"],"picked":"After Image","floor":16},{"not_picked":["Choke+1","Underhanded Strike","Outmaneuver"],"picked":"SKIP","floor":18},{"not_picked":["Quick Slash","Heel Hook","Blur"],"picked":"SKIP","floor":20},{"not_picked":["Concentrate","Outmaneuver"],"picked":"Endless Agony","floor":21},{"not_picked":["Infinite Blades","Predator"],"picked":"All Out Attack","floor":23}],"player_experience":1124464,"relics_obtained":[{"floor":6,"key":"StoneCalendar"},{"floor":9,"key":"Tiny Chest"},{"floor":10,"key":"Bromod:ArcaneNullifier"},{"floor":23,"key":"Strawberry"}],"event_choices":[{"damage_healed":28,"gold_gain":0,"player_choice":"Healed and dodged fight","damage_taken":0,"max_hp_gain":0,"max_hp_loss":0,"event_name":"Mushrooms","floor":14,"gold_loss":0,"cards_obtained":["Parasite"]},{"damage_healed":24,"gold_gain":0,"player_choice":"Heal","damage_taken":0,"max_hp_gain":0,"max_hp_loss":0,"event_name":"The Library","floor":22,"gold_loss":0}],"is_beta":false,"boss_relics":[{"not_picked":["WristBlade","SacredBark"],"picked":"HoveringKite"}],"items_purged_floors":[11,19],"is_endless":false,"potions_floor_spawned":[3,5,10,18,20],"killed_by":"Book of Stabbing","ascension_level":19}}