{"host":"aduepa6pof7ckcrz","time":1613195270,"event":{"mods":["Act Like it!","Arknights","Aspiration","BaseMod","CapriCore","Colored Map","Colored Powertips","Downfall","Hallownest","Hermit","Hubris","Minty Spire (QoL Compilation)","Quick Restart","Replay The Spire","Robot Space Explorer","Shop Mod","StSLib","The Bug Knight","The Marked"],"gold_per_floor":[113,113,307,320,196,196,229,242,242,271,271,287,302,302,302,337,337,442,442,459,479,496,506,523,523,62,72,72,91,91,91,91,116,116,220,220,236,250,410,410,209,209,235,250,250,250,267,299,309,319,319,319],"floor_reached":53,"language":"FRA","playtime":2365,"items_purged":["hubris:MerchantsHand","Replay:GuardianBash+1"],"score":861,"play_id":"6a59782f-0f2c-4b9d-86a6-a32f5f383d40","local_time":"20210213064750","is_ascension_mode":false,"campfire_choices":[{"data":"HollowMod:DescendingDark","floor":6.0,"key":"SMITH"},{"floor":11.0,"key":"REST"},{"data":"Replay:GuardianBash","floor":17.0,"key":"SMITH"},{"data":"HollowMod:VoidDash","floor":25.0,"key":"SMITH"},{"data":"HollowMod:SiblingsSouls","floor":34.0,"key":"SMITH"},{"floor":42.0,"key":"REST"},{"data":"HollowMod:VengefulVoid","floor":46.0,"key":"SMITH"},{"data":"HollowMod:SoulMaster","floor":51.0,"key":"SMITH"}],"circlet_count":0,"master_deck":["HollowMod:NailStrikeStart","HollowMod:NailStrikeStart","HollowMod:NailStrikeStart","HollowMod:NailStrikeStart","HollowMod:QuickDashStart","HollowMod:QuickDashStart+1","HollowMod:QuickDashStart","HollowMod:QuickDashStart","HollowMod:FocusHealStart","HollowMod:PogoStrike","HollowMod:SoulMaster+1","HollowMod:DreamGate","HollowMod:DescendingDark+1","HollowMod:PerfectDash+1","HollowMod:PerfectDash","HollowMod:DescendingDark","HollowMod:DescendingDark","HollowMod:BlackTendrils","HollowMod:CrystalDash","HollowMod:VoidDash+1","HollowMod:AbyssShriek","HollowMod:CloakDash","HollowMod:VengefulVoid+1","HollowMod:SiblingsSouls+1","HollowMod:SiblingsSouls+1","HollowMod:BlackTendrils","HollowMod:GrimmsGift","HollowMod:DescendingDark","HollowMod:SoulMaster","HollowMod:BlackTendrils","HollowMod:SiblingsSouls","HollowMod:SoulMaster+1","HollowMod:FastStrike"],"relics":["HollowMod:VesselMask","Anchor","War Paint","Regal Pillow","Bag of Marbles","Toy Ornithopter","hubris:VirtuousBlindfold","hubris:64BitClover","InkBottle","aspiration:DSix","Cursed Key","Hallownest:GodTamersBeastRelic","hubris:MedicalManual","aspiration:HatOfInfinitePower","Art of War"],"acts_visited":["Exordium","Hallownest:CityofTears","Hallownest:KingdomsEdge"],"potions_floor_usage":[52,52,52],"damage_taken":[{"damage":1.0,"enemies":"Jaw Worm","floor":1.0,"turns":3.0},{"damage":0.0,"enemies":"Small Slimes","floor":4.0,"turns":2.0},{"damage":0.0,"enemies":"HollowMod:MossKnight","floor":7.0,"turns":6.0},{"damage":0.0,"enemies":"2 Louse","floor":8.0,"turns":1.0},{"damage":23.0,"enemies":"Lagavulin","floor":10.0,"turns":7.0},{"damage":2.0,"enemies":"Exordium Thugs","floor":12.0,"turns":3.0},{"damage":0.0,"enemies":"2 Fungi Beasts","floor":13.0,"turns":2.0},{"damage":10.0,"enemies":"HollowMod:MossKnight","floor":16.0,"turns":3.0},{"damage":25.0,"enemies":"HollowMod:FalseKnight","floor":18.0,"turns":13.0},{"damage":1.0,"enemies":"Hallownest:Guard_and_Sentry","floor":20.0,"turns":6.0},{"damage":12.0,"enemies":"Hallownest:3_Youths","floor":21.0,"turns":3.0},{"damage":4.0,"enemies":"Hallownest:Warrior_and_Youth","floor":22.0,"turns":4.0},{"damage":0.0,"enemies":"Hallownest:monsterShrumalOgre","floor":23.0,"turns":4.0},{"damage":5.0,"enemies":"Hallownest:3_Mistakes","floor":24.0,"turns":3.0},{"damage":0.0,"enemies":"Hallownest:Master_and_Novice","floor":27.0,"turns":2.0},{"damage":1.0,"enemies":"Hallownest:monsterMisterMushroom","floor":29.0,"turns":4.0},{"damage":19.0,"enemies":"Hallownest:Nosk","floor":33.0,"turns":5.0},{"damage":35.0,"enemies":"Hallownest:BossMantisLord","floor":35.0,"turns":3.0},{"damage":5.0,"enemies":"Hallownest:3_Siblings","floor":37.0,"turns":4.0},{"damage":46.0,"enemies":"Hallownest:2_Littles","floor":38.0,"turns":4.0},{"damage":0.0,"enemies":"Hallownest:2_Littles","floor":39.0,"turns":3.0},{"damage":23.0,"enemies":"Hallownest:2_Littles","floor":39.0,"turns":3.0},{"damage":26.0,"enemies":"Hallownest:2_Littles","floor":39.0,"turns":3.0},{"damage":0.0,"enemies":"Hallownest:2_Littles","floor":39.0,"turns":2.0},{"damage":8.0,"enemies":"Hallownest:eliteHiveKnight","floor":43.0,"turns":7.0},{"damage":33.0,"enemies":"Hallownest:2_Wandering_and_1_Horned","floor":44.0,"turns":4.0},{"damage":17.0,"enemies":"Hallownest:monsterPrimalAspid","floor":47.0,"turns":3.0},{"damage":15.0,"enemies":"Hallownest:eliteCollector","floor":48.0,"turns":4.0},{"damage":0.0,"enemies":"Hallownest:2_Soldiers_and_1_Guardian","floor":49.0,"turns":5.0},{"damage":23.0,"enemies":"Hallownest:Xero_Hu_Marmu","floor":50.0,"turns":3.0},{"damage":63,"enemies":"Hallownest:BossHollowKnight","floor":52,"turns":8}],"seed_played":"-2577056068345716954","potions_obtained":[{"floor":1.0,"key":"Strength Potion"},{"floor":4.0,"key":"Explosive Potion"},{"floor":7.0,"key":"SteroidPotion"},{"floor":13.0,"key":"Dexterity Potion"},{"floor":16.0,"key":"FearPotion"},{"floor":18.0,"key":"Doom Potion"},{"floor":21.0,"key":"Explosive Potion"},{"floor":24.0,"key":"sneckomod:MuddlingPotion"},{"floor":29.0,"key":"Fire Potion"},{"floor":38.0,"key":"Languid Potion"},{"floor":48.0,"key":"FearPotion"}],"is_trial":false,"path_per_floor":["M","?","?","M","?","R","E","M","T","E","R","M","M","PTL","PTL","E","R","B",null,"M","M","M","M","M","R","$","M","T","M","?","$","?","E","R","B",null,"M","M","?","?","$","R","E","M","T","R","M","E","M","M","R_BF","B",null],"character_chosen":"THE_BUGKNIGHT","items_purchased":["hubris:64BitClover","DistilledChaos","Dexterity Potion","Dexterity Potion"],"campfire_rested":2,"item_purchase_floors":[26,26,41,41],"current_hp_per_floor":[74,74,44,44,44,44,44,44,44,27,64,62,64,64,64,58,58,43,75,74,62,59,66,64,64,64,64,64,63,63,63,63,56,56,32,75,75,29,13,13,13,50,71,50,50,50,40,45,71,59,59,56],"gold":319,"neow_bonus":"THREE_RARE_CARDS","is_daily":false,"chose_seed":false,"campfire_upgraded":6,"win_rate":0.0,"timestamp":1613195270,"path_taken":["M","?","?","M","?","R","E","?","T","E","R","M","M","PTL","PTL","E","R","BOSS","M","M","M","M","M","R","$","M","T","M","?","$","?","E","R","BOSS","M","M","?","?","$","R","E","M","T","R","M","E","M","M","R_BF","BOSS"],"items_purchased_type":["Relic","Potion","Potion","Potion"],"build_version":"2020-12-22","purchased_purges":2,"victory":true,"max_hp_per_floor":[75,75,75,75,75,75,75,75,75,75,75,75,75,75,75,75,75,75,75,75,75,75,75,75,75,75,75,75,75,75,75,75,75,75,75,75,75,75,75,75,75,75,75,75,75,75,75,75,75,75,75,75],"card_choices":[{"not_picked":["HollowMod:Hiveblood","HollowMod:ElderbugsWisdom"],"picked":"HollowMod:SoulMaster","floor":0.0},{"not_picked":["HollowMod:MonarchWings","HollowMod:DungDefenderAura"],"picked":"HollowMod:DreamGate","floor":1.0},{"not_picked":["HollowMod:NewLittleFool","HollowMod:MawleksShell"],"picked":"HollowMod:DescendingDark","floor":3.0},{"not_picked":["HollowMod:DoubleDash","HollowMod:TaintedHusks"],"picked":"HollowMod:PerfectDash","floor":4.0},{"not_picked":["HollowMod:CloakDash","HollowMod:Grubsong"],"picked":"HollowMod:PerfectDash","floor":7.0},{"not_picked":["HollowMod:ShadowDash","HollowMod:LuriensSpire"],"picked":"HollowMod:DescendingDark","floor":8.0},{"not_picked":["HollowMod:CycloneSlash","HollowMod:PureNailStrike"],"picked":"HollowMod:DescendingDark","floor":10.0},{"not_picked":["HollowMod:HerrahsAnger","HollowMod:TaintedHusks"],"picked":"HollowMod:BlackTendrils","floor":12.0},{"not_picked":["HollowMod:SharpenedNail","HollowMod:InfectedCysts","HollowMod:NewLittleFool"],"picked":"SKIP","floor":13.0},{"not_picked":["HollowMod:InfectedCysts","HollowMod:theNailsmith"],"picked":"HollowMod:CrystalDash","floor":16.0},{"not_picked":["HollowMod:HerrahsAnger","HollowMod:AwokenDreamNail"],"picked":"HollowMod:VoidDash","floor":18.0},{"not_picked":["HollowMod:CornifersMapStart","HollowMod:InfectedCysts"],"picked":"HollowMod:AbyssShriek","floor":20.0},{"not_picked":["HollowMod:DashSlash+1","HollowMod:BaldurShell"],"picked":"HollowMod:CloakDash","floor":21.0},{"not_picked":["HollowMod:TaintedHusks","HollowMod:InfectedCysts","HollowMod:CornifersMapStart"],"picked":"SKIP","floor":22.0},{"not_picked":["HollowMod:HowlingWraiths+1","HollowMod:CornifersMapStart","HollowMod:TaintedHusks+1"],"picked":"SKIP","floor":23.0},{"not_picked":["HollowMod:SoulSplash+1","HollowMod:AwokenDreamNail"],"picked":"HollowMod:VengefulVoid","floor":24.0},{"not_picked":["HollowMod:HuntersJournal","HollowMod:Grubsong"],"picked":"HollowMod:SiblingsSouls+1","floor":27.0},{"not_picked":["HollowMod:SoulSplash+1","HollowMod:HowlingWraiths"],"picked":"HollowMod:SiblingsSouls","floor":29.0},{"not_picked":["HollowMod:PerfectDash","HollowMod:InfectedAttack+1"],"picked":"HollowMod:BlackTendrils","floor":32.0},{"not_picked":["HollowMod:CornifersMapStart","HollowMod:ChannelNail"],"picked":"HollowMod:GrimmsGift","floor":32.0},{"not_picked":["HollowMod:HerrahsAnger","HollowMod:MawleksShell"],"picked":"HollowMod:DescendingDark","floor":33.0},{"not_picked":["HollowMod:AwokenDreamNail","HollowMod:SlysStrikes"],"picked":"HollowMod:SoulMaster","floor":35.0},{"not_picked":["HollowMod:LuriensSpire+1","HollowMod:DesolateDive","HollowMod:RecoilStrike"],"picked":"SKIP","floor":37.0},{"not_picked":["HollowMod:CornifersMapStart","HollowMod:SoulVessel"],"picked":"HollowMod:BlackTendrils","floor":38.0},{"not_picked":["HollowMod:HeavyBlow+1","HollowMod:InfectionAssault"],"picked":"HollowMod:SiblingsSouls","floor":43.0},{"not_picked":["HollowMod:DashSlash","HollowMod:InfectedCysts+1","HollowMod:HowlingWraiths"],"picked":"SKIP","floor":44.0},{"not_picked":["HollowMod:CornifersMapStart","HollowMod:SiblingsShadow+1","HollowMod:SoulStrike+1"],"picked":"SKIP","floor":47.0},{"not_picked":["HollowMod:InfectedAttack","HollowMod:DoubleDash+1"],"picked":"HollowMod:SoulMaster","floor":48.0},{"not_picked":["HollowMod:InfectedCysts+1","HollowMod:SoulStrike"],"picked":"HollowMod:FastStrike","floor":49.0},{"not_picked":["HollowMod:DoubleDash+1","HollowMod:SharpenedNail","HollowMod:CornifersMapStart+1"],"picked":"SKIP","floor":50.0}],"player_experience":1048297,"relics_obtained":[{"floor":7.0,"key":"War Paint"},{"floor":9.0,"key":"Regal Pillow"},{"floor":10.0,"key":"Bag of Marbles"},{"floor":16.0,"key":"Toy Ornithopter"},{"floor":28.0,"key":"InkBottle"},{"floor":33.0,"key":"aspiration:DSix"},{"floor":43.0,"key":"hubris:MedicalManual"},{"floor":47.0,"key":"aspiration:HatOfInfinitePower"},{"floor":48.0,"key":"Art of War"}],"event_choices":[{"damage_healed":0.0,"max_hp_gain":0.0,"max_hp_loss":0.0,"gold_gain":0.0,"event_name":"WeMeetAgain","player_choice":"Paid Gold","floor":5.0,"gold_loss":124.0,"damage_taken":0.0,"relics_obtained":["Anchor"]}],"is_beta":false,"boss_relics":[{"not_picked":["Replay:Drink Me","aspiration:WatcherSkillbook"],"picked":"hubris:VirtuousBlindfold"},{"not_picked":["Kintsugi","aspiration:SilentSkillbook"],"picked":"Cursed Key"}],"items_purged_floors":[26,41],"is_endless":false,"potions_floor_spawned":[1,4,7,13,16,18,21,24,29,38,39,39,39,48],"ascension_level":0}}