{"host":"k7udt7atmcuzf6l0","time":1613222962,"event":{"mods":["AchievementEnabler","BaseMod","BetterRewards","Colored Map","Colored Powertips","Highlight Path","Minty Spire (QoL Compilation)","Quick Restart","Rare Cards Sparkle","StSLib","UnlockEverythingMod"],"gold_per_floor":[157,210,49,80,113,113,139,189,214,179,179,179,214,214,214,340,340,359,4,41,91,8,8,58,101,176,176,196,254,274,274,274,375,375,410,446,460,535,552,48,77,87,168,182,182,195,417,444,456,468],"floor_reached":51,"language":"ZHS","playtime":1315,"items_purged":["Strike_R","Strike_R"],"score":876,"play_id":"14a8be88-278a-49c7-97d1-c3ced72de8f2","local_time":"20210213212922","is_ascension_mode":false,"campfire_choices":[{"data":"Flex","floor":6.0,"key":"SMITH"},{"data":"HandOfGreed","floor":11.0,"key":"SMITH"},{"data":"Pommel Strike","floor":15.0,"key":"SMITH"},{"data":"Trip","floor":23,"key":"SMITH"},{"data":"Double Tap","floor":27,"key":"SMITH"},{"data":"Sword Boomerang","floor":32,"key":"SMITH"},{"data":"Immolate","floor":45,"key":"SMITH"},{"floor":49,"key":"REST"}],"circlet_count":0,"master_deck":["Strike_R","Defend_R+1","Defend_R","Defend_R","Defend_R","Bash","HandOfGreed+1","Spot Weakness+1","Pommel Strike+1","Flex+1","Pummel","Clash","Sword Boomerang+1","Intimidate","Double Tap+1","Inflame","Bloodletting","Trip+1","Immolate+1","Cleave+1","Metallicize+1","Warcry+1","Heavy Blade+1","Dropkick+1","Clash+1","Dropkick+1","Barricade+1","Pommel Strike+1","Flex+1","Heavy Blade+1","Thunderclap+1"],"relics":["Burning Blood","Lizard Tail","War Paint","Black Star","Brimstone","PreservedInsect","Red Mask","Art of War","Blood Vial","Pear","HornCleat","Frozen Egg 2","Runic Pyramid","CaptainsWheel","Nunchaku","Chemical X","TungstenRod","Omamori","Shuriken","Eternal Feather","MawBank"],"acts_visited":["Exordium","TheCity","TheBeyond"],"potions_floor_usage":[21,24,29,37,41,44,44,44,50],"damage_taken":[{"damage":0.0,"enemies":"2 Louse","floor":1.0,"turns":4.0},{"damage":5.0,"enemies":"Small Slimes","floor":2.0,"turns":4.0},{"damage":1.0,"enemies":"Cultist","floor":4.0,"turns":3.0},{"damage":10.0,"enemies":"2 Fungi Beasts","floor":5.0,"turns":4.0},{"damage":26.0,"enemies":"Lagavulin","floor":7.0,"turns":4.0},{"damage":9.0,"enemies":"Exordium Wildlife","floor":8.0,"turns":4.0},{"damage":6.0,"enemies":"Blue Slaver","floor":13.0,"turns":3.0},{"damage":40.0,"enemies":"Hexaghost","floor":16.0,"turns":6.0},{"damage":19.0,"enemies":"Spheric Guardian","floor":18.0,"turns":4.0},{"damage":13.0,"enemies":"Shell Parasite","floor":20.0,"turns":3.0},{"damage":22,"enemies":"Masked Bandits","floor":21,"turns":3},{"damage":24,"enemies":"Gremlin Leader","floor":24,"turns":3},{"damage":4,"enemies":"Centurion and Healer","floor":25,"turns":3},{"damage":3,"enemies":"Snake Plant","floor":28,"turns":2},{"damage":19,"enemies":"Book of Stabbing","floor":29,"turns":3},{"damage":0,"enemies":"Cultist and Chosen","floor":30,"turns":4},{"damage":58,"enemies":"Champ","floor":33,"turns":7},{"damage":18,"enemies":"3 Shapes","floor":35,"turns":3},{"damage":12,"enemies":"Orb Walker","floor":36,"turns":3},{"damage":3,"enemies":"3 Darklings","floor":37,"turns":3},{"damage":0,"enemies":"Mind Bloom Boss Battle","floor":38,"turns":2},{"damage":3,"enemies":"Transient","floor":39,"turns":5},{"damage":0,"enemies":"Giant Head","floor":41,"turns":3},{"damage":13,"enemies":"Spire Growth","floor":42,"turns":3},{"damage":27,"enemies":"Jaw Worm Horde","floor":44,"turns":3},{"damage":33,"enemies":"Writhing Mass","floor":46,"turns":3},{"damage":2,"enemies":"Reptomancer","floor":48,"turns":3},{"damage":86,"enemies":"Time Eater","floor":50,"turns":6}],"seed_played":"1030604776893666110","potions_obtained":[{"floor":2.0,"key":"GamblersBrew"},{"floor":4.0,"key":"CultistPotion"},{"floor":8.0,"key":"Regen Potion"},{"floor":16.0,"key":"BlessingOfTheForge"},{"floor":18.0,"key":"Swift Potion"},{"floor":21,"key":"Explosive Potion"},{"floor":28,"key":"LiquidMemories"},{"floor":33,"key":"BlessingOfTheForge"},{"floor":35,"key":"Ancient Potion"},{"floor":38,"key":"LiquidBronze"},{"floor":42,"key":"PowerPotion"},{"floor":48,"key":"Dexterity Potion"}],"is_trial":false,"path_per_floor":["M","M","$","M","M","R","E","M","T","?","R","?","M","?","R","B",null,"M","$","M","?","$","R","E","M","T","R","M","E","M","?","R","B",null,"M","M","M","?","M","$","E","M","T","M","R","M","?","E","R","B",null],"character_chosen":"IRONCLAD","items_purchased":["Flex","Pummel","Brimstone","PreservedInsect","PowerPotion","Trip","Nunchaku","Chemical X","HeartOfIron"],"campfire_rested":1,"item_purchase_floors":[3,3,19,19,19,22,40,40,40],"current_hp_per_floor":[62,63,63,68,64,64,44,41,41,61,61,61,70,75,75,41,85,72,72,65,49,49,49,31,35,45,45,50,39,47,47,47,53,95,83,79,84,92,95,95,95,88,88,69,69,44,44,50,95,15],"gold":480,"neow_bonus":"RANDOM_COLORLESS_2","is_daily":false,"chose_seed":false,"campfire_upgraded":7,"win_rate":0.0,"timestamp":1613222962,"path_taken":["M","M","$","M","M","R","E","M","T","?","R","?","?","?","R","BOSS","M","$","M","?","$","R","E","M","T","R","M","E","M","?","R","BOSS","M","?","M","?","M","$","E","M","T","M","R","M","?","E","R","BOSS"],"items_purchased_type":["Card","Card","Relic","Relic","Potion","Card","Relic","Relic","Potion"],"build_version":"2020-12-22","purchased_purges":2,"victory":true,"max_hp_per_floor":[80,80,80,80,80,80,80,80,80,80,80,80,80,85,85,85,85,85,85,85,85,85,85,85,85,95,95,95,95,95,95,95,95,95,95,95,95,95,95,95,95,95,95,95,95,95,95,95,95,95],"card_choices":[{"not_picked":["Secret Weapon","Secret Technique"],"picked":"HandOfGreed","floor":0.0},{"not_picked":["True Grit","Rupture"],"picked":"Spot Weakness","floor":1.0},{"not_picked":["True Grit","Rupture"],"picked":"Pommel Strike","floor":2.0},{"not_picked":["Pommel Strike","Iron Wave"],"picked":"Clash","floor":4.0},{"not_picked":["Clothesline","Perfected Strike"],"picked":"Sword Boomerang","floor":5.0},{"not_picked":["Dropkick","Sentinel"],"picked":"Intimidate","floor":7.0},{"not_picked":["Perfected Strike","Flex","Sword Boomerang"],"picked":"SKIP","floor":8.0},{"not_picked":["Pommel Strike","Warcry","Uppercut"],"picked":"SKIP","floor":13.0},{"not_picked":["Impervious","Corruption"],"picked":"Double Tap","floor":16.0},{"not_picked":["Battle Trance+1","Sword Boomerang"],"picked":"Inflame","floor":18.0},{"not_picked":["Heavy Blade","Thunderclap","Warcry"],"picked":"SKIP","floor":20.0},{"not_picked":["Fire Breathing","Sentinel"],"picked":"Bloodletting","floor":21},{"not_picked":["Blood for Blood","Ghostly Armor+1"],"picked":"Immolate","floor":24},{"not_picked":["Pummel","Warcry","Wild Strike"],"picked":"SKIP","floor":25},{"not_picked":["Ghostly Armor","Intimidate"],"picked":"Cleave+1","floor":28},{"not_picked":["Fiend Fire","Thunderclap","Evolve+1"],"picked":"SKIP","floor":29},{"not_picked":["Warcry","Uppercut"],"picked":"Metallicize+1","floor":30},{"not_picked":["Wild Strike","Clash"],"picked":"Warcry+1","floor":35},{"not_picked":["Clash","Pommel Strike+1"],"picked":"Heavy Blade+1","floor":36},{"not_picked":["Pommel Strike+1","Warcry"],"picked":"Dropkick+1","floor":37},{"not_picked":["Combust+1","Body Slam"],"picked":"Clash+1","floor":38},{"not_picked":["Iron Wave","Armaments+1"],"picked":"Dropkick+1","floor":39},{"not_picked":["Evolve+1","Cleave"],"picked":"Barricade+1","floor":41},{"not_picked":["Headbutt+1","Burning Pact"],"picked":"Pommel Strike+1","floor":42},{"not_picked":["Seeing Red","Combust+1"],"picked":"Flex+1","floor":44},{"not_picked":["Rupture+1","Iron Wave"],"picked":"Heavy Blade+1","floor":46},{"not_picked":["Clothesline+1","Hemokinesis+1"],"picked":"Thunderclap+1","floor":48}],"player_experience":119356,"relics_obtained":[{"floor":7.0,"key":"Lizard Tail"},{"floor":9.0,"key":"War Paint"},{"floor":21,"key":"Red Mask"},{"floor":24,"key":"Art of War"},{"floor":24,"key":"Blood Vial"},{"floor":26,"key":"Pear"},{"floor":29,"key":"HornCleat"},{"floor":29,"key":"Frozen Egg 2"},{"floor":38,"key":"CaptainsWheel"},{"floor":41,"key":"TungstenRod"},{"floor":41,"key":"Omamori"},{"floor":43,"key":"Shuriken"},{"floor":48,"key":"Eternal Feather"},{"floor":48,"key":"MawBank"}],"event_choices":[{"damage_healed":20.0,"max_hp_gain":0.0,"max_hp_loss":0.0,"gold_gain":0.0,"event_name":"The Cleric","player_choice":"Healed","floor":10.0,"gold_loss":35.0,"damage_taken":0.0},{"cards_removed":["Strike_R"],"damage_healed":0.0,"max_hp_gain":0.0,"max_hp_loss":0.0,"gold_gain":0.0,"event_name":"Purifier","player_choice":"Purged","floor":12.0,"gold_loss":0.0,"damage_taken":0.0},{"damage_healed":0.0,"max_hp_gain":5.0,"max_hp_loss":0.0,"gold_gain":0.0,"event_name":"Big Fish","player_choice":"Donut","floor":14.0,"gold_loss":0.0,"damage_taken":0.0},{"damage_healed":0,"gold_gain":0,"player_choice":"Fought Bandits","damage_taken":0,"max_hp_gain":0,"max_hp_loss":0,"event_name":"Masked Bandits","floor":21,"gold_loss":0},{"cards_removed":["Strike_R"],"damage_healed":0,"gold_gain":0,"player_choice":"Offered Basic","damage_taken":0,"max_hp_gain":0,"max_hp_loss":0,"event_name":"Bonfire Elementals","floor":31,"gold_loss":0},{"damage_healed":0,"gold_gain":0,"player_choice":"Fight","damage_taken":0,"max_hp_gain":0,"max_hp_loss":0,"event_name":"MindBloom","floor":38,"gold_loss":0},{"damage_healed":0,"gold_gain":222,"player_choice":"Wore Mask","damage_taken":0,"max_hp_gain":0,"max_hp_loss":0,"event_name":"Tomb of Lord Red Mask","floor":47,"gold_loss":0}],"is_beta":false,"boss_relics":[{"not_picked":["Philosopher\u0027s Stone","Pandora\u0027s Box"],"picked":"Black Star"},{"not_picked":["SlaversCollar","Fusion Hammer"],"picked":"Runic Pyramid"}],"items_purged_floors":[3,40],"is_endless":false,"potions_floor_spawned":[2,4,8,16,18,21,28,33,35,38,42,48],"ascension_level":0}}