{"host":"cepa1iaiubs928mn","time":1613239678,"event":{"mods":["Bard","BaseMod","Beaked The Cultist","Conspire","Gremlin Mod","Hermit","Hubris","KinomotoSakuraMod(ÙÊñýÜâ?)","Luminous","Marisa£¨Ùöéë¡¡Øª×âÞÞ£©","Mimic Mod","Minty Spire (QoL Compilation)","Quick Restart","Replay The Spire","Robot Space Explorer","Shop Mod","StSLib","Td1madao Mod","The Animator","The Bladedancer","The Bug Knight","The Construct","The Cursed","The Disciple","The Dragon Tamer","The Gatherer","The Hierophant","The Mystic","The Necromancer","The Poker Player","The Runesmith","The Senshi","The Servant 0.9.4","The Witch","Waifu the Spire","Youmu£¨ûëÛÞèí?£©","Yuri Mod"],"gold_per_floor":[127,146,163,163,16,16,48,61,88,114,17,30,30,51,51,171,171,191,34,80,99,99,99,99,99,99,99,117,242,255,269,269,395,395,410,410,121,121,134,169,169,49,93,109,109,109,152,167,167,167],"floor_reached":51,"language":"KOR","playtime":3664,"items_purged":["animator:Strike","animator:Defend"],"score":682,"play_id":"6c4ef276-7976-46ea-be41-50e8cf0dd493","local_time":"20210214030758","is_ascension_mode":false,"campfire_choices":[{"floor":15.0,"key":"REST"},{"floor":23.0,"key":"REST"},{"data":"animator:YunYun","floor":25.0,"key":"SMITH"},{"data":"animator:Saber","floor":27.0,"key":"SMITH"},{"floor":32.0,"key":"DIG"},{"data":"animator:EmiyaShirou","floor":41.0,"key":"SMITH"},{"floor":45,"key":"REST"},{"floor":49,"key":"REST"}],"circlet_count":0,"master_deck":["animator:Strike_Konosuba","animator:Defend","animator:Kazuma+1","animator:Aqua","animator:Mitsurugi","animator:Mitsurugi","animator:YunYun+1","animator:Eris","animator:Saber+1","animator:Darkness+1","animator:Illya+1","animator:Archer","animator:EmiyaShirou+1","animator:Alexander","animator:Lancer+1","animator:Darkness"],"relics":["animator:LivingPicture","animator:TheMissingPiece","NeowsBlessing","Membership Card","CaptainsWheel","hubris:SlimyHat","MerchantsRug","Golden Idol","Empty Cage","animator:CerealBox","animator:EngravedStaff","Darkstone Periapt","Vampire_Amulet","White Beast Statue","Calipers","InkBottle","animator:ShionDessert","hubris:RunicObelisk","TwistedFunnel","hubris:BottledRain","HollowMod:StagPassRelic","hubris:Reverence","Replay:Multitool","hubris:Teleporter"],"acts_visited":["Exordium","TheCity","TheBeyond"],"potions_floor_usage":[44,47],"damage_taken":[{"damage":0.0,"enemies":"conspire:RoseBush","floor":1.0,"turns":1.0},{"damage":0.0,"enemies":"Jaw Worm","floor":2.0,"turns":1.0},{"damage":0.0,"enemies":"Cultist","floor":3.0,"turns":1.0},{"damage":35.0,"enemies":"Lagavulin","floor":7.0,"turns":11.0},{"damage":0.0,"enemies":"3 Louse","floor":8.0,"turns":3.0},{"damage":4.0,"enemies":"2 Fungi Beasts","floor":10.0,"turns":3.0},{"damage":5.0,"enemies":"Looter","floor":12.0,"turns":3.0},{"damage":0.0,"enemies":"3 Louse","floor":14.0,"turns":1.0},{"damage":55.0,"enemies":"Fading Forest","floor":16.0,"turns":11.0},{"damage":14.0,"enemies":"conspire:FuzzyDice","floor":18.0,"turns":6.0},{"damage":38.0,"enemies":"conspire:MimicChest","floor":20.0,"turns":7.0},{"damage":1.0,"enemies":"3 Byrds","floor":21.0,"turns":4.0},{"damage":16.0,"enemies":"Shelled Parasite and Fungi","floor":28.0,"turns":3.0},{"damage":2.0,"enemies":"Colosseum Slavers","floor":29.0,"turns":3.0},{"damage":8.0,"enemies":"Colosseum Nobs","floor":29.0,"turns":3.0},{"damage":13.0,"enemies":"Snecko","floor":30.0,"turns":5.0},{"damage":11.0,"enemies":"Centurion and Healer","floor":31.0,"turns":4.0},{"damage":7.0,"enemies":"Champ","floor":33.0,"turns":8.0},{"damage":20.0,"enemies":"3 Darklings","floor":35.0,"turns":4.0},{"damage":3.0,"enemies":"Orb Walker","floor":39.0,"turns":2.0},{"damage":22.0,"enemies":"beaked:SuperParasite","floor":40.0,"turns":5.0},{"damage":0.0,"enemies":"Maw","floor":43.0,"turns":5.0},{"damage":16,"enemies":"Maw","floor":44,"turns":4},{"damage":27,"enemies":"Reptomancer","floor":47,"turns":5},{"damage":14,"enemies":"Spire Growth","floor":48,"turns":3},{"damage":28,"enemies":"Donu and Deca","floor":50,"turns":4}],"seed_played":"-2152427911836803812","potions_obtained":[{"floor":2.0,"key":"DistilledChaos"},{"floor":7.0,"key":"Block Potion"},{"floor":10.0,"key":"PowerPotion"},{"floor":12.0,"key":"ColorlessPotion"},{"floor":14.0,"key":"construct:ShiftPotion"},{"floor":18.0,"key":"construct:ShiftPotion"},{"floor":20.0,"key":"AttackPotion"},{"floor":21.0,"key":"ColorlessPotion"},{"floor":28.0,"key":"DistilledChaos"},{"floor":29.0,"key":"Block Potion"},{"floor":30.0,"key":"ColorlessPotion"},{"floor":31.0,"key":"ColorlessPotion"},{"floor":33.0,"key":"DistilledChaos"},{"floor":35.0,"key":"BlessingOfTheForge"},{"floor":39.0,"key":"ColorlessPotion"},{"floor":40.0,"key":"Cursed Concoction"},{"floor":44,"key":"SneckoOil"},{"floor":47,"key":"Flashbang"}],"is_trial":false,"path_per_floor":["M","M","M","?","$","?","E","M","T","M","$","M","?","M","R","B",null,"M","$","?","M","?","R","?","R","T","R","M","?","M","M","R","B",null,"M","?","$","?","M","E","R","$","MIM","M","R","?","E","M","R","B",null],"character_chosen":"THE_ANIMATOR","items_purchased":["Membership Card","MerchantsRug","animator:CerealBox","animator:EngravedStaff","animator:Archer","TwistedFunnel","hubris:BottledRain","hubris:Reverence"],"campfire_rested":4,"item_purchase_floors":[5,11,19,19,37,37,37,42],"current_hp_per_floor":[66,66,66,66,66,66,31,34,34,32,32,32,16,16,36,14,67,58,58,45,49,49,67,67,67,67,67,55,61,55,53,53,53,68,52,52,52,52,56,41,41,41,48,39,59,59,47,35,55,36],"gold":167,"neow_bonus":"THREE_ENEMY_KILL","is_daily":false,"chose_seed":false,"campfire_upgraded":3,"win_rate":0.0,"timestamp":1613239678,"path_taken":["M","M","M","?","$","?","E","?","T","M","$","M","?","M","R","BOSS","M","$","?","M","?","R","?","R","T","R","M","?","M","?","R","BOSS","M","?","$","?","M","E","R","$","MIM","?","R","?","E","M","R","BOSS"],"items_purchased_type":["Relic","Relic","Relic","Relic","Card","Relic","Relic","Relic"],"build_version":"2020-12-22","purchased_purges":2,"victory":true,"max_hp_per_floor":[66,66,66,66,66,66,66,67,67,67,67,67,67,67,67,67,67,67,67,67,67,67,67,67,67,67,67,67,68,68,68,68,68,68,68,68,68,68,68,68,68,68,68,68,68,68,68,68,68,68],"card_choices":[{"not_picked":["animator:Konayuki","animator:Assassin"],"picked":"animator:Mitsurugi","floor":1.0},{"not_picked":["animator:IzunaHatsuse","animator:SuzuneAmano","animator:Emonzaemon"],"picked":"SKIP","floor":2.0},{"not_picked":["animator:HomuraAkemi","animator:Ain","animator:Rena"],"picked":"SKIP","floor":3.0},{"not_picked":["animator:Vanir","animator:Verdia"],"picked":"animator:Mitsurugi","floor":7.0},{"not_picked":["animator:IzunaHatsuse","animator:ElricAlphonse"],"picked":"animator:YunYun","floor":8.0},{"not_picked":["animator:Vanir","animator:Illya"],"picked":"animator:Eris","floor":10.0},{"not_picked":["animator:Rider","animator:Ain","animator:Alexander"],"picked":"SKIP","floor":12.0},{"not_picked":["animator:Elesis","animator:Sora"],"picked":"animator:Saber","floor":16.0},{"not_picked":["animator:Jibril+1","animator:Alexander","animator:IzunaHatsuse"],"picked":"SKIP","floor":18.0},{"not_picked":["animator:MaesHughes","animator:Greed","animator:Chung"],"picked":"SKIP","floor":21.0},{"not_picked":["animator:Gluttony+1","animator:MaesHughes","animator:ZankiKiguchi"],"picked":"SKIP","floor":28.0},{"not_picked":["animator:Vanir","animator:Verdia"],"picked":"animator:Darkness","floor":29.0},{"not_picked":["animator:Aisha","animator:MaesHughes","animator:SakuraMatou"],"picked":"SKIP","floor":30.0},{"not_picked":["animator:KyokoSakura","animator:Ara","animator:FielNirvalen"],"picked":"SKIP","floor":31.0},{"not_picked":["animator:SuzuneAmano","animator:Jibril+1"],"picked":"animator:Illya+1","floor":35.0},{"not_picked":["animator:Rider","animator:Lancer"],"picked":"animator:EmiyaShirou","floor":39.0},{"not_picked":["animator:ZankiKiguchi","animator:Hans"],"picked":"animator:Alexander","floor":40.0},{"not_picked":["animator:DolaStephanie","animator:Assassin"],"picked":"animator:Lancer+1","floor":43.0},{"not_picked":["animator:Assassin","animator:Lu+1","animator:Verdia+1"],"picked":"SKIP","floor":44},{"not_picked":["animator:Kyubey","animator:Add+1","animator:Azekura+1"],"picked":"SKIP","floor":47},{"not_picked":["animator:Kazuma","animator:Verdia"],"picked":"animator:Darkness","floor":48}],"player_experience":3014,"relics_obtained":[{"floor":7.0,"key":"CaptainsWheel"},{"floor":9.0,"key":"hubris:SlimyHat"},{"floor":20.0,"key":"Darkstone Periapt"},{"floor":26.0,"key":"White Beast Statue"},{"floor":29.0,"key":"Calipers"},{"floor":29.0,"key":"InkBottle"},{"floor":32.0,"key":"animator:ShionDessert"},{"floor":40.0,"key":"HollowMod:StagPassRelic"},{"floor":43.0,"key":"Replay:Multitool"},{"floor":47,"key":"hubris:Teleporter"}],"event_choices":[{"damage_healed":0.0,"max_hp_gain":0.0,"max_hp_loss":0.0,"gold_gain":0.0,"event_name":"Accursed Blacksmith","player_choice":"Forge","floor":6.0,"gold_loss":0.0,"damage_taken":0.0,"cards_upgraded":["animator:Kazuma"]},{"damage_healed":0.0,"max_hp_gain":0.0,"max_hp_loss":0.0,"gold_gain":0.0,"event_name":"Golden Idol","player_choice":"Take Damage","floor":13.0,"gold_loss":0.0,"damage_taken":16.0,"relics_obtained":["Golden Idol"]},{"damage_healed":0.0,"max_hp_gain":0.0,"max_hp_loss":0.0,"gold_gain":0.0,"event_name":"conspire:Investor","player_choice":"Leave","floor":24.0,"gold_loss":0.0,"damage_taken":0.0},{"damage_healed":0.0,"max_hp_gain":0.0,"max_hp_loss":0.0,"gold_gain":0.0,"event_name":"Colosseum","player_choice":"Fight","floor":29.0,"gold_loss":0.0,"damage_taken":0.0},{"damage_healed":0.0,"max_hp_gain":0.0,"max_hp_loss":0.0,"gold_gain":0.0,"event_name":"Colosseum","player_choice":"Fought Nobs","floor":29.0,"gold_loss":0.0,"damage_taken":0.0},{"cards_removed":["animator:Defend_Konosuba"],"damage_healed":0.0,"max_hp_gain":0.0,"max_hp_loss":0.0,"gold_gain":0.0,"event_name":"Falling","player_choice":"Removed Skill","floor":38.0,"gold_loss":0.0,"damage_taken":0.0},{"damage_healed":0,"gold_gain":0,"player_choice":"Ignored","damage_taken":0,"max_hp_gain":0,"max_hp_loss":0,"event_name":"NoteForYourself","floor":46,"gold_loss":0}],"is_beta":false,"boss_relics":[{"not_picked":["Honey Jar","Replay:Wanted Poster"],"picked":"Empty Cage"},{"not_picked":["Black Star","Runesmith:UraniumAnvil"],"picked":"hubris:RunicObelisk"}],"items_purged_floors":[11,37],"is_endless":false,"potions_floor_spawned":[2,7,10,12,14,18,20,21,28,29,29,30,31,33,35,39,40,43,44,47,48],"ascension_level":0}}