{"host":"dw8ij7emqco3quom","time":1613177220,"event":{"mods":["BaseMod","Minty Spire (QoL Compilation)"],"gold_per_floor":[113,128,128,147,69,69,112,112,112,112,148,160,207,234,246,382,394,421,433,470,505,99,130,154,154,204,222,266,284,67,88,88,88,88],"floor_reached":33,"language":"FRA","playtime":1759,"items_purged":["Strike_R","Strike_R"],"score":447,"play_id":"c6f7bd25-75d2-4c42-b36a-494fd8ff9cf1","local_time":"20210213014700","is_ascension_mode":true,"campfire_choices":[{"data":"Body Slam","floor":6.0,"key":"SMITH"},{"floor":10.0,"key":"REST"},{"floor":15,"key":"REST"},{"floor":25,"key":"REST"},{"data":"Armaments","floor":32,"key":"SMITH"}],"circlet_count":0,"master_deck":["Strike_R","Strike_R","Strike_R","Defend_R","Defend_R","Defend_R","Defend_R","Bash","Flex","Flame Barrier","Body Slam+1","Dual Wield","Immolate","Ghostly Armor","Spot Weakness","Shrug It Off","Double Tap","Headbutt+1","Body Slam+1","Barricade","Pommel Strike","Mayhem","Spot Weakness+1","Impervious","Intimidate","Intimidate","Uppercut+1","Seeing Red","Armaments+1"],"relics":["Burning Blood","NeowsBlessing","Golden Idol","Ornamental Fan","MawBank","Spirit Poop","HornCleat","Sozu","Anchor","Prayer Wheel","Blood Vial","Juzu Bracelet","Membership Card"],"acts_visited":["Exordium","TheCity"],"potions_floor_usage":[16,29],"damage_taken":[{"damage":0.0,"enemies":"Jaw Worm","floor":1.0,"turns":1.0},{"damage":0.0,"enemies":"2 Louse","floor":2.0,"turns":1.0},{"damage":0.0,"enemies":"Small Slimes","floor":4.0,"turns":1.0},{"damage":55.0,"enemies":"Lagavulin","floor":7.0,"turns":8.0},{"damage":28.0,"enemies":"3 Sentries","floor":11.0,"turns":8.0},{"damage":24,"enemies":"Gremlin Nob","floor":13,"turns":4},{"damage":9,"enemies":"Red Slaver","floor":14,"turns":2},{"damage":33,"enemies":"Hexaghost","floor":16,"turns":12},{"damage":20,"enemies":"2 Thieves","floor":18,"turns":4},{"damage":0,"enemies":"Shell Parasite","floor":20,"turns":2},{"damage":27,"enemies":"Shelled Parasite and Fungi","floor":21,"turns":5},{"damage":0,"enemies":"Gremlin Leader","floor":23,"turns":3},{"damage":2,"enemies":"Snake Plant","floor":24,"turns":2},{"damage":0,"enemies":"Centurion and Healer","floor":27,"turns":4},{"damage":30,"enemies":"Slavers","floor":28,"turns":7},{"damage":0,"enemies":"Snecko","floor":29,"turns":3},{"damage":6,"enemies":"Snake Plant","floor":31,"turns":4},{"damage":68,"enemies":"Automaton","floor":33,"turns":6}],"seed_played":"6337820227643746961","potions_obtained":[{"floor":2.0,"key":"Swift Potion"},{"floor":13,"key":"LiquidMemories"},{"floor":16,"key":"Ancient Potion"}],"is_trial":false,"path_per_floor":["M","M","?","M","$","R","E","?","T","R","E","?","E","M","R","B",null,"M","?","M","M","$","E","M","R","T","M","E","M","$","M","R","B"],"character_chosen":"IRONCLAD","items_purchased":["Dual Wield","Mayhem","Anchor","Membership Card","Seeing Red"],"campfire_rested":3,"item_purchase_floors":[5,22,22,30,30],"current_hp_per_floor":[78,80,80,80,80,80,31,57,57,80,58,58,40,37,61,34,69,55,55,61,40,40,46,50,74,74,80,56,64,64,66,66,0,0],"gold":88,"neow_bonus":"THREE_ENEMY_KILL","is_daily":false,"chose_seed":false,"campfire_upgraded":2,"win_rate":0.0,"timestamp":1613177220,"path_taken":["M","M","?","M","$","R","E","?","T","R","E","?","E","?","R","BOSS","M","?","?","M","$","E","M","R","T","M","E","M","$","M","R","BOSS"],"items_purchased_type":["Card","Card","Relic","Relic","Card"],"build_version":"2020-12-22","purchased_purges":2,"victory":false,"max_hp_per_floor":[80,80,80,80,80,80,80,80,80,80,80,80,80,80,80,80,80,80,80,80,80,80,80,80,80,80,80,80,80,80,80,80,80,80],"card_choices":[{"not_picked":["Hemokinesis","Heavy Blade"],"picked":"Flex","floor":1.0},{"not_picked":["Pommel Strike","Cleave"],"picked":"Flame Barrier","floor":2.0},{"not_picked":["Wild Strike","Flex"],"picked":"Body Slam","floor":4.0},{"not_picked":["Dark Embrace","Rupture","Immolate"],"picked":"SKIP","floor":7.0},{"not_picked":["Dark Embrace","Rupture"],"picked":"Immolate","floor":7.0},{"not_picked":["Flex","True Grit"],"picked":"Ghostly Armor","floor":11.0},{"not_picked":["Combust","Reckless Charge"],"picked":"Spot Weakness","floor":13},{"not_picked":["Battle Trance","Spot Weakness"],"picked":"Shrug It Off","floor":14},{"not_picked":["Bludgeon","Reaper"],"picked":"Double Tap","floor":16},{"not_picked":["Evolve","Sword Boomerang+1"],"picked":"Headbutt+1","floor":18},{"not_picked":["Iron Wave","True Grit"],"picked":"Barricade","floor":20},{"not_picked":["Uppercut","Cleave","Pommel Strike"],"picked":"SKIP","floor":21},{"not_picked":["Uppercut","Cleave"],"picked":"Pommel Strike","floor":21},{"not_picked":["Wild Strike","Perfected Strike+1","Brutality"],"picked":"SKIP","floor":23},{"not_picked":["Iron Wave+1","Sever Soul+1"],"picked":"Spot Weakness+1","floor":24},{"not_picked":["Anger","Clothesline+1","Iron Wave"],"picked":"SKIP","floor":24},{"not_picked":["Cleave+1","Headbutt+1"],"picked":"Impervious","floor":27},{"not_picked":["Heavy Blade","Sword Boomerang","Sentinel"],"picked":"SKIP","floor":27},{"not_picked":["Flex+1","Anger+1"],"picked":"Intimidate","floor":28},{"not_picked":["Sword Boomerang+1","Wild Strike+1"],"picked":"Intimidate","floor":29},{"not_picked":["Carnage","Metallicize"],"picked":"Uppercut+1","floor":29},{"not_picked":["Rupture","Whirlwind"],"picked":"Armaments","floor":31},{"not_picked":["Anger","Sever Soul","Warcry+1"],"picked":"SKIP","floor":31}],"player_experience":732365,"relics_obtained":[{"floor":7.0,"key":"Ornamental Fan"},{"floor":11.0,"key":"MawBank"},{"floor":13,"key":"HornCleat"},{"floor":23,"key":"Prayer Wheel"},{"floor":26,"key":"Blood Vial"},{"floor":28,"key":"Juzu Bracelet"}],"event_choices":[{"damage_healed":0.0,"max_hp_gain":0.0,"max_hp_loss":0.0,"gold_gain":0.0,"event_name":"Golden Idol","player_choice":"Take Wound","floor":3.0,"gold_loss":0.0,"damage_taken":0.0,"relics_obtained":["Golden Idol"],"cards_obtained":["Injury"]},{"damage_healed":26.0,"max_hp_gain":0.0,"max_hp_loss":0.0,"gold_gain":0.0,"event_name":"Big Fish","player_choice":"Banana","floor":8.0,"gold_loss":0.0,"damage_taken":0.0},{"cards_removed":["Injury"],"damage_healed":0.0,"max_hp_gain":0.0,"max_hp_loss":0.0,"gold_gain":0.0,"event_name":"Bonfire Elementals","player_choice":"Offered Curse","floor":12.0,"gold_loss":0.0,"damage_taken":0.0,"relics_obtained":["Spirit Poop"]},{"damage_healed":0,"gold_gain":0,"player_choice":"Copied","damage_taken":0,"max_hp_gain":0,"max_hp_loss":0,"event_name":"Duplicator","floor":19,"gold_loss":0,"cards_obtained":["Body Slam"]}],"is_beta":false,"boss_relics":[{"not_picked":["Velvet Choker","Black Star"],"picked":"Sozu"}],"items_purged_floors":[22,30],"is_endless":false,"potions_floor_spawned":[2,13,16,20,24,28],"killed_by":"Automaton","ascension_level":7}}