{"host":"86nc795wsqxyrbm0","time":1613227217,"event":{"mods":["AchievementEnabler","BaseMod","Colored Map","Minty Spire (QoL Compilation)","StSLib"],"gold_per_floor":[115,132,112,130,100,130,130,165,215,247,172,143,143,160,160,265,265,275,292,44,63,81,98,98,126,149,174,174,61,81,109,109,205,205,222,242,242,257,52,52,80,80,105,140,140,152,152,177,177,177],"floor_reached":51,"language":"ENG","playtime":3401,"items_purged":["Strike_G","Strike_G","Strike_G"],"score":1201,"play_id":"de2e9b99-4d74-4c29-817f-69bb3dd2eb2d","local_time":"20210213144017","is_ascension_mode":true,"campfire_choices":[{"floor":13,"key":"REST"},{"data":"Noxious Fumes","floor":15,"key":"SMITH"},{"data":"Caltrops","floor":24,"key":"SMITH"},{"data":"Caltrops","floor":32,"key":"SMITH"},{"data":"Footwork","floor":40,"key":"SMITH"},{"data":"Noxious Fumes","floor":42,"key":"SMITH"},{"data":"Bouncing Flask","floor":47,"key":"SMITH"},{"floor":49,"key":"REST"}],"circlet_count":0,"master_deck":["Strike_G","Strike_G","Defend_G","Defend_G","Defend_G","Defend_G","Defend_G","Survivor","Neutralize+1","Footwork+1","Footwork+1","Footwork+1","Dash","Caltrops+1","Cloak And Dagger","Noxious Fumes+1","Dodge and Roll","Deflect","Backstab","Catalyst+1","Blur","Caltrops+1","Corpse Explosion","Bouncing Flask+1","Deadly Poison","Noxious Fumes+1","Dodge and Roll+1"],"relics":["Ring of the Snake","Torii","White Beast Statue","MealTicket","Orichalcum","Velvet Choker","TwistedFunnel","Snake Skull","Art of War","Anchor","Nloth\u0027s Gift","Bronze Scales","Sozu","Oddly Smooth Stone","Potion Belt","Gremlin Horn","Smiling Mask"],"acts_visited":["Exordium","TheCity","TheBeyond"],"potions_floor_usage":[5,6,6,6,6,10,12,50,50],"damage_taken":[{"damage":1,"enemies":"2 Louse","floor":1,"turns":3},{"damage":0,"enemies":"Cultist","floor":2,"turns":5},{"damage":0,"enemies":"Small Slimes","floor":4,"turns":5},{"damage":0,"enemies":"Looter","floor":5,"turns":4},{"damage":1,"enemies":"Gremlin Nob","floor":6,"turns":5},{"damage":10,"enemies":"Lagavulin","floor":8,"turns":16},{"damage":11,"enemies":"3 Sentries","floor":10,"turns":10},{"damage":7,"enemies":"Exordium Thugs","floor":12,"turns":5},{"damage":0,"enemies":"2 Fungi Beasts","floor":14,"turns":5},{"damage":1,"enemies":"Hexaghost","floor":16,"turns":11},{"damage":0,"enemies":"Shell Parasite","floor":18,"turns":7},{"damage":0,"enemies":"3 Byrds","floor":19,"turns":2},{"damage":1,"enemies":"Snake Plant","floor":21,"turns":5},{"damage":0,"enemies":"Cultist and Chosen","floor":22,"turns":8},{"damage":16,"enemies":"Snecko","floor":23,"turns":6},{"damage":0,"enemies":"Book of Stabbing","floor":25,"turns":6},{"damage":14,"enemies":"Gremlin Leader","floor":27,"turns":7},{"damage":1,"enemies":"Centurion and Healer","floor":30,"turns":7},{"damage":13,"enemies":"Book of Stabbing","floor":31,"turns":5},{"damage":10,"enemies":"Champ","floor":33,"turns":13},{"damage":0,"enemies":"3 Darklings","floor":35,"turns":2},{"damage":10,"enemies":"3 Shapes","floor":36,"turns":4},{"damage":16,"enemies":"Spire Growth","floor":38,"turns":5},{"damage":0,"enemies":"Giant Head","floor":41,"turns":7},{"damage":9,"enemies":"Nemesis","floor":44,"turns":5},{"damage":7,"enemies":"Maw","floor":46,"turns":5},{"damage":1,"enemies":"Giant Head","floor":48,"turns":7},{"damage":50,"enemies":"Awakened One","floor":50,"turns":12}],"seed_played":"-6073977411041609613","potions_obtained":[{"floor":1,"key":"DistilledChaos"},{"floor":2,"key":"EntropicBrew"},{"floor":3,"key":"GhostInAJar"},{"floor":8,"key":"PowerPotion"},{"floor":10,"key":"LiquidBronze"},{"floor":12,"key":"CultistPotion"},{"floor":14,"key":"Explosive Potion"},{"floor":16,"key":"Strength Potion"},{"floor":21,"key":"Poison Potion"},{"floor":25,"key":"DuplicationPotion"}],"is_trial":false,"path_per_floor":["M","M","?","M","M","E","?","E","T","E","$","M","R","M","R","B",null,"M","M","$","M","M","M","R","E","T","E","?","$","M","E","R","B",null,"M","M","?","M","$","R","E","R","T","E","$","M","R","E","R","B",null],"character_chosen":"THE_SILENT","items_purchased":["TwistedFunnel","Blur","Caltrops","Noxious Fumes"],"campfire_rested":2,"item_purchase_floors":[20,29,29,39],"current_hp_per_floor":[44,44,44,44,44,43,29,19,19,8,23,16,37,37,37,36,62,62,62,70,69,69,53,53,53,53,39,39,54,53,40,40,30,60,60,50,50,34,49,49,49,49,49,40,55,48,48,47,68,18],"gold":177,"neow_bonus":"ONE_RARE_RELIC","is_daily":false,"chose_seed":false,"campfire_upgraded":6,"win_rate":0.0,"timestamp":1613227217,"path_taken":["M","M","?","?","M","E","?","E","T","E","$","M","R","M","R","BOSS","M","M","$","M","M","M","R","E","T","E","?","?","M","E","R","BOSS","M","M","?","?","$","R","E","R","T","E","$","M","R","E","R","BOSS"],"items_purchased_type":["Relic","Card","Card","Card"],"build_version":"2020-12-22","purchased_purges":3,"victory":true,"max_hp_per_floor":[70,70,70,70,70,70,70,70,70,70,70,70,70,70,70,70,70,70,70,70,70,70,70,70,70,70,70,70,70,70,70,70,70,70,70,70,70,70,70,70,70,70,70,70,70,70,70,70,70,70],"card_choices":[{"not_picked":["Deflect","Predator"],"picked":"Footwork","floor":1},{"not_picked":["Blur","Deadly Poison"],"picked":"Footwork","floor":2},{"not_picked":["Riddle With Holes","Quick Slash"],"picked":"Footwork","floor":4},{"not_picked":["Calculated Gamble","Predator"],"picked":"Dash","floor":5},{"not_picked":["Tactician","Outmaneuver","Eviscerate"],"picked":"SKIP","floor":6},{"not_picked":["Bane","All Out Attack"],"picked":"Caltrops","floor":8},{"not_picked":["Quick Slash","Finisher"],"picked":"Cloak And Dagger","floor":10},{"not_picked":["Distraction","Heel Hook","Dagger Spray"],"picked":"SKIP","floor":12},{"not_picked":["Well Laid Plans","Eviscerate"],"picked":"Noxious Fumes","floor":14},{"not_picked":["Blade Dance","Sucker Punch+1"],"picked":"Dodge and Roll","floor":18},{"not_picked":["Acrobatics","Calculated Gamble"],"picked":"Deflect","floor":19},{"not_picked":["Finisher+1","Dagger Spray","Cloak And Dagger+1"],"picked":"SKIP","floor":21},{"not_picked":["Blur","Outmaneuver"],"picked":"Backstab","floor":22},{"not_picked":["Caltrops","Sucker Punch+1"],"picked":"Catalyst+1","floor":23},{"not_picked":["Quick Slash+1","Underhanded Strike+1","Venomology"],"picked":"SKIP","floor":25},{"not_picked":["Distraction","Quick Slash","Outmaneuver"],"picked":"SKIP","floor":27},{"not_picked":["Expertise","Outmaneuver+1","Quick Slash"],"picked":"SKIP","floor":30},{"not_picked":["Endless Agony","Terror"],"picked":"Corpse Explosion","floor":31},{"not_picked":["Flying Knee+1","Prepared","Acrobatics"],"picked":"SKIP","floor":35},{"not_picked":["Underhanded Strike+1","Flying Knee"],"picked":"Bouncing Flask","floor":36},{"not_picked":["Setup","Concentrate"],"picked":"Deadly Poison","floor":38},{"not_picked":["Bullet Time","Distraction","Sucker Punch"],"picked":"SKIP","floor":41},{"not_picked":["Sucker Punch+1","Terror+1","Backflip"],"picked":"SKIP","floor":44},{"not_picked":["Night Terror","Quick Slash"],"picked":"Dodge and Roll+1","floor":46},{"not_picked":["Calculated Gamble","Adrenaline","Flying Knee"],"picked":"SKIP","floor":48}],"player_experience":564174,"relics_obtained":[{"floor":6,"key":"White Beast Statue"},{"floor":8,"key":"MealTicket"},{"floor":9,"key":"Orichalcum"},{"floor":10,"key":"Pen Nib"},{"floor":25,"key":"Snake Skull"},{"floor":26,"key":"Art of War"},{"floor":27,"key":"Anchor"},{"floor":31,"key":"Bronze Scales"},{"floor":41,"key":"Oddly Smooth Stone"},{"floor":43,"key":"Potion Belt"},{"floor":44,"key":"Gremlin Horn"},{"floor":48,"key":"Smiling Mask"}],"event_choices":[{"damage_healed":0,"gold_gain":0,"player_choice":"Bought 1 Potion","damage_taken":0,"max_hp_gain":0,"max_hp_loss":0,"event_name":"The Woman in Blue","floor":3,"gold_loss":0},{"damage_healed":0,"gold_gain":0,"player_choice":"Entered Light","damage_taken":14,"max_hp_gain":0,"max_hp_loss":0,"event_name":"Shining Light","floor":7,"gold_loss":0,"cards_upgraded":["Footwork","Neutralize"]},{"damage_healed":0,"gold_gain":0,"player_choice":"Traded Relic","damage_taken":0,"relics_obtained":["Nloth\u0027s Gift"],"max_hp_gain":0,"max_hp_loss":0,"event_name":"N\u0027loth","floor":28,"relics_lost":["Pen Nib"],"gold_loss":0},{"damage_healed":0,"gold_gain":0,"player_choice":"Forge","damage_taken":0,"max_hp_gain":0,"max_hp_loss":0,"event_name":"Accursed Blacksmith","floor":37,"gold_loss":0,"cards_upgraded":["Footwork"]}],"is_beta":false,"boss_relics":[{"not_picked":["Astrolabe","Fusion Hammer"],"picked":"Velvet Choker"},{"not_picked":["Ring of the Serpent","Black Star"],"picked":"Sozu"}],"items_purged_floors":[11,20,39],"is_endless":false,"potions_floor_spawned":[1,2,8,10,12,14,16,18,19,21,22,23,25,27,30,31,33,35,36,38,41,44,46,48],"ascension_level":8}}