{"host":"gh97pv908ci4ql26","time":1613246487,"event":{"mods":["AchievementEnabler","BaseMod","Beaked The Cultist","Better Altar","Better Match","Better Note","Better Sensory Stone","Better Skull","Better Third Choice","Block Reminder","Colored Powertips","Curses Come First","Disable Question Mark Monsters","Displayed Cursed Tome","Emptier Cage","Googly Eyes","Highlight Path","Ironclad Rager","Minty Spire (QoL Compilation)","Permanent Neow","Poor People Problems","Quick Restart","Rare Cards Sparkle","Relic Sorter","Shop Mod","Smile Girya","StSLib","TheVacant","everything is the same but u backflip on backflip","slay the spire mod where everything is the same but ironclad has a cowboy hat"],"gold_per_floor":[16,0,20,20,20,20,54,54,54,80,96,96,96,113,113,217,217,230,230,230,230,69,104,116,128,164,176,206,125,125,136,136,234,234,249,174,174,193,209,209,224,224,249,249,269,299,299,313,313,313,313],"floor_reached":50,"language":"ENG","playtime":5657,"items_purged":[],"score":546,"play_id":"f07d2b51-a9a3-4ea1-ab5d-bab680804f1a","local_time":"20210213120127","is_ascension_mode":false,"campfire_choices":[{"data":"Enlightenment","floor":6.0,"key":"SMITH"},{"floor":8.0,"key":"REST"},{"data":"Dualcast","floor":13.0,"key":"SMITH"},{"data":"Loop","floor":15.0,"key":"SMITH"},{"floor":24.0,"key":"REST"},{"floor":25.0,"key":"REST"},{"data":"Reboot","floor":27.0,"key":"SMITH"},{"data":"Hologram","floor":30.0,"key":"SMITH"},{"data":"Machine Learning","floor":32.0,"key":"SMITH"},{"floor":40.0,"key":"RECALL"},{"data":"Seek","floor":42.0,"key":"SMITH"},{"floor":44.0,"key":"REST"},{"floor":49.0,"key":"REST"}],"circlet_count":0,"master_deck":["Zap","Dualcast+1","Cold Snap+1","Leap","Leap","Leap+1","Leap","Enlightenment+1","Beam Cell","Seek+1","Turbo","Gash","Rebound+1","Loop+1","Reboot+1","Beam Cell","FTL","Seek+1","Machine Learning+1","Skim","Hologram+1","ICR:FrostFall","Gash","Echo Form","Coolheaded+1","Metamorphosis+1","Reboot+1","Madness","Madness","Redo+1","Parasite","Turbo+1","Beam Cell+1","Pain","Gash+1"],"relics":["Cracked Core","WingedGreaves","Question Card","Potion Belt","War Paint","Empty Cage","StoneCalendar","MawBank","Whetstone","beaked:MawFillet","Pen Nib","WarpedTongs"],"acts_visited":["Exordium","TheCity","TheBeyond"],"potions_floor_usage":[50,50],"damage_taken":[{"damage":2.0,"enemies":"Jaw Worm","floor":1.0,"turns":3.0},{"damage":0.0,"enemies":"2 Louse","floor":3.0,"turns":2.0},{"damage":18.0,"enemies":"Lagavulin","floor":7.0,"turns":6.0},{"damage":6.0,"enemies":"3 Sentries","floor":10.0,"turns":6.0},{"damage":0.0,"enemies":"Small Slimes","floor":11.0,"turns":2.0},{"damage":1.0,"enemies":"Gremlin Gang","floor":14.0,"turns":4.0},{"damage":29.0,"enemies":"Hexaghost","floor":16.0,"turns":12.0},{"damage":9.0,"enemies":"2 Thieves","floor":18.0,"turns":5.0},{"damage":62.0,"enemies":"Gremlin Leader","floor":23.0,"turns":7.0},{"damage":0.0,"enemies":"Shell Parasite","floor":28.0,"turns":3.0},{"damage":3.0,"enemies":"Snecko","floor":31.0,"turns":7.0},{"damage":13.0,"enemies":"Automaton","floor":33.0,"turns":7.0},{"damage":5.0,"enemies":"3 Shapes","floor":35.0,"turns":5.0},{"damage":12.0,"enemies":"3 Darklings","floor":38.0,"turns":3.0},{"damage":0.0,"enemies":"Writhing Mass","floor":39.0,"turns":7.0},{"damage":18.0,"enemies":"4 Shapes","floor":41.0,"turns":3.0},{"damage":12.0,"enemies":"Maw","floor":45.0,"turns":5.0},{"damage":4.0,"enemies":"Giant Head","floor":46.0,"turns":7.0},{"damage":34.0,"enemies":"Writhing Mass","floor":48.0,"turns":4.0},{"damage":30,"enemies":"Awakened One","floor":50,"turns":2}],"seed_played":"3283071261436477834","potions_obtained":[{"floor":3.0,"key":"SneckoOil"},{"floor":11.0,"key":"LiquidMemories"},{"floor":14.0,"key":"ColorlessPotion"},{"floor":23.0,"key":"Explosive Potion"},{"floor":28.0,"key":"Ancient Potion"},{"floor":33.0,"key":"Explosive Potion"},{"floor":35.0,"key":"LiquidMemories"},{"floor":39.0,"key":"PowerPotion"},{"floor":45.0,"key":"Block Potion"},{"floor":48.0,"key":"Strength Potion"}],"is_trial":false,"path_per_floor":["M","?","M","?","?","R","E","R","T","E","M","?","R","M","R","B",null,"M","?","?","?","$","E","R","R","T","R","M","$","R","M","R","B",null,"M","?","?","M","M","R","M","R","T","R","M","E","?","M","R","B"],"character_chosen":"DEFECT","items_purchased":["Seek","Hologram","ICR:FrostFall"],"campfire_rested":5,"item_purchase_floors":[22,29,29],"current_hp_per_floor":[48,54,54,42,47,47,29,52,52,46,46,46,46,45,45,16,79,70,70,70,70,70,8,31,54,54,54,54,54,54,51,51,38,79,74,74,64,52,52,52,34,34,34,57,45,41,41,7,30,0,0],"gold":313,"neow_bonus":"DEFECT_STORMLORD","is_daily":false,"chose_seed":false,"campfire_upgraded":7,"win_rate":0.0,"timestamp":1613246487,"path_taken":["M","?","M","?","?","R","E","R","T","E","M","?","R","?","R","BOSS","M","?","?","?","$","E","R","R","T","R","M","?","R","M","R","BOSS","M","?","?","M","M","R","M","R","T","R","M","E","?","?","R","BOSS"],"items_purchased_type":["Card","Card","Card"],"build_version":"2020-12-22","purchased_purges":0,"victory":false,"max_hp_per_floor":[68,74,74,74,79,79,79,79,79,79,79,79,79,79,79,79,79,79,79,79,79,79,79,79,79,79,79,79,79,79,79,79,79,79,79,79,79,79,79,79,79,79,79,79,79,79,79,79,79,79,79],"card_choices":[{"not_picked":["Reprogram","Leap","Conserve Battery"],"picked":"SKIP","floor":1.0},{"not_picked":["Force Field","Doom and Gloom"],"picked":"Beam Cell","floor":3.0},{"not_picked":["Turbo","Hello World"],"picked":"Seek","floor":7.0},{"not_picked":["Compile Driver","Double Energy","Heatsinks"],"picked":"Turbo","floor":10.0},{"not_picked":["Sweeping Beam","Undo","White Noise"],"picked":"Gash","floor":11.0},{"not_picked":["Stack","Turbo","Blizzard"],"picked":"Loop","floor":14.0},{"not_picked":["Creative AI","Amplify","Rainbow"],"picked":"Reboot","floor":16.0},{"not_picked":["Streamline","Ball Lightning","Rebound+1"],"picked":"Beam Cell","floor":18.0},{"not_picked":["Rebound+1","Storm","Barrage+1"],"picked":"Machine Learning","floor":23.0},{"not_picked":["Turbo","Leap","Sweeping Beam"],"picked":"Skim","floor":28.0},{"not_picked":["Hologram","Turbo","Doom and Gloom+1"],"picked":"Gash","floor":31.0},{"not_picked":["Hyperbeam","Creative AI","Biased Cognition"],"picked":"Echo Form","floor":33.0},{"not_picked":["Rebound+1","Leap","Glacier+1"],"picked":"Coolheaded+1","floor":35.0},{"not_picked":["Master of Strategy+1","Magnetism+1","Mayhem+1"],"picked":"Metamorphosis+1","floor":36.0},{"not_picked":["ICR:Cyclone+1","Machine Learning+1","Electrodynamics+1"],"picked":"Reboot+1","floor":36.0},{"not_picked":["Conserve Battery+1","Compile Driver+1","Reinforced Body+1"],"picked":"Redo+1","floor":38.0},{"not_picked":["Sweeping Beam+1","Thunder Strike","Rebound","Conserve Battery+1"],"picked":"SKIP","floor":39.0},{"not_picked":["FTL","Skim","Conserve Battery+1"],"picked":"Turbo+1","floor":41.0},{"not_picked":["Blizzard+1","Rip and Tear","Ball Lightning","Consume"],"picked":"SKIP","floor":45.0},{"not_picked":["Lockon","Stack+1","Rebound+1"],"picked":"Beam Cell+1","floor":46.0},{"not_picked":["Ball Lightning","Undo+1","Sweeping Beam"],"picked":"Gash+1","floor":48.0}],"player_experience":129778,"relics_obtained":[{"floor":7.0,"key":"Question Card"},{"floor":9.0,"key":"Potion Belt"},{"floor":10.0,"key":"War Paint"},{"floor":23.0,"key":"MawBank"},{"floor":26.0,"key":"Whetstone"},{"floor":46.0,"key":"Pen Nib"}],"event_choices":[{"damage_healed":0.0,"max_hp_gain":0.0,"max_hp_loss":0.0,"gold_gain":0.0,"event_name":"betterThird:BetterSerpent","player_choice":"RENOUNCE","floor":2.0,"gold_loss":16.0,"damage_taken":16.0,"cards_obtained":["Enlightenment"]},{"damage_healed":0.0,"max_hp_gain":0.0,"max_hp_loss":0.0,"gold_gain":0.0,"event_name":"betterThird:BetterScrap","player_choice":"Relic ","floor":4.0,"gold_loss":0.0,"damage_taken":12.0,"cards_obtained":["Searing Blow"]},{"damage_healed":0.0,"max_hp_gain":5.0,"max_hp_loss":0.0,"gold_gain":0.0,"event_name":"Big Fish","player_choice":"Donut","floor":5.0,"gold_loss":0.0,"damage_taken":0.0},{"damage_healed":0.0,"max_hp_gain":0.0,"max_hp_loss":0.0,"gold_gain":0.0,"cards_transformed":["Ball Lightning"],"event_name":"Transmorgrifier","player_choice":"Transformed","floor":12.0,"gold_loss":0.0,"damage_taken":0.0,"cards_obtained":["Rebound"]},{"cards_removed":["Enlightenment"],"damage_healed":0.0,"max_hp_gain":0.0,"max_hp_loss":0.0,"gold_gain":0.0,"event_name":"betterNote:BetterNote","player_choice":"Give","floor":19.0,"gold_loss":0.0,"damage_taken":0.0,"cards_obtained":["Strike_B"]},{"damage_healed":0.0,"max_hp_gain":0.0,"max_hp_loss":0.0,"gold_gain":0.0,"event_name":"The Library","player_choice":"Read","floor":20.0,"gold_loss":0.0,"damage_taken":0.0,"cards_obtained":["FTL"]},{"damage_healed":0.0,"max_hp_gain":0.0,"max_hp_loss":0.0,"gold_gain":0.0,"event_name":"The Mausoleum","player_choice":"Opened","floor":21.0,"gold_loss":0.0,"damage_taken":0.0,"relics_obtained":["StoneCalendar"]},{"damage_healed":0.0,"max_hp_gain":0.0,"max_hp_loss":0.0,"gold_gain":0.0,"event_name":"betterThird:BetterPortal","player_choice":"Random: Orange","floor":36.0,"gold_loss":0.0,"damage_taken":0.0},{"damage_healed":0.0,"max_hp_gain":0.0,"max_hp_loss":0.0,"gold_gain":0.0,"event_name":"betterMatch:BetterMatch","player_choice":"2","floor":36.0,"gold_loss":0.0,"damage_taken":0.0,"cards_obtained":["betterMatch:ColorlessRareCard","betterMatch:RareCard"]},{"damage_healed":0.0,"max_hp_gain":0.0,"max_hp_loss":0.0,"gold_gain":0.0,"event_name":"Winding Halls","player_choice":"Embrace Madness","floor":37.0,"gold_loss":0.0,"damage_taken":10.0,"cards_obtained":["Madness","Madness"]},{"damage_healed":0.0,"max_hp_gain":0.0,"max_hp_loss":0.0,"gold_gain":0.0,"event_name":"Accursed Blacksmith","player_choice":"Rummage","floor":47.0,"gold_loss":0.0,"damage_taken":0.0,"relics_obtained":["WarpedTongs"],"cards_obtained":["Pain"]}],"is_beta":false,"boss_relics":[{"not_picked":["Fusion Hammer","Cursed Key"],"picked":"Empty Cage"},{"not_picked":["Runic Pyramid","Busted Crown"],"picked":"beaked:MawFillet"}],"items_purged_floors":[],"is_endless":false,"potions_floor_spawned":[3,11,14,23,28,33,35,39,45,48],"killed_by":"Awakened One","ascension_level":0}}