{"host":"xb2tau8pgi8aflss","time":1613219234,"event":{"mods":["AchievementEnabler","BaseMod","Hermit","Minty Spire (QoL Compilation)","StSLib","SuperFastMode"],"gold_per_floor":[118,118,135,53,72,72,83,117,117,117,83,103,121,200,200,200,200],"floor_reached":16,"language":"KOR","playtime":424,"items_purged":[],"score":127,"play_id":"0caf524a-d7b4-4984-8057-ddc6b8f24534","local_time":"20210213212714","daily_mods":["SealedDeck","Heirloom"],"is_ascension_mode":false,"campfire_choices":[{"data":"Dark Embrace","floor":6.0,"key":"SMITH"},{"data":"Feel No Pain","floor":10.0,"key":"SMITH"},{"data":"True Grit","floor":15.0,"key":"SMITH"}],"circlet_count":0,"master_deck":["Entrench","Shrug It Off","Cleave","Sever Soul","Body Slam","True Grit+1","Armaments+1","Shrug It Off","Dark Embrace+1","Feel No Pain","Pommel Strike","Battle Trance","Evolve","Feel No Pain+1","Bludgeon","Dark Embrace","Ghostly Armor","Feel No Pain","Fire Breathing","True Grit","Body Slam"],"relics":["Snecko Eye","Prayer Wheel","Question Card","Ornamental Fan"],"acts_visited":["Exordium"],"potions_floor_usage":[16],"damage_taken":[{"damage":0.0,"enemies":"Small Slimes","floor":1.0,"turns":3.0},{"damage":0.0,"enemies":"Cultist","floor":3.0,"turns":4.0},{"damage":0.0,"enemies":"Jaw Worm","floor":5.0,"turns":3.0},{"damage":0.0,"enemies":"2 Fungi Beasts","floor":7.0,"turns":3.0},{"damage":0.0,"enemies":"Gremlin Nob","floor":8.0,"turns":3.0},{"damage":0.0,"enemies":"Looter","floor":12.0,"turns":2.0},{"damage":0.0,"enemies":"Exordium Wildlife","floor":13.0,"turns":2.0},{"damage":17,"enemies":"The Guardian","floor":16,"turns":2}],"seed_played":"4525862695718008486","potions_obtained":[{"floor":1.0,"key":"EssenceOfSteel"},{"floor":7.0,"key":"Block Potion"},{"floor":12.0,"key":"Dexterity Potion"}],"is_trial":true,"path_per_floor":["M","?","M","$","M","R","M","E","T","R","$","M","M","?","R","B"],"character_chosen":"IRONCLAD","items_purchased":["Evolve","Feel No Pain"],"campfire_rested":0,"item_purchase_floors":[4,11],"current_hp_per_floor":[1,1,1,1,1,1,1,1,1,1,1,1,1,1,1,0,0],"gold":200,"neow_bonus":"","is_daily":false,"chose_seed":false,"campfire_upgraded":3,"win_rate":0.0,"timestamp":1613219234,"path_taken":["M","?","?","$","M","R","M","E","T","R","?","M","M","?","R","BOSS"],"items_purchased_type":["Card","Card"],"build_version":"2020-12-22","purchased_purges":0,"victory":false,"max_hp_per_floor":[1,1,1,1,1,1,1,1,1,1,1,1,1,1,1,1,1],"card_choices":[{"not_picked":["Flex","Wild Strike"],"picked":"Pommel Strike","floor":1.0},{"not_picked":["Havoc","Warcry"],"picked":"Battle Trance","floor":1.0},{"not_picked":["Flex","Havoc","Anger"],"picked":"SKIP","floor":3.0},{"not_picked":["Armaments","Sword Boomerang","Wild Strike"],"picked":"SKIP","floor":3.0},{"not_picked":["Twin Strike","Shrug It Off"],"picked":"Feel No Pain","floor":5.0},{"not_picked":["Whirlwind","Intimidate","Inflame"],"picked":"SKIP","floor":5.0},{"not_picked":["Havoc","Headbutt"],"picked":"Bludgeon","floor":7.0},{"not_picked":["Armaments","Hemokinesis"],"picked":"Dark Embrace","floor":7.0},{"not_picked":["Twin Strike","Heavy Blade"],"picked":"Ghostly Armor","floor":8.0},{"not_picked":["Ghostly Armor","Warcry","Shockwave"],"picked":"Fire Breathing","floor":12.0},{"not_picked":["Rampage","Clothesline","Perfected Strike","Havoc"],"picked":"SKIP","floor":12.0},{"not_picked":["Clash","Metallicize","Demon Form"],"picked":"True Grit","floor":13.0},{"not_picked":["Burning Pact","Wild Strike","Warcry"],"picked":"Body Slam","floor":13.0}],"player_experience":834797,"relics_obtained":[{"floor":8.0,"key":"Question Card"},{"floor":9.0,"key":"Ornamental Fan"}],"event_choices":[{"damage_healed":0.0,"max_hp_gain":0.0,"max_hp_loss":0.0,"gold_gain":0.0,"event_name":"Upgrade Shrine","player_choice":"Upgraded","floor":2.0,"gold_loss":0.0,"damage_taken":0.0,"cards_upgraded":["Armaments"]},{"damage_healed":0.0,"max_hp_gain":0.0,"max_hp_loss":0.0,"gold_gain":79.0,"event_name":"Golden Wing","player_choice":"Gained Gold","floor":14.0,"gold_loss":0.0,"damage_taken":0.0}],"is_beta":false,"boss_relics":[],"items_purged_floors":[],"is_endless":false,"potions_floor_spawned":[1,7,12],"killed_by":"The Guardian","ascension_level":0}}