{"host":"59wnhi65kiwmnpg4","time":1613237803,"event":{"mods":["2.2 Compatiblity","AchievementEnabler","BaseMod","BetterRewards","Colored Map","Custom Start","Disable Question Mark Monsters","Highlight Path","Minty Spire (QoL Compilation)","Permanent Neow","Relic Sorter","Relic Stats"],"gold_per_floor":[112,131,131,151,161,161,179,205,205,23,23,39,68,86,86,189,189,207,207,218,230,230,230],"floor_reached":22,"language":"ENG","playtime":1311,"items_purged":[],"score":270,"play_id":"df456906-aaca-4072-b8b7-c1870de2a6ec","local_time":"20210213173643","is_ascension_mode":true,"campfire_choices":[{"data":"WindmillStrike","floor":6,"key":"SMITH"},{"floor":11,"key":"REST"},{"data":"Apotheosis","floor":15,"key":"SMITH"}],"circlet_count":0,"master_deck":["Strike_P","Strike_P","Strike_P","Defend_P","Defend_P","Defend_P","Eruption","Vigilance","Consecrate","FlyingSleeves","WindmillStrike+1","Apotheosis+1","BowlingBash","FollowUp","WreathOfFlame","Wish","Wallop"],"relics":["PureWater","Potion Belt","Peace Pipe","HornCleat","Runic Dome"],"acts_visited":["Exordium","TheCity"],"potions_floor_usage":[12,13,20,21],"damage_taken":[{"damage":4,"enemies":"Small Slimes","floor":1,"turns":4},{"damage":0,"enemies":"Cultist","floor":2,"turns":4},{"damage":1,"enemies":"2 Louse","floor":4,"turns":4},{"damage":7,"enemies":"Gremlin Gang","floor":5,"turns":2},{"damage":0,"enemies":"3 Louse","floor":7,"turns":2},{"damage":30,"enemies":"Lagavulin","floor":8,"turns":7},{"damage":0,"enemies":"Large Slime","floor":12,"turns":2},{"damage":11,"enemies":"3 Sentries","floor":13,"turns":5},{"damage":6,"enemies":"Red Slaver","floor":14,"turns":3},{"damage":9,"enemies":"The Guardian","floor":16,"turns":11},{"damage":7,"enemies":"Spheric Guardian","floor":18,"turns":4},{"damage":12,"enemies":"Shell Parasite","floor":20,"turns":3},{"damage":22,"enemies":"Centurion and Healer","floor":21,"turns":5},{"damage":19,"enemies":"Cultist and Chosen","floor":22,"turns":4}],"seed_played":"-1611459338188347666","potions_obtained":[{"floor":2,"key":"Strength Potion"},{"floor":4,"key":"StancePotion"},{"floor":8,"key":"AttackPotion"},{"floor":12,"key":"Fruit Juice"},{"floor":16,"key":"SkillPotion"},{"floor":18,"key":"StancePotion"},{"floor":19,"key":"Explosive Potion"},{"floor":19,"key":"BottledMiracle"},{"floor":19,"key":"ColorlessPotion"}],"is_trial":false,"path_per_floor":["M","M","?","M","M","R","M","E","T","$","R","M","E","M","R","B",null,"M","?","M","M","M"],"character_chosen":"WATCHER","items_purchased":["Apotheosis"],"campfire_rested":1,"item_purchase_floors":[10],"current_hp_per_floor":[61,61,61,60,53,53,53,23,23,23,42,42,36,30,30,21,58,51,51,39,17,0,0],"gold":230,"neow_bonus":"REMOVE_TWO","is_daily":false,"chose_seed":false,"campfire_upgraded":2,"win_rate":0.0,"timestamp":1613237803,"path_taken":["M","M","?","M","M","R","M","E","T","$","R","M","E","M","R","BOSS","M","?","M","M","M"],"items_purchased_type":["Card"],"build_version":"2020-12-22","purchased_purges":0,"victory":false,"max_hp_per_floor":[65,65,65,65,65,65,65,65,65,65,65,65,70,70,70,70,70,70,70,70,70,70,70],"relic_stats":{"Peace Pipe":0,"counters":[14,60],"obtain_stats":[{"Potion Belt":8,"Peace Pipe":9,"Runic Dome":17,"HornCleat":13,"PureWater":0},{"Potion Belt":6,"Peace Pipe":6,"Runic Dome":10,"HornCleat":8,"PureWater":0},{"Potion Belt":23,"Peace Pipe":23,"Runic Dome":44,"HornCleat":30,"PureWater":0}]},"card_choices":[{"not_picked":["Halt","Swivel"],"picked":"Consecrate","floor":1},{"not_picked":["FearNoEvil","FlurryOfBlows"],"picked":"FlyingSleeves","floor":2},{"not_picked":["EmptyBody","LikeWater","CrushJoints"],"picked":"SKIP","floor":4},{"not_picked":["Halt","Evaluate"],"picked":"WindmillStrike","floor":5},{"not_picked":["ReachHeaven","Wireheading","LikeWater"],"picked":"SKIP","floor":7},{"not_picked":["Halt","Evaluate","Perseverance"],"picked":"SKIP","floor":8},{"not_picked":["Scrawl","Indignation"],"picked":"BowlingBash","floor":12},{"not_picked":["Vengeance","FlyingSleeves"],"picked":"FollowUp","floor":13},{"not_picked":["WheelKick","Evaluate"],"picked":"WreathOfFlame","floor":14},{"not_picked":["Alpha","ConjureBlade"],"picked":"Wish","floor":16},{"not_picked":["Prostrate","PathToVictory","BowlingBash"],"picked":"SKIP","floor":18},{"not_picked":["EmptyFist","LikeWater+1","CrushJoints+1"],"picked":"SKIP","floor":20},{"not_picked":["Study","Collect"],"picked":"Wallop","floor":21}],"player_experience":909630,"relics_obtained":[{"floor":8,"key":"Potion Belt"},{"floor":9,"key":"Peace Pipe"},{"floor":13,"key":"HornCleat"}],"event_choices":[{"damage_healed":0,"gold_gain":0,"player_choice":"0 cards matched","damage_taken":0,"max_hp_gain":0,"max_hp_loss":0,"event_name":"Match and Keep!","floor":3,"gold_loss":0,"cards_obtained":[]},{"damage_healed":0,"gold_gain":0,"player_choice":"Got Potions","damage_taken":0,"max_hp_gain":0,"max_hp_loss":0,"event_name":"Lab","floor":19,"gold_loss":0}],"is_beta":false,"boss_relics":[{"not_picked":["Ectoplasm","Velvet Choker"],"picked":"Runic Dome"}],"items_purged_floors":[],"is_endless":false,"potions_floor_spawned":[2,4,8,12,16,18],"killed_by":"Cultist and Chosen","ascension_level":7}}