{"host":"51dweoxrcspgw6ri","time":1613260300,"event":{"mods":["BaseMod","Colored Map","Colored Powertips","Minty Spire (QoL Compilation)","Rare Cards Sparkle","Relic Stats","StSLib","SuperFastMode"],"gold_per_floor":[115,26,42,192,204,237,253,266,266,266,277,308,308,28,28,102,102,117,117,0,50,65,65,65,65,65,65,65,65],"floor_reached":28,"language":"ENG","playtime":901,"items_purged":["Doubt"],"score":464,"play_id":"e863ac0d-1572-4ac7-a10d-35477f8a61eb","local_time":"20210214005140","is_ascension_mode":true,"campfire_choices":[{"floor":10,"key":"REST"},{"data":"Creative AI","floor":13,"key":"SMITH"},{"data":"Go for the Eyes","floor":15,"key":"SMITH"},{"data":"Echo Form","floor":23,"key":"SMITH"},{"data":"Double Energy","floor":25,"key":"SMITH"},{"data":"Zap","floor":27,"key":"SMITH"}],"circlet_count":0,"master_deck":["AscendersBane","Strike_B","Strike_B","Strike_B","Strike_B","Defend_B","Defend_B","Defend_B","Defend_B","Zap+1","Dualcast","Go for the Eyes+1","Creative AI+1","Melter","Leap","Glacier","Beam Cell","Steam","Gash","Self Repair","Echo Form+1","Double Energy+1","Echo Form+1"],"relics":["Cracked Core","NeowsBlessing","Bag of Preparation","Potion Belt","Nunchaku","Omamori","Cursed Key","Pantograph","Bottled Flame"],"acts_visited":["Exordium","TheCity"],"potions_floor_usage":[12,16,16,28],"damage_taken":[{"damage":0.0,"enemies":"Small Slimes","floor":1.0,"turns":1.0},{"damage":0.0,"enemies":"Jaw Worm","floor":3.0,"turns":1.0},{"damage":0.0,"enemies":"Cultist","floor":5.0,"turns":1.0},{"damage":38.0,"enemies":"Gremlin Nob","floor":6.0,"turns":5.0},{"damage":9.0,"enemies":"3 Louse","floor":7.0,"turns":3.0},{"damage":0,"enemies":"Exordium Thugs","floor":8,"turns":5},{"damage":7,"enemies":"Blue Slaver","floor":11,"turns":3},{"damage":0,"enemies":"Lagavulin","floor":12,"turns":8},{"damage":16,"enemies":"The Guardian","floor":16,"turns":12},{"damage":20,"enemies":"Spheric Guardian","floor":18,"turns":6},{"damage":12,"enemies":"Shell Parasite","floor":22,"turns":7},{"damage":46,"enemies":"Snake Plant","floor":28,"turns":6}],"seed_played":"1652098003750429746","potions_obtained":[{"floor":6.0,"key":"Energy Potion"},{"floor":7.0,"key":"SkillPotion"},{"floor":11,"key":"Weak Potion"},{"floor":16,"key":"SpeedPotion"},{"floor":18,"key":"Explosive Potion"}],"is_trial":false,"path_per_floor":["M","$","M","?","M","E","M","M","T","R","M","E","R","$","R","B",null,"M","?","?","?","M","R","?","R","T","R","M"],"character_chosen":"DEFECT","items_purchased":["Creative AI","Omamori","Self Repair"],"campfire_rested":1,"item_purchase_floors":[2,14,14],"current_hp_per_floor":[64,64,64,64,64,26,17,17,17,38,31,31,31,31,31,22,59,46,46,46,46,41,41,41,41,41,41,0,0],"gold":65,"neow_bonus":"THREE_ENEMY_KILL","is_daily":false,"chose_seed":false,"campfire_upgraded":5,"win_rate":0.0,"timestamp":1613260300,"path_taken":["M","$","M","?","M","E","M","M","T","R","M","E","R","$","R","BOSS","M","?","?","?","M","R","?","R","T","R","?"],"items_purchased_type":["Card","Relic","Card"],"build_version":"2020-12-22","purchased_purges":1,"victory":false,"max_hp_per_floor":[71,71,71,71,71,71,71,71,71,71,71,71,71,71,71,71,71,71,71,71,71,71,71,71,71,71,71,71,71],"relic_stats":{"Nunchaku":[4],"counters":[12,57],"Pantograph":0,"Bag of Preparation":[16],"Cursed Key":1,"obtain_stats":[{"Potion Belt":9,"Nunchaku":12,"Bottled Flame":26,"NeowsBlessing":0,"Pantograph":19,"Bag of Preparation":6,"Omamori":14,"Cracked Core":0,"Cursed Key":17},{"Potion Belt":6,"Nunchaku":8,"Bottled Flame":11,"NeowsBlessing":0,"Pantograph":10,"Bag of Preparation":4,"Omamori":8,"Cracked Core":0,"Cursed Key":9},{"Potion Belt":16,"Nunchaku":27,"Bottled Flame":51,"NeowsBlessing":0,"Pantograph":44,"Bag of Preparation":8,"Omamori":27,"Cracked Core":0,"Cursed Key":39}]},"card_choices":[{"not_picked":["Storm","Barrage"],"picked":"Go for the Eyes","floor":1.0},{"not_picked":["Streamline","Sunder"],"picked":"Melter","floor":3.0},{"not_picked":["Hello World","Turbo"],"picked":"Leap","floor":5.0},{"not_picked":["Auto Shields","Turbo"],"picked":"Glacier","floor":6.0},{"not_picked":["Rebound","Sweeping Beam","Aggregate"],"picked":"SKIP","floor":7.0},{"not_picked":["Conserve Battery","Heatsinks"],"picked":"Beam Cell","floor":8},{"not_picked":["Turbo","Hello World"],"picked":"Steam","floor":11},{"not_picked":["Leap","Thunder Strike"],"picked":"Gash","floor":12},{"not_picked":["Multi-Cast","Electrodynamics"],"picked":"Echo Form","floor":16},{"not_picked":["Conserve Battery","Sunder+1","Tempest"],"picked":"SKIP","floor":18},{"not_picked":["Gash","Reinforced Body"],"picked":"Double Energy","floor":22}],"player_experience":528739,"relics_obtained":[{"floor":6.0,"key":"Bag of Preparation"},{"floor":9,"key":"Potion Belt"},{"floor":12,"key":"Nunchaku"},{"floor":26,"key":"Bottled Flame"}],"event_choices":[{"damage_healed":0.0,"max_hp_gain":0.0,"max_hp_loss":0.0,"gold_gain":150.0,"event_name":"Liars Game","player_choice":"AGREE","floor":4.0,"gold_loss":0.0,"damage_taken":0.0,"cards_obtained":["Doubt"]},{"damage_healed":0,"gold_gain":0,"player_choice":"Stole Relic","damage_taken":0,"relics_obtained":["Pantograph"],"max_hp_gain":0,"max_hp_loss":0,"event_name":"Addict","floor":19,"gold_loss":0,"cards_obtained":["Shame"]},{"damage_healed":0,"gold_gain":0,"player_choice":"Paid Fearfully","damage_taken":0,"max_hp_gain":0,"max_hp_loss":0,"event_name":"Masked Bandits","floor":20,"gold_loss":117},{"damage_healed":0,"gold_gain":50,"player_choice":"Stole From Cult","damage_taken":0,"max_hp_gain":0,"max_hp_loss":0,"event_name":"Nest","floor":21,"gold_loss":0},{"damage_healed":0,"gold_gain":0,"player_choice":"Copied","damage_taken":0,"max_hp_gain":0,"max_hp_loss":0,"event_name":"Duplicator","floor":24,"gold_loss":0,"cards_obtained":["Echo Form"]}],"is_beta":false,"boss_relics":[{"not_picked":["Pandora\u0027s Box","Black Star"],"picked":"Cursed Key"}],"items_purged_floors":[14],"is_endless":false,"potions_floor_spawned":[6,7,8,11,16,18],"killed_by":"Snake Plant","ascension_level":17}}