{"host":"x665ekuy0qorxtwt","time":1613207642,"event":{"mods":["AchievementEnabler","BaseMod","Bestiary","Colored Map","Colored Powertips","Minty Spire (QoL Compilation)"],"gold_per_floor":[117,117,3,19,39,39,72,88,114,148,164,197,197,372,372,470,470,488,488,508,528,540,540,540,128,174,186,214,214,242,242,242,347,347,362,71,85,103,118,118,130,159,206,206,230,81,6,6,6,6],"floor_reached":51,"language":"ENG","playtime":3421,"items_purged":["Strike_G","Writhe","Doubt","Defend_G"],"score":710,"play_id":"b2912e4d-3110-43a1-90d0-79a0bc69c7d1","local_time":"20210213011402","is_ascension_mode":false,"campfire_choices":[{"data":"Concentrate","floor":6,"key":"SMITH"},{"floor":13,"key":"REST"},{"data":"Accuracy","floor":15,"key":"SMITH"},{"floor":23,"key":"REST"},{"floor":32,"key":"REST"},{"floor":40,"key":"REST"},{"floor":49,"key":"REST"}],"circlet_count":0,"master_deck":["Strike_G+1","Strike_G+1","Defend_G+1","Defend_G+1","Survivor+1","Neutralize+1","Infinite Blades+1","Infinite Blades+1","Well Laid Plans+1","Concentrate+1","Escape Plan+1","Backflip+1","Accuracy+1","Accuracy+1","Terror+1","Storm of Steel+1","Blade Dance+1","Cloak And Dagger+1","Backstab+1","Envenom+1","Venomology+1","Blur+1","Masterful Stab+1","All Out Attack+1","Mayhem+1","Phantasmal Killer+1"],"relics":["Ring of the Snake","Bag of Marbles","Toy Ornithopter","Juzu Bracelet","Nunchaku","Black Star","MutagenicStrength","Gremlin Horn","Gambling Chip","Bag of Preparation","Tiny Chest","Potion Belt","Pen Nib","MealTicket","Astrolabe","Membership Card","Ancient Tea Set","Vajra","Regal Pillow","Orichalcum","War Paint","Happy Flower","Mark of the Bloom"],"acts_visited":["Exordium","TheCity","TheBeyond"],"potions_floor_usage":[12,12,16,28,30,39,39,50,50,50,50],"damage_taken":[{"damage":0,"enemies":"Small Slimes","floor":1,"turns":3},{"damage":1,"enemies":"Cultist","floor":4,"turns":4},{"damage":0,"enemies":"2 Louse","floor":5,"turns":4},{"damage":36,"enemies":"Gremlin Nob","floor":7,"turns":6},{"damage":0,"enemies":"Large Slime","floor":8,"turns":5},{"damage":8,"enemies":"Lagavulin","floor":10,"turns":10},{"damage":5,"enemies":"Blue Slaver","floor":11,"turns":3},{"damage":9,"enemies":"Gremlin Nob","floor":12,"turns":4},{"damage":12,"enemies":"Slime Boss","floor":16,"turns":8},{"damage":10,"enemies":"Chosen","floor":18,"turns":4},{"damage":14,"enemies":"3 Byrds","floor":20,"turns":4},{"damage":6,"enemies":"3 Cultists","floor":21,"turns":4},{"damage":27,"enemies":"Snake Plant","floor":22,"turns":4},{"damage":9,"enemies":"Centurion and Healer","floor":27,"turns":3},{"damage":12,"enemies":"Slavers","floor":28,"turns":4},{"damage":8,"enemies":"Book of Stabbing","floor":30,"turns":3},{"damage":27,"enemies":"Automaton","floor":33,"turns":7},{"damage":3,"enemies":"3 Shapes","floor":35,"turns":2},{"damage":0,"enemies":"3 Darklings","floor":37,"turns":1},{"damage":3,"enemies":"Jaw Worm Horde","floor":38,"turns":3},{"damage":55,"enemies":"Writhing Mass","floor":39,"turns":4},{"damage":0,"enemies":"3 Darklings","floor":41,"turns":1},{"damage":19,"enemies":"Giant Head","floor":42,"turns":6},{"damage":24,"enemies":"Donu and Deca","floor":50,"turns":3}],"seed_played":"5565092477388458725","potions_obtained":[{"floor":4,"key":"DuplicationPotion"},{"floor":5,"key":"SmokeBomb"},{"floor":10,"key":"Weak Potion"},{"floor":11,"key":"DistilledChaos"},{"floor":22,"key":"EssenceOfSteel"},{"floor":27,"key":"Fire Potion"},{"floor":28,"key":"PowerPotion"},{"floor":30,"key":"Fire Potion"},{"floor":33,"key":"CunningPotion"},{"floor":39,"key":"DuplicationPotion"},{"floor":41,"key":"SmokeBomb"}],"is_trial":false,"path_per_floor":["M","?","$","M","M","R","E","M","T","E","M","E","R","?","R","B",null,"M","?","M","M","M","R","?","$","T","M","E","?","E","?","R","B",null,"M","$","M","M","M","R","M","E","T","?","T","$","$","?","R","B",null],"character_chosen":"THE_SILENT","items_purchased":["Infinite Blades","Gambling Chip","Membership Card","Mayhem","War Paint","Happy Flower"],"campfire_rested":5,"item_purchase_floors":[3,25,36,36,46,46],"current_hp_per_floor":[70,70,70,69,69,69,33,33,33,25,20,21,42,42,42,35,70,60,60,46,40,13,34,34,34,34,25,18,18,15,15,36,9,70,67,70,70,67,20,41,41,22,22,22,22,37,52,52,52,28],"gold":6,"neow_bonus":"UPGRADE_CARD","is_daily":false,"chose_seed":false,"campfire_upgraded":2,"win_rate":0.0,"timestamp":1613207642,"path_taken":["M","?","?","M","M","R","E","M","T","E","M","E","R","?","R","BOSS","M","?","M","M","M","R","?","$","T","M","E","?","E","?","R","BOSS","M","$","M","M","M","R","M","E","T","?","?","?","$","?","R","BOSS"],"items_purchased_type":["Card","Relic","Relic","Card","Relic","Relic"],"build_version":"2020-12-22","purchased_purges":4,"victory":true,"max_hp_per_floor":[70,70,70,70,70,70,70,70,70,70,70,70,70,70,70,70,70,70,70,70,70,70,70,70,70,70,70,70,70,70,70,70,70,70,70,70,70,70,70,70,70,70,70,70,70,70,70,70,70,70],"card_choices":[{"not_picked":["Blade Dance","Dash"],"picked":"Infinite Blades","floor":1},{"not_picked":["Deadly Poison","Leg Sweep"],"picked":"Well Laid Plans","floor":4},{"not_picked":["Expertise","Bouncing Flask"],"picked":"Concentrate","floor":5},{"not_picked":["Slice","Dash"],"picked":"Escape Plan","floor":7},{"not_picked":["Terror","Caltrops"],"picked":"Backflip","floor":8},{"not_picked":["Caltrops","Quick Slash"],"picked":"Accuracy","floor":10},{"not_picked":["Prepared","Tactician"],"picked":"Accuracy","floor":11},{"not_picked":["Blur","Predator"],"picked":"Terror","floor":12},{"not_picked":["Venomology","Tools of the Trade"],"picked":"Storm of Steel","floor":16},{"not_picked":["Terror","Dagger Throw"],"picked":"Blade Dance","floor":18},{"not_picked":["Tactician","Acrobatics","Outmaneuver"],"picked":"SKIP","floor":20},{"not_picked":["Bane","Sucker Punch","Quick Slash"],"picked":"SKIP","floor":21},{"not_picked":["Acrobatics+1","Backflip"],"picked":"Cloak And Dagger","floor":22},{"not_picked":["Sucker Punch","Acrobatics","Reflex"],"picked":"SKIP","floor":27},{"not_picked":["Leg Sweep+1","Eviscerate","Deadly Poison"],"picked":"SKIP","floor":28},{"not_picked":["Riddle With Holes","Deflect+1","Dagger Throw"],"picked":"SKIP","floor":30},{"not_picked":["Wraith Form v2","Bullet Time"],"picked":"Venomology","floor":33},{"not_picked":["Acrobatics+1","Reflex+1","Blur"],"picked":"SKIP","floor":35},{"not_picked":["Cloak And Dagger","PiercingWail","Blur"],"picked":"SKIP","floor":37},{"not_picked":["Outmaneuver","Dagger Throw","Riddle With Holes+1"],"picked":"SKIP","floor":38},{"not_picked":["Skewer+1","Blur","Heel Hook"],"picked":"SKIP","floor":39},{"not_picked":["Bane+1","Predator+1"],"picked":"Phantasmal Killer","floor":41},{"not_picked":["Acrobatics+1","Caltrops+1","Flying Knee+1"],"picked":"SKIP","floor":42}],"player_experience":203302,"relics_obtained":[{"floor":7,"key":"Bag of Marbles"},{"floor":9,"key":"Toy Ornithopter"},{"floor":10,"key":"Juzu Bracelet"},{"floor":12,"key":"Nunchaku"},{"floor":26,"key":"Bag of Preparation"},{"floor":28,"key":"Tiny Chest"},{"floor":28,"key":"Potion Belt"},{"floor":30,"key":"Pen Nib"},{"floor":30,"key":"MealTicket"},{"floor":42,"key":"Ancient Tea Set"},{"floor":42,"key":"Vajra"},{"floor":43,"key":"Regal Pillow"},{"floor":45,"key":"Orichalcum"}],"event_choices":[{"damage_healed":0,"gold_gain":0,"player_choice":"Upgraded","damage_taken":0,"max_hp_gain":0,"max_hp_loss":0,"event_name":"Upgrade Shrine","floor":2,"gold_loss":0,"cards_upgraded":["Infinite Blades"]},{"damage_healed":0,"gold_gain":175,"player_choice":"AGREE","damage_taken":0,"max_hp_gain":0,"max_hp_loss":0,"event_name":"Liars Game","floor":14,"gold_loss":0,"cards_obtained":["Doubt"]},{"damage_healed":0,"gold_gain":0,"player_choice":"Inject Mutagens","damage_taken":0,"relics_obtained":["MutagenicStrength"],"max_hp_gain":0,"max_hp_loss":0,"event_name":"Drug Dealer","floor":19,"gold_loss":0},{"damage_healed":0,"gold_gain":0,"player_choice":"Opened","damage_taken":0,"relics_obtained":["Gremlin Horn"],"max_hp_gain":0,"max_hp_loss":0,"event_name":"The Mausoleum","floor":24,"gold_loss":0,"cards_obtained":["Writhe"]},{"damage_healed":0,"gold_gain":0,"cards_transformed":["Defend_G"],"player_choice":"Transformed","damage_taken":0,"max_hp_gain":0,"max_hp_loss":0,"event_name":"Transmorgrifier","floor":29,"gold_loss":0,"cards_obtained":["Backstab"]},{"damage_healed":0,"gold_gain":0,"player_choice":"Read","damage_taken":0,"max_hp_gain":0,"max_hp_loss":0,"event_name":"The Library","floor":31,"gold_loss":0,"cards_obtained":["Envenom"]},{"damage_healed":0,"gold_gain":0,"player_choice":"Ignored","damage_taken":0,"max_hp_gain":0,"max_hp_loss":0,"event_name":"Tomb of Lord Red Mask","floor":44,"gold_loss":0},{"damage_healed":0,"gold_gain":0,"player_choice":"Upgrade","damage_taken":0,"relics_obtained":["Mark of the Bloom"],"max_hp_gain":0,"max_hp_loss":0,"event_name":"MindBloom","floor":48,"gold_loss":0,"cards_upgraded":["Strike_G","Strike_G","Defend_G","Infinite Blades","Well Laid Plans","Escape Plan","Backflip","Accuracy","Terror","Storm of Steel","Blade Dance","Cloak And Dagger","Backstab","Envenom","Venomology","Mayhem","Phantasmal Killer"]}],"is_beta":false,"boss_relics":[{"not_picked":["Busted Crown","SacredBark"],"picked":"Black Star"},{"not_picked":["Coffee Dripper","Fusion Hammer"],"picked":"Astrolabe"}],"items_purged_floors":[3,25,36,47],"is_endless":false,"potions_floor_spawned":[4,5,10,11,22,27,28,30,33,38,39,41],"ascension_level":0}}