{"host":"djoj10dqzzvtkauc","time":1613198024,"event":{"mods":["2.2 Compatiblity","BaseMod","Colored Map","DeckTracker","Highlight Path","Keyboard Shortcuts","Marisa£¨Ùöéë¡¡Øª×âÞÞ£©","Minty Spire (QoL Compilation)","Permanent Neow","Quick Restart","Random Character Button","StSLib","SuperFastMode","everything is the same but u backflip on backflip"],"gold_per_floor":[114,133,25,45,60,90,107,107,107,107,139,157,157,118,118,195,195,211,8,8,23,39,39,39,39],"floor_reached":24,"language":"KOR","playtime":948,"items_purged":["Strike_G"],"score":364,"play_id":"e5507103-77b7-465b-b29e-ea1ce06a2cee","local_time":"20210213153344","is_ascension_mode":true,"campfire_choices":[{"data":"Footwork","floor":8.0,"key":"SMITH"},{"data":"Acrobatics","floor":10.0,"key":"SMITH"},{"floor":13.0,"key":"REST"},{"data":"Dagger Spray","floor":15.0,"key":"SMITH"},{"data":"Tactician","floor":23.0,"key":"SMITH"}],"circlet_count":0,"master_deck":["AscendersBane","Strike_G","Strike_G","Strike_G","Strike_G","Defend_G","Defend_G","Defend_G","Defend_G","Defend_G","Survivor","Neutralize","Grand Finale","Reflex","Dash","Footwork+1","Terror","Dagger Throw","Acrobatics+1","Expertise","All Out Attack","Dagger Spray+1","Blur","Malaise","Acrobatics","Masterful Stab","Tactician+1","PiercingWail"],"relics":["Ring of the Snake","Bottled Tornado","Ancient Tea Set","Orichalcum","Runic Pyramid"],"acts_visited":["Exordium","TheCity"],"potions_floor_usage":[],"damage_taken":[{"damage":2.0,"enemies":"Cultist","floor":1.0,"turns":6.0},{"damage":7.0,"enemies":"Small Slimes","floor":2.0,"turns":4.0},{"damage":0.0,"enemies":"Jaw Worm","floor":4.0,"turns":4.0},{"damage":0.0,"enemies":"Exordium Wildlife","floor":5.0,"turns":5.0},{"damage":16.0,"enemies":"3 Sentries","floor":6.0,"turns":12.0},{"damage":8.0,"enemies":"Blue Slaver","floor":7.0,"turns":4.0},{"damage":12.0,"enemies":"Lagavulin","floor":11.0,"turns":4.0},{"damage":0.0,"enemies":"Large Slime","floor":12.0,"turns":3.0},{"damage":18.0,"enemies":"The Guardian","floor":16.0,"turns":8.0},{"damage":3.0,"enemies":"Chosen","floor":18.0,"turns":8.0},{"damage":2.0,"enemies":"Spheric Guardian","floor":21.0,"turns":5.0},{"damage":21.0,"enemies":"Centurion and Healer","floor":22.0,"turns":13.0},{"damage":34,"enemies":"Gremlin Leader","floor":24,"turns":5}],"seed_played":"728222994368999752","potions_obtained":[{"floor":4.0,"key":"Fruit Juice"},{"floor":5.0,"key":"FearPotion"},{"floor":11.0,"key":"Swift Potion"},{"floor":22.0,"key":"Fire Potion"}],"is_trial":false,"path_per_floor":["M","M","$","M","M","E","M","R","T","R","E","M","R","?","R","B",null,"M","$","?","M","M","R","E"],"character_chosen":"THE_SILENT","items_purchased":["Footwork","Terror","Acrobatics","Masterful Stab"],"campfire_rested":1,"item_purchase_floors":[3,3,19,19],"current_hp_per_floor":[57,50,50,55,55,39,31,31,31,31,19,19,40,40,40,22,59,56,56,56,54,33,33,0,0],"gold":39,"neow_bonus":"ONE_RANDOM_RARE_CARD","is_daily":false,"chose_seed":false,"campfire_upgraded":4,"win_rate":0.0,"timestamp":1613198024,"path_taken":["M","?","$","M","M","E","M","R","T","R","E","M","R","?","R","BOSS","M","$","?","M","M","R","E"],"items_purchased_type":["Card","Card","Card","Card"],"build_version":"2020-12-22","purchased_purges":1,"victory":false,"max_hp_per_floor":[66,66,66,71,71,71,71,71,71,71,71,71,71,71,71,71,71,71,71,71,71,71,71,71,71],"card_choices":[{"not_picked":["Bane","Acrobatics"],"picked":"Reflex","floor":1.0},{"not_picked":["Infinite Blades","Deflect"],"picked":"Dash","floor":2.0},{"not_picked":["Quick Slash","Underhanded Strike"],"picked":"Dagger Throw","floor":4.0},{"not_picked":["Dodge and Roll","Deflect"],"picked":"Acrobatics","floor":5.0},{"not_picked":["Dagger Spray","Glass Knife"],"picked":"Expertise","floor":6.0},{"not_picked":["Bane","Heel Hook"],"picked":"All Out Attack","floor":7.0},{"not_picked":["Leg Sweep","Deadly Poison"],"picked":"Dagger Spray","floor":11.0},{"not_picked":["Flechettes","Dash"],"picked":"Blur","floor":12.0},{"not_picked":["Burst","A Thousand Cuts"],"picked":"Malaise","floor":16.0},{"not_picked":["Heel Hook","Sucker Punch","Outmaneuver"],"picked":"SKIP","floor":18.0},{"not_picked":["Deadly Poison","Sucker Punch"],"picked":"Tactician","floor":21.0},{"not_picked":["Distraction","Outmaneuver"],"picked":"PiercingWail","floor":22.0}],"player_experience":237355,"relics_obtained":[{"floor":6.0,"key":"Bottled Tornado"},{"floor":9.0,"key":"Ancient Tea Set"},{"floor":11.0,"key":"Orichalcum"}],"event_choices":[{"damage_healed":0.0,"max_hp_gain":0.0,"max_hp_loss":0.0,"gold_gain":0.0,"event_name":"World of Goop","player_choice":"Left Gold","floor":14.0,"gold_loss":39.0,"damage_taken":0.0},{"damage_healed":0.0,"max_hp_gain":0.0,"max_hp_loss":0.0,"gold_gain":0.0,"event_name":"Ghosts","player_choice":"Ignored","floor":20.0,"gold_loss":0.0,"damage_taken":0.0}],"is_beta":false,"boss_relics":[{"not_picked":["Ring of the Serpent","Coffee Dripper"],"picked":"Runic Pyramid"}],"items_purged_floors":[19],"is_endless":false,"potions_floor_spawned":[4,5,11,22],"killed_by":"Gremlin Leader","ascension_level":15}}