{"host":"w8xisjf5mgmfjvmt","time":1613208296,"event":{"mods":["ATMod(°¢èªMod)","BaseMod","BetterRewards","Challenge The Spire","Conspire","Energized Spire","Filter the Spire","Minty Spire (QoL Compilation)","Quarter Circle Forward PUNCH!","Quick Restart","Relic Filter Mod","Relic Stats","Reliquary","Replay The Spire","Say the Spire","Shop Mod","Spicy Shops","StSLib","Thieving Mod","¡¾ÒÅÎï¿¨ÅÆ¡¿REMEMod","óô»ðÖ¸ÄÏ"],"gold_per_floor":[110,129,129,172,172,172,172],"floor_reached":6,"language":"ZHS","playtime":199,"items_purged":[],"score":68,"play_id":"5fec3c9f-3cb8-4652-89f3-6f35771bffe3","local_time":"20210213172456","is_ascension_mode":true,"campfire_choices":[],"circlet_count":0,"master_deck":["AscendersBane","Strike_B","Strike_B","Strike_B","Defend_B","Defend_B","Defend_B","Defend_B","Zap","Dualcast","Delirium","Echo Form","AT_FamilyPortrait","Coolheaded","ReplayTheSpireMod:Calculation Training","Melter","Chaos","Pain","Hologram"],"relics":["Cracked Core","REME_ComplimentaryCards","AT_ATBox","Prayer Wheel","Golden Idol","Bottled Tornado","Ancient Tea Set"],"acts_visited":["Exordium"],"potions_floor_usage":[6],"damage_taken":[{"damage":22.0,"enemies":"Small Slimes","floor":1.0,"turns":6.0},{"damage":12.0,"enemies":"2 Louse","floor":2.0,"turns":5.0},{"damage":11,"enemies":"Gremlin Nob","floor":6,"turns":3}],"seed_played":"7147336262945220135","potions_obtained":[{"floor":1.0,"key":"Energy Potion"},{"floor":4.0,"key":"Doom Potion"}],"is_trial":false,"path_per_floor":["M","M","?","?","T","E"],"character_chosen":"DEFECT","items_purchased":[],"campfire_rested":0,"item_purchase_floors":[],"current_hp_per_floor":[42,30,30,30,30,19,19],"gold":172,"neow_bonus":"THREE_RARE_CARDS","is_daily":false,"chose_seed":false,"campfire_upgraded":0,"win_rate":0.0,"timestamp":1613208296,"path_taken":["M","M","?","?","?","E"],"items_purchased_type":[],"build_version":"2020-12-22","purchased_purges":0,"victory":false,"max_hp_per_floor":[71,71,64,64,64,64,64],"relic_stats":{"counters":[3,14],"Golden Idol":9,"Prayer Wheel":2,"obtain_stats":[{"AT_ATBox":0,"Golden Idol":3,"Prayer Wheel":1,"Bottled Tornado":4,"Cracked Core":0,"Ancient Tea Set":5,"REME_ComplimentaryCards":0},{"AT_ATBox":0,"Golden Idol":2,"Prayer Wheel":1,"Bottled Tornado":2,"Cracked Core":0,"Ancient Tea Set":2,"REME_ComplimentaryCards":0},{"AT_ATBox":0,"Golden Idol":11,"Prayer Wheel":5,"Bottled Tornado":11,"Cracked Core":0,"Ancient Tea Set":11,"REME_ComplimentaryCards":0}]},"card_choices":[{"not_picked":["Thunder Strike","ReplayRNGCard"],"picked":"Echo Form","floor":0.0},{"not_picked":["Gash","AT_HeatAcrobatics"],"picked":"Coolheaded","floor":1.0},{"not_picked":["Skim","Coolheaded"],"picked":"ReplayTheSpireMod:Calculation Training","floor":1.0},{"not_picked":["Gash","Conserve Battery"],"picked":"Melter","floor":2.0},{"not_picked":["Redo","Doom and Gloom"],"picked":"Chaos","floor":2.0},{"not_picked":["Stack","AT_HeatAcrobatics"],"picked":"Hologram","floor":4.0}],"player_experience":1355857,"relics_obtained":[{"floor":4.0,"key":"Bottled Tornado"},{"floor":5.0,"key":"Ancient Tea Set"}],"event_choices":[{"damage_healed":0.0,"max_hp_gain":0.0,"max_hp_loss":7.0,"gold_gain":0.0,"event_name":"Golden Idol","player_choice":"Lose Max HP","floor":3.0,"gold_loss":0.0,"damage_taken":0.0,"relics_obtained":["Golden Idol"]}],"is_beta":false,"boss_relics":[],"items_purged_floors":[],"is_endless":false,"potions_floor_spawned":[1],"killed_by":"Gremlin Nob","ascension_level":20}}