{"host":"kr40xqsmov1kh7zv","time":1613196793,"event":{"mods":["AchievementEnabler","Act Like it!","BaseMod","Downfall","Highlight Path","Minty Spire (QoL Compilation)","StSLib"],"gold_per_floor":[99,115,125,142,154,193,219,247,247,247,247],"floor_reached":9,"language":"ENG","playtime":387,"items_purged":[],"score":65,"play_id":"058361b3-49aa-4c83-97d2-baee1653fde2","local_time":"20210213171313","is_ascension_mode":false,"campfire_choices":[{"floor":1,"key":"RECALL"}],"circlet_count":0,"master_deck":["champ:Strike","champ:Strike","champ:Strike","champ:Strike","champ:Defend","champ:Defend","champ:Defend","champ:Defend","champ:Execute","champ:Taunt","champ:DefensiveShout","champ:SkillfulDodge","champ:TornadoPunch","champ:DefensiveShout","champ:Parry","champ:DefensiveShout"],"relics":["champ:ChampionCrown","Mango","CeramicFish"],"acts_visited":["Exordium"],"potions_floor_usage":[9,9,9],"damage_taken":[{"damage":17,"enemies":"2 Louse","floor":2,"turns":3},{"damage":16,"enemies":"Jaw Worm","floor":3,"turns":3},{"damage":20,"enemies":"Cultist","floor":4,"turns":3},{"damage":24,"enemies":"Large Slime","floor":5,"turns":5},{"damage":48,"enemies":"3 Sentries","floor":6,"turns":9},{"damage":10,"enemies":"2 Fungi Beasts","floor":8,"turns":4},{"damage":22,"enemies":"Lagavulin","floor":9,"turns":5}],"seed_played":"-3343316785893818034","potions_obtained":[{"floor":3,"key":"EssenceOfSteel"},{"floor":5,"key":"SpeedPotion"},{"floor":8,"key":"SpeedPotion"}],"is_trial":false,"path_per_floor":["R","M","M","M","M","E","T","M","E"],"character_chosen":"THE_CHAMP","items_purchased":[],"campfire_rested":0,"item_purchase_floors":[],"current_hp_per_floor":[77,75,69,69,55,22,22,17,0,0,0],"gold":247,"neow_bonus":"ONE_RARE_RELIC","is_daily":false,"chose_seed":false,"campfire_upgraded":0,"win_rate":0.0,"timestamp":1613196793,"path_taken":["R","M","M","M","M","E","T","M","E"],"items_purchased_type":[],"build_version":"2020-12-22","purchased_purges":0,"victory":false,"max_hp_per_floor":[104,104,104,104,104,104,104,104,104,104,104],"card_choices":[{"not_picked":["champ:FanOfKnives","champ:BringItOn"],"picked":"champ:DefensiveShout","floor":2},{"not_picked":["champ:PreciseThrust","champ:FancyFootwork"],"picked":"champ:SkillfulDodge","floor":3},{"not_picked":["champ:Encircle","champ:BringItOn"],"picked":"champ:TornadoPunch","floor":4},{"not_picked":["champ:CrownThrow","champ:FancyFootwork"],"picked":"champ:DefensiveShout","floor":5},{"not_picked":["champ:AdrenalArmor","champ:BladeFlurry"],"picked":"champ:Parry","floor":6},{"not_picked":["champ:CrookedStrike","champ:EnGarde"],"picked":"champ:DefensiveShout","floor":8}],"player_experience":230288,"relics_obtained":[{"floor":6,"key":"CeramicFish"}],"event_choices":[],"is_beta":false,"boss_relics":[],"items_purged_floors":[],"is_endless":false,"potions_floor_spawned":[3,5,8],"killed_by":"Lagavulin","ascension_level":0}}