{"host":"u7y9frlpoazak2mn","time":1613237701,"event":{"mods":["AchievementEnabler","Act Like it!","Aspiration","BaseMod","Beaked The Cultist","Better Altar","Better Match","Better Note","Better Sensory Stone","Better Skull","Better Third Choice","Colored Map","Colored Powertips","Displayed Cursed Tome","Downfall","Emptier Cage","Energized Spire","GifTheSpireLib","Hermit","Marked Mod","Mimic Mod","Minty Spire (QoL Compilation)","Permanent Neow","Prisma Mod","Rare Cards Sparkle","Relic Stats","StSLib","The Construct","Waifu the Spire"],"gold_per_floor":[119,69,87,102,113,113,113,83,152,170,202,215,229,240,240,344,344,354,354,354],"floor_reached":19,"language":"ENG","playtime":821,"items_purged":[],"score":182,"play_id":"b48c3c91-606f-4950-b1cf-47f519bc93c5","local_time":"20210213123501","is_ascension_mode":true,"campfire_choices":[{"floor":6,"key":"REST"},{"floor":15,"key":"REST"}],"circlet_count":0,"master_deck":["beaked:Strike_Y","beaked:Strike_Y","beaked:Strike_Y","beaked:Strike_Y","beaked:Strike_Y","beaked:Strike_Y","beaked:Defend_Y","beaked:Defend_Y","beaked:Defend_Y","beaked:Defend_Y","beaked:Ceremony","beaked:Ceremony","beaked:Ceremony","beaked:MachineSpirit","beaked:Insight","beaked:WarriorEssence","beaked:MachineSpirit","beaked:Windmill","beaked:VigorBurst","beaked:ScreechingChant"],"relics":["beaked:MendingPlumage","Pantograph","Tiny Chest","aspiration:PoetsPen_weak"],"acts_visited":["Exordium","TheCity"],"potions_floor_usage":[11,11,11,16],"damage_taken":[{"damage":10,"enemies":"Jaw Worm","floor":1,"turns":5},{"damage":27,"enemies":"Cultist","floor":3,"turns":6},{"damage":19,"enemies":"2 Louse","floor":4,"turns":4},{"damage":35,"enemies":"Blue Slaver","floor":5,"turns":6},{"damage":15,"enemies":"Looter","floor":8,"turns":4},{"damage":23,"enemies":"2 Fungi Beasts","floor":10,"turns":4},{"damage":42,"enemies":"Lagavulin","floor":11,"turns":6},{"damage":42,"enemies":"Red Slaver","floor":12,"turns":5},{"damage":29,"enemies":"Gremlin Gang","floor":13,"turns":5},{"damage":23,"enemies":"Blue Slaver","floor":14,"turns":6},{"damage":58,"enemies":"The Guardian","floor":16,"turns":9},{"damage":52,"enemies":"Shell Parasite","floor":18,"turns":7},{"damage":39,"enemies":"Masked Bandits","floor":19,"turns":2}],"seed_played":"7702548288433139231","potions_obtained":[{"floor":3,"key":"hexamod:SoulburnPotion"},{"floor":5,"key":"hexamod:SoulburnPotion"},{"floor":10,"key":"Regen Potion"},{"floor":13,"key":"Energy Potion"},{"floor":16,"key":"SpeedPotion"}],"is_trial":false,"path_per_floor":["M","$","M","M","M","R","?","M","T","M","E","M","M","M","R","B",null,"M","?"],"character_chosen":"BEAKED_THE_CULTIST","items_purchased":["beaked:Insight"],"campfire_rested":2,"item_purchase_floors":[2],"current_hp_per_floor":[41,41,28,24,9,22,45,38,38,32,36,21,15,20,35,22,50,30,0,0],"gold":354,"neow_bonus":"RANDOM_COLORLESS_2","is_daily":false,"chose_seed":false,"campfire_upgraded":0,"win_rate":0.0,"timestamp":1613237701,"path_taken":["M","$","M","M","M","R","?","M","T","M","E","M","?","M","R","BOSS","M","?"],"items_purchased_type":["Card"],"build_version":"2020-12-22","purchased_purges":0,"victory":false,"max_hp_per_floor":[45,45,45,45,45,45,45,45,45,45,45,45,45,50,50,50,50,50,50,50],"relic_stats":{"counters":[13,69],"Pantograph":15,"Tiny Chest":0,"obtain_stats":[{"Pantograph":9,"Tiny Chest":11,"aspiration:PoetsPen_weak":17,"beaked:MendingPlumage":0},{"Pantograph":5,"Tiny Chest":7,"aspiration:PoetsPen_weak":11,"beaked:MendingPlumage":0},{"Pantograph":25,"Tiny Chest":35,"aspiration:PoetsPen_weak":60,"beaked:MendingPlumage":0}]},"card_choices":[{"not_picked":["beaked:TuckingFeathers","beaked:SurvivalInstinct"],"picked":"beaked:MachineSpirit","floor":1},{"not_picked":["beaked:BarbedWire","beaked:Roost"],"picked":"beaked:WarriorEssence","floor":3},{"not_picked":["beaked:FeelMyPain","beaked:DigDeep","beaked:DesperateSwing"],"picked":"SKIP","floor":4},{"not_picked":["beaked:BloodForTheGods","beaked:SurvivalInstinct"],"picked":"beaked:MachineSpirit","floor":5},{"not_picked":["beaked:BloodForTheGods","beaked:CursingBlood"],"picked":"beaked:Windmill","floor":8},{"not_picked":["beaked:Evade","beaked:Tweet","beaked:DarkTribute"],"picked":"SKIP","floor":10},{"not_picked":["beaked:Evade","beaked:Devastation","beaked:Foresight"],"picked":"SKIP","floor":11},{"not_picked":["beaked:DesperateSwing","beaked:BounceBack","beaked:Resilience"],"picked":"SKIP","floor":12},{"not_picked":["beaked:Tradeoff","beaked:Brace","beaked:Flinch"],"picked":"SKIP","floor":13},{"not_picked":["beaked:BraceForImpact","beaked:BounceBack"],"picked":"beaked:VigorBurst","floor":14},{"not_picked":["beaked:ShadowFade","beaked:Brainwash"],"picked":"beaked:ScreechingChant","floor":16},{"not_picked":["beaked:BraceForImpact","beaked:WindBringer+1","beaked:Brace+1"],"picked":"SKIP","floor":18}],"player_experience":452289,"relics_obtained":[{"floor":9,"key":"Pantograph"},{"floor":11,"key":"Tiny Chest"}],"event_choices":[{"damage_healed":23,"gold_gain":0,"player_choice":"Full Heal","damage_taken":0,"max_hp_gain":0,"max_hp_loss":0,"event_name":"Wheel of Change","floor":7,"gold_loss":0},{"damage_healed":0,"gold_gain":0,"player_choice":"Fought Bandits","damage_taken":0,"max_hp_gain":0,"max_hp_loss":0,"event_name":"Masked Bandits","floor":19,"gold_loss":0}],"is_beta":false,"boss_relics":[{"not_picked":["Cursed Key","energizedSpire:SpiderWeb"],"picked":"aspiration:PoetsPen_weak"}],"items_purged_floors":[],"is_endless":false,"potions_floor_spawned":[3,5,10,13,16],"killed_by":"Masked Bandits","ascension_level":1}}