{"host":"fff5e1uasnm04x18","time":1613243721,"event":{"mods":["BaseMod","Highlight Path","Minty Spire (QoL Compilation)","StSLib"],"gold_per_floor":[112,112,129,54,71,71,101,101,101,113,113,113,137,56,56,186,186,201,201,30,48,0,0,0],"floor_reached":23,"language":"ENG","playtime":1044,"items_purged":["Strike_G","Strike_G+1"],"score":217,"play_id":"48dda99a-176b-4b0b-b8e6-5e3e141dda52","local_time":"20210213141521","is_ascension_mode":true,"campfire_choices":[{"data":"Backstab","floor":6,"key":"SMITH"},{"floor":8,"key":"REST"},{"data":"Neutralize","floor":12,"key":"SMITH"},{"floor":15,"key":"REST"}],"circlet_count":0,"master_deck":["Strike_G+1","Strike_G+1","Strike_G+1","Defend_G+1","Defend_G+1","Defend_G+1","Defend_G+1","Defend_G+1","Survivor","Neutralize+1","Choke+1","Backstab+1","Accuracy","Tools of the Trade","CurseOfTheBell","Infinite Blades","Accuracy"],"relics":["Ring of the Snake","Shuriken","Ninja Scroll","Golden Idol","Calling Bell","Bag of Preparation","Mercury Hourglass","Unceasing Top"],"acts_visited":["Exordium","TheCity"],"potions_floor_usage":[],"damage_taken":[{"damage":0,"enemies":"Cultist","floor":1,"turns":3},{"damage":0,"enemies":"2 Louse","floor":3,"turns":3},{"damage":0,"enemies":"Jaw Worm","floor":5,"turns":3},{"damage":25,"enemies":"Lagavulin","floor":7,"turns":5},{"damage":0,"enemies":"2 Fungi Beasts","floor":10,"turns":4},{"damage":2,"enemies":"Large Slime","floor":13,"turns":8},{"damage":37,"enemies":"Hexaghost","floor":16,"turns":12},{"damage":55,"enemies":"Spheric Guardian","floor":18,"turns":8},{"damage":9,"enemies":"Chosen","floor":21,"turns":6},{"damage":14,"enemies":"Slavers","floor":23,"turns":1}],"seed_played":"-3290157791593237111","potions_obtained":[{"floor":3,"key":"Energy Potion"},{"floor":13,"key":"SmokeBomb"},{"floor":16,"key":"AttackPotion"}],"is_trial":false,"path_per_floor":["M","?","M","$","M","R","E","R","T","M","?","R","M","$","R","B",null,"M","?","$","M","?","E"],"character_chosen":"THE_SILENT","items_purchased":["Accuracy","Infinite Blades"],"campfire_rested":2,"item_purchase_floors":[14,20],"current_hp_per_floor":[77,77,77,77,77,77,52,75,75,75,56,56,54,54,77,40,77,22,22,22,13,13,0,0],"gold":0,"neow_bonus":"TEN_PERCENT_HP_BONUS","is_daily":false,"chose_seed":false,"campfire_upgraded":2,"win_rate":0.0,"timestamp":1613243721,"path_taken":["M","?","M","$","?","R","E","R","T","M","?","R","M","$","R","BOSS","M","?","$","M","?","E"],"items_purchased_type":["Card","Card"],"build_version":"2020-12-22","purchased_purges":2,"victory":false,"max_hp_per_floor":[77,77,77,77,77,77,77,77,77,77,77,77,77,77,77,77,77,77,77,77,77,77,77,77],"card_choices":[{"not_picked":["Dagger Throw","Deflect"],"picked":"Choke","floor":1},{"not_picked":["Backflip","Dagger Throw","Poisoned Stab"],"picked":"SKIP","floor":3},{"not_picked":["Deflect","Dagger Spray"],"picked":"Backstab","floor":5},{"not_picked":["Deflect","Wraith Form v2","Underhanded Strike"],"picked":"SKIP","floor":7},{"not_picked":["Acrobatics","Concentrate","Poisoned Stab"],"picked":"SKIP","floor":10},{"not_picked":["Choke","Heel Hook","Leg Sweep"],"picked":"SKIP","floor":13},{"not_picked":["Malaise","Doppelganger"],"picked":"Tools of the Trade","floor":16},{"not_picked":["Sucker Punch","Skewer+1","Flying Knee"],"picked":"SKIP","floor":18},{"not_picked":["Noxious Fumes","Eviscerate"],"picked":"Accuracy","floor":21}],"player_experience":594137,"relics_obtained":[{"floor":7,"key":"Shuriken"},{"floor":9,"key":"Ninja Scroll"},{"floor":17,"key":"Bag of Preparation"},{"floor":17,"key":"Mercury Hourglass"},{"floor":17,"key":"Unceasing Top"}],"event_choices":[{"damage_healed":0,"gold_gain":0,"player_choice":"Upgraded","damage_taken":0,"max_hp_gain":0,"max_hp_loss":0,"event_name":"Upgrade Shrine","floor":2,"gold_loss":0,"cards_upgraded":["Choke"]},{"damage_healed":0,"gold_gain":0,"player_choice":"Take Damage","damage_taken":19,"relics_obtained":["Golden Idol"],"max_hp_gain":0,"max_hp_loss":0,"event_name":"Golden Idol","floor":11,"gold_loss":0},{"damage_healed":0,"gold_gain":0,"player_choice":"Simplicity","damage_taken":0,"max_hp_gain":0,"max_hp_loss":0,"event_name":"Back to Basics","floor":19,"gold_loss":0,"cards_upgraded":["Strike_G","Strike_G","Strike_G","Strike_G","Defend_G","Defend_G","Defend_G","Defend_G","Defend_G"]},{"damage_healed":0,"gold_gain":0,"player_choice":"Paid Fearfully","damage_taken":0,"max_hp_gain":0,"max_hp_loss":0,"event_name":"Masked Bandits","floor":22,"gold_loss":48}],"is_beta":false,"boss_relics":[{"not_picked":["Ectoplasm","Tiny House"],"picked":"Calling Bell"}],"items_purged_floors":[4,20],"is_endless":false,"potions_floor_spawned":[3,13,16],"killed_by":"Slavers","ascension_level":3}}