{"host":"TheHustler","time":1613209234,"event":{"mods":["BaseMod","Block Reminder","Colored Map","Colored Powertips","Minty Spire (QoL Compilation)","Quick Restart","StSLib","SuperFastMode","Unceasing Turn Reminder"],"gold_per_floor":[114,129,129,129,144,174,24,24,49,79,79,94,94,124,124,224,224,239,274,289,289,64,64,94,94,94,124,124,154,154,169,169,269,269,284,284,299,314,314,344,344,374,374,404,404,434,113,188,188,188],"floor_reached":51,"language":"ENG","playtime":1250,"items_purged":["Twin Strike"],"score":1087,"play_id":"bbf602f7-10cd-482c-bbfb-15364dddaa01","local_time":"20210213104034","daily_mods":["SealedDeck","Colorless Cards","Elite Swarm"],"is_ascension_mode":false,"campfire_choices":[{"data":"Metamorphosis","floor":8,"key":"SMITH"},{"data":"Juggernaut","floor":11,"key":"SMITH"},{"data":"Flex","floor":15,"key":"SMITH"},{"data":"Inflame","floor":23,"key":"SMITH"},{"data":"Finesse","floor":25,"key":"SMITH"},{"data":"Impervious","floor":30,"key":"SMITH"},{"data":"Berserk","floor":32,"key":"SMITH"},{"data":"Good Instincts","floor":41,"key":"SMITH"},{"data":"Apotheosis","floor":49,"key":"SMITH"}],"circlet_count":0,"master_deck":["Pommel Strike+1","Twin Strike+1","Flex+1","Good Instincts+1","Shrug It Off+1","Disarm+1","Shrug It Off","Inflame+1","Finesse+1","Metamorphosis+1","Juggernaut+1","Master of Strategy","Bandage Up","Juggernaut","Berserk+1","Impervious+1","Impervious","True Grit+1","Purity+1","Panache","Mayhem","Apotheosis+1"],"relics":["Burning Blood","Ornamental Fan","TheAbacus","Bag of Preparation","Letter Opener","Bottled Lightning","Thread and Needle","Runic Pyramid","Bag of Marbles","StoneCalendar","Orichalcum","PreservedInsect","Calipers","Smiling Mask","Busted Crown","Whetstone","Nunchaku","Lizard Tail","War Paint","Blood Vial","Bottled Flame"],"acts_visited":["Exordium","TheCity","TheBeyond"],"potions_floor_usage":[44,46,46,46,50,50],"damage_taken":[{"damage":1,"enemies":"Jaw Worm","floor":1,"turns":3},{"damage":0,"enemies":"Cultist","floor":2,"turns":3},{"damage":0,"enemies":"Small Slimes","floor":5,"turns":2},{"damage":2,"enemies":"Lagavulin","floor":6,"turns":5},{"damage":15,"enemies":"3 Sentries","floor":10,"turns":6},{"damage":1,"enemies":"Exordium Wildlife","floor":12,"turns":3},{"damage":2,"enemies":"Lagavulin","floor":14,"turns":4},{"damage":0,"enemies":"The Guardian","floor":16,"turns":4},{"damage":2,"enemies":"Shell Parasite","floor":18,"turns":3},{"damage":17,"enemies":"2 Thieves","floor":19,"turns":3},{"damage":0,"enemies":"Sentry and Sphere","floor":20,"turns":3},{"damage":0,"enemies":"Book of Stabbing","floor":24,"turns":3},{"damage":0,"enemies":"Gremlin Leader","floor":27,"turns":4},{"damage":0,"enemies":"Book of Stabbing","floor":29,"turns":3},{"damage":0,"enemies":"Snecko","floor":31,"turns":4},{"damage":0,"enemies":"Collector","floor":33,"turns":6},{"damage":0,"enemies":"3 Darklings","floor":35,"turns":4},{"damage":1,"enemies":"3 Shapes","floor":37,"turns":3},{"damage":4,"enemies":"Writhing Mass","floor":38,"turns":4},{"damage":2,"enemies":"Reptomancer","floor":40,"turns":5},{"damage":0,"enemies":"Giant Head","floor":42,"turns":4},{"damage":3,"enemies":"Reptomancer","floor":44,"turns":2},{"damage":29,"enemies":"Nemesis","floor":46,"turns":3},{"damage":22,"enemies":"Donu and Deca","floor":50,"turns":6}],"seed_played":"6099103822572544471","potions_obtained":[{"floor":1,"key":"Swift Potion"},{"floor":5,"key":"Regen Potion"},{"floor":6,"key":"BlessingOfTheForge"},{"floor":44,"key":"LiquidMemories"}],"is_trial":false,"path_per_floor":["M","M","?","?","M","E","$","R","T","E","R","M","T","E","R","B",null,"M","M","M","?","$","R","E","R","T","E","?","E","R","M","R","B",null,"M","$","M","M","?","E","R","E","T","E","?","E","$","T","R","B",null],"character_chosen":"IRONCLAD","items_purchased":["TheAbacus","Bag of Marbles","Apotheosis","BlessingOfTheForge","SpeedPotion","SkillPotion"],"campfire_rested":0,"item_purchase_floors":[7,22,47,47,47,47],"current_hp_per_floor":[80,80,85,85,85,85,85,85,85,76,76,81,81,85,85,85,85,85,74,80,64,64,64,74,74,74,84,84,85,85,85,85,85,85,85,85,85,85,85,85,85,85,85,85,75,57,57,57,57,49],"gold":188,"neow_bonus":"","is_daily":true,"chose_seed":false,"campfire_upgraded":9,"win_rate":0.0,"timestamp":1613209234,"path_taken":["M","M","?","?","M","E","$","R","T","E","R","?","?","E","R","BOSS","M","M","?","?","$","R","E","R","T","E","?","E","R","M","R","BOSS","M","$","M","M","?","E","R","E","T","E","?","E","$","?","R","BOSS"],"items_purchased_type":["Relic","Relic","Card","Potion","Potion","Potion"],"build_version":"2020-12-18","purchased_purges":1,"victory":true,"max_hp_per_floor":[80,80,85,85,85,85,85,85,85,85,85,85,85,85,85,85,85,85,85,85,85,85,85,85,85,85,85,85,85,85,85,85,85,85,85,85,85,85,85,85,85,85,85,85,85,85,85,85,85,85],"card_choices":[{"not_picked":["Purity","Panacea"],"picked":"Inflame","floor":1},{"not_picked":["Headbutt","Dual Wield"],"picked":"Finesse","floor":2},{"not_picked":["True Grit","Wild Strike","Warcry"],"picked":"SKIP","floor":5},{"not_picked":["Exhume","Secret Technique"],"picked":"Metamorphosis","floor":6},{"not_picked":["Mayhem","Reaper"],"picked":"Juggernaut","floor":10},{"not_picked":["Flex","Carnage","Heavy Blade"],"picked":"SKIP","floor":12},{"not_picked":["Magnetism","Chrysalis"],"picked":"Master of Strategy","floor":14},{"not_picked":["Whirlwind","Twin Strike","Clash"],"picked":"SKIP","floor":18},{"not_picked":["Impatience+1","Deep Breath+1","Jack Of All Trades"],"picked":"SKIP","floor":19},{"not_picked":["Carnage+1","Bloodletting"],"picked":"Bandage Up","floor":20},{"not_picked":["Feed","Immolate"],"picked":"Juggernaut","floor":24},{"not_picked":["Impervious","Sadistic Nature"],"picked":"Berserk","floor":27},{"not_picked":["Demon Form","Panache"],"picked":"Impervious","floor":29},{"not_picked":["Impatience","Clash+1","Pommel Strike"],"picked":"SKIP","floor":31},{"not_picked":["Transmutation","Secret Technique"],"picked":"Impervious","floor":33},{"not_picked":["Pummel+1"],"picked":"SKIP","floor":35},{"not_picked":["True Grit+1"],"picked":"SKIP","floor":37},{"not_picked":[],"picked":"True Grit+1","floor":37},{"not_picked":[],"picked":"Purity+1","floor":38},{"not_picked":["Exhume"],"picked":"SKIP","floor":40},{"not_picked":[],"picked":"Panache","floor":42},{"not_picked":["Secret Weapon"],"picked":"SKIP","floor":44},{"not_picked":[],"picked":"Mayhem","floor":45},{"not_picked":["Secret Technique"],"picked":"SKIP","floor":46}],"player_experience":675130,"relics_obtained":[{"floor":6,"key":"Ornamental Fan"},{"floor":9,"key":"Bag of Preparation"},{"floor":10,"key":"Letter Opener"},{"floor":13,"key":"Bottled Lightning"},{"floor":14,"key":"Thread and Needle"},{"floor":24,"key":"StoneCalendar"},{"floor":26,"key":"Orichalcum"},{"floor":27,"key":"PreservedInsect"},{"floor":29,"key":"Smiling Mask"},{"floor":40,"key":"Whetstone"},{"floor":42,"key":"Nunchaku"},{"floor":43,"key":"Lizard Tail"},{"floor":44,"key":"War Paint"},{"floor":46,"key":"Blood Vial"},{"floor":48,"key":"Bottled Flame"}],"event_choices":[{"damage_healed":0,"gold_gain":0,"player_choice":"Donut","damage_taken":0,"max_hp_gain":5,"max_hp_loss":0,"event_name":"Big Fish","floor":3,"gold_loss":0},{"cards_removed":["Perfected Strike"],"damage_healed":5,"gold_gain":0,"player_choice":"Offered Common","damage_taken":0,"max_hp_gain":0,"max_hp_loss":0,"event_name":"Bonfire Elementals","floor":4,"gold_loss":0},{"cards_removed":["Perfected Strike"],"damage_healed":5,"gold_gain":0,"player_choice":"Offered Special","damage_taken":0,"max_hp_gain":0,"max_hp_loss":0,"event_name":"Bonfire Elementals","floor":4,"gold_loss":0},{"damage_healed":0,"gold_gain":0,"player_choice":"Obtained Book","damage_taken":16,"max_hp_gain":0,"max_hp_loss":0,"event_name":"Cursed Tome","floor":21,"gold_loss":0},{"damage_healed":0,"gold_gain":0,"player_choice":"Opened","damage_taken":0,"relics_obtained":["Calipers"],"max_hp_gain":0,"max_hp_loss":0,"event_name":"The Mausoleum","floor":28,"gold_loss":0},{"cards_removed":["Twin Strike"],"damage_healed":0,"gold_gain":0,"player_choice":"Removed Attack","damage_taken":0,"max_hp_gain":0,"max_hp_loss":0,"event_name":"Falling","floor":39,"gold_loss":0},{"damage_healed":0,"gold_gain":0,"player_choice":"Memory 3","damage_taken":10,"max_hp_gain":0,"max_hp_loss":0,"event_name":"SensoryStone","floor":45,"gold_loss":0}],"is_beta":true,"boss_relics":[{"not_picked":["Mark of Pain","Coffee Dripper"],"picked":"Runic Pyramid"},{"not_picked":["Black Star","Velvet Choker"],"picked":"Busted Crown"}],"items_purged_floors":[22],"is_endless":false,"potions_floor_spawned":[1,5,6,14,20,27,31,35,37,42,44],"ascension_level":0}}