{"host":"9kesdg97wkrx2bva","time":1613252368,"event":{"mods":["AchievementEnabler","BaseMod","Colored Map","GifTheSpireLib","Infinite Spire","Minty Spire (QoL Compilation)","Replay The Spire","StSLib"],"gold_per_floor":[113,38,3,20,20,20,50,50,105,121,133,133,168,183,183,254,254,272,286,16,36,36,36,36],"floor_reached":23,"language":"ENG","playtime":997,"items_purged":["Defend_G","Strike_G"],"score":418,"play_id":"19536212-eeaf-4fe2-b1b4-4834a8c52a10","local_time":"20210213153928","is_ascension_mode":true,"campfire_choices":[{"data":"Flying Knee","floor":6,"key":"SMITH"},{"data":"Noxious Fumes","floor":12,"key":"SMITH"}],"circlet_count":0,"master_deck":["AscendersBane","Strike_G","Strike_G","Strike_G","Strike_G","Defend_G","Defend_G","Defend_G","Defend_G","Survivor","Neutralize","Leg Sweep","Flying Knee+1","Poisoned Stab","Noxious Fumes+1","Bouncing Flask","Replay:Poison Smokescreen","Skewer","infinitespire:Starlight","Tools of the Trade","Hidden Blade+1","Catalyst","Footwork","Catalyst"],"relics":["Ring of the Snake","NeowsBlessing","Strawberry","Tiny Chest","ReplayFunnel","Sozu","Pet Ghost"],"acts_visited":["Exordium","TheCity"],"potions_floor_usage":[14,16,16],"damage_taken":[{"damage":0,"enemies":"2 Louse","floor":1,"turns":1},{"damage":0,"enemies":"Cultist","floor":4,"turns":1},{"damage":0,"enemies":"Gremlin Nob","floor":7,"turns":1},{"damage":2,"enemies":"Small Slimes","floor":10,"turns":5},{"damage":3,"enemies":"2 Fungi Beasts","floor":11,"turns":5},{"damage":7,"enemies":"Replay:BlueRogue","floor":13,"turns":5},{"damage":9,"enemies":"Large Slime","floor":14,"turns":6},{"damage":29,"enemies":"The Guardian","floor":16,"turns":8},{"damage":25,"enemies":"Shell Parasite","floor":18,"turns":6},{"damage":18,"enemies":"Spheric Guardian","floor":19,"turns":5},{"damage":20,"enemies":"Snake Plant","floor":21,"turns":4},{"damage":14,"enemies":"Slavers","floor":23,"turns":2}],"seed_played":"4564625711940915340","potions_obtained":[{"floor":7,"key":"Weak Potion"},{"floor":10,"key":"Adrenaline Potion"},{"floor":14,"key":"ColorlessPotion"}],"is_trial":false,"path_per_floor":["M","$","?","M","$","R","E","$","T","M","M","R","E","M","R_BF","B",null,"M","M","$","M","?","E"],"character_chosen":"THE_SILENT","items_purchased":["Catalyst","Footwork"],"campfire_rested":0,"item_purchase_floors":[20,20],"current_hp_per_floor":[59,59,66,66,66,66,73,73,73,71,68,68,61,52,34,15,59,44,36,36,16,16,2,2],"gold":36,"neow_bonus":"THREE_ENEMY_KILL","is_daily":false,"chose_seed":false,"campfire_upgraded":2,"win_rate":0.0,"timestamp":1613252368,"path_taken":["M","$","?","M","$","R","E","$","T","M","M","R","E","M","R_BF","BOSS","M","M","$","M","?","E"],"items_purchased_type":["Card","Card"],"build_version":"2020-12-22","purchased_purges":2,"victory":false,"max_hp_per_floor":[66,66,66,66,66,66,73,73,73,73,73,73,73,73,73,73,73,73,73,73,73,73,73,73],"card_choices":[{"not_picked":["Acrobatics","Infinite Blades"],"picked":"Leg Sweep","floor":1},{"not_picked":["Acrobatics","Quick Slash"],"picked":"Flying Knee","floor":4},{"not_picked":["Flying Knee","Deflect"],"picked":"Poisoned Stab","floor":7},{"not_picked":["Heel Hook","Dagger Throw"],"picked":"Noxious Fumes","floor":10},{"not_picked":["Bane","Reflex"],"picked":"Bouncing Flask","floor":11},{"not_picked":["ReplayTheSpireMod:Speed Training","Blade Dance"],"picked":"Replay:Poison Smokescreen","floor":13},{"not_picked":["Deflect","Cloak And Dagger"],"picked":"Skewer","floor":14},{"not_picked":["infinitespire:NeuralNetwork","Replay:Fractal Strike"],"picked":"infinitespire:Starlight","floor":15},{"not_picked":["Atom Bomb","Envenom"],"picked":"Tools of the Trade","floor":16},{"not_picked":["Outmaneuver","Accuracy"],"picked":"Hidden Blade+1","floor":18},{"not_picked":["Heel Hook","Quick Slash","Hidden Blade"],"picked":"SKIP","floor":19},{"not_picked":["Dash","Deflect"],"picked":"Catalyst","floor":21}],"player_experience":1035027,"relics_obtained":[{"floor":7,"key":"Strawberry"},{"floor":9,"key":"Tiny Chest"},{"floor":13,"key":"ReplayFunnel"},{"floor":22,"key":"Pet Ghost"}],"event_choices":[{"damage_healed":16,"gold_gain":0,"player_choice":"Healed","damage_taken":0,"max_hp_gain":0,"max_hp_loss":0,"event_name":"The Cleric","floor":3,"gold_loss":35},{"damage_healed":0,"gold_gain":0,"player_choice":"Relic","damage_taken":0,"max_hp_gain":0,"max_hp_loss":0,"event_name":"Wheel of Change","floor":22,"gold_loss":0}],"is_beta":false,"boss_relics":[{"not_picked":["Ectoplasm","Replay:Ancient Bell"],"picked":"Sozu"}],"items_purged_floors":[2,20],"is_endless":false,"potions_floor_spawned":[7,10,11,14,21],"killed_by":"Slavers","ascension_level":17}}