{"host":"7l2t4psy44vpcd9q","time":1613227010,"event":{"mods":["AchievementEnabler","BaseMod","DeckTracker","Minty Spire (QoL Compilation)","SuperFastMode"],"gold_per_floor":[111,36,111,111,126,126,157,157,157,157,171,171,31,45,45,122,122,82,82,82,82,56,56,56,56,56,56,56,56,56,56,56,56,56],"floor_reached":33,"language":"KOR","playtime":1027,"items_purged":["Strike_R","Pain"],"score":648,"play_id":"4243bce1-63cd-4df7-833a-4890f7cdf409","local_time":"20210213233650","is_ascension_mode":true,"campfire_choices":[{"data":"Perfected Strike","floor":6.0,"key":"SMITH"},{"data":"Pummel","floor":8.0,"key":"SMITH"},{"data":"True Grit","floor":12.0,"key":"SMITH"},{"data":"Body Slam","floor":15.0,"key":"SMITH"},{"floor":24.0,"key":"REST"},{"floor":27.0,"key":"REST"},{"floor":32.0,"key":"REST"}],"circlet_count":0,"master_deck":["AscendersBane","Strike_R+1","Strike_R+1","Strike_R+1","Strike_R+1","Defend_R+1","Defend_R+1","Defend_R+1","Defend_R+1","Bash+1","Twin Strike","Perfected Strike+1","Pummel+1","True Grit+1","Fire Breathing","Body Slam+1","Demon Form","Cleave","Power Through","Shrug It Off","Twin Strike+1","Battle Trance","J.A.X.","Dual Wield","Exhume"],"relics":["Burning Blood","NeowsBlessing","Akabeko","Nunchaku","WarpedTongs","Ectoplasm","Gremlin Horn","WingedGreaves","Prayer Wheel","Singing Bowl"],"acts_visited":["Exordium","TheCity"],"potions_floor_usage":[33],"damage_taken":[{"damage":0.0,"enemies":"Jaw Worm","floor":1.0,"turns":1.0},{"damage":0.0,"enemies":"Small Slimes","floor":5.0,"turns":1.0},{"damage":0.0,"enemies":"Lagavulin","floor":7.0,"turns":1.0},{"damage":0.0,"enemies":"2 Louse","floor":11.0,"turns":2.0},{"damage":10.0,"enemies":"Gremlin Gang","floor":14.0,"turns":4.0},{"damage":30.0,"enemies":"Slime Boss","floor":16.0,"turns":7.0},{"damage":6.0,"enemies":"2 Thieves","floor":18.0,"turns":3.0},{"damage":3.0,"enemies":"Chosen","floor":21.0,"turns":3.0},{"damage":52.0,"enemies":"Slavers","floor":23.0,"turns":6.0},{"damage":19.0,"enemies":"Book of Stabbing","floor":28.0,"turns":4.0},{"damage":14.0,"enemies":"Gremlin Leader","floor":30.0,"turns":4.0},{"damage":25.0,"enemies":"Shelled Parasite and Fungi","floor":31.0,"turns":5.0},{"damage":80,"enemies":"Collector","floor":33,"turns":5}],"seed_played":"-7009624952610563593","potions_obtained":[{"floor":11.0,"key":"EssenceOfSteel"},{"floor":14.0,"key":"Swift Potion"},{"floor":16.0,"key":"AttackPotion"},{"floor":30.0,"key":"FearPotion"}],"is_trial":false,"path_per_floor":["M","$","?","?","M","R","E","R","T","?","M","R","$","M","R","B",null,"M","?","?","M","$","E","R","?","T","R","E","?","E","M","R","B"],"character_chosen":"IRONCLAD","items_purchased":["Fire Breathing","Shrug It Off"],"campfire_rested":3,"item_purchase_floors":[13,22],"current_hp_per_floor":[74,74,63,63,69,69,75,75,75,75,75,75,75,71,71,47,68,68,68,68,71,71,25,47,47,47,69,56,56,48,31,54,0,0],"gold":56,"neow_bonus":"THREE_ENEMY_KILL","is_daily":false,"chose_seed":false,"campfire_upgraded":4,"win_rate":0.0,"timestamp":1613227010,"path_taken":["M","$","?","?","M","R","E","R","T","?","?","R","$","M","R","BOSS","M","?","?","M","$","E","R","?","T","R","E","?","E","M","R","BOSS"],"items_purchased_type":["Card","Card"],"build_version":"2020-12-22","purchased_purges":2,"victory":false,"max_hp_per_floor":[75,75,75,75,75,75,75,75,75,75,75,75,75,75,75,75,75,75,75,75,75,75,75,75,75,75,75,75,75,75,77,77,77,77],"card_choices":[{"not_picked":["Armaments","Reckless Charge"],"picked":"Twin Strike","floor":1.0},{"not_picked":["Sentinel","Sword Boomerang"],"picked":"Perfected Strike","floor":5.0},{"not_picked":["Ghostly Armor","Metallicize"],"picked":"Pummel","floor":7.0},{"not_picked":["Heavy Blade","Clash"],"picked":"True Grit","floor":11.0},{"not_picked":["Sword Boomerang","Exhume"],"picked":"Body Slam","floor":14.0},{"not_picked":["Berserk","Offering"],"picked":"Demon Form","floor":16.0},{"not_picked":["Pommel Strike","Iron Wave"],"picked":"Cleave","floor":18.0},{"not_picked":["Intimidate","Shrug It Off"],"picked":"Power Through","floor":21.0},{"not_picked":["Flex","Anger"],"picked":"Twin Strike+1","floor":23.0},{"not_picked":["Body Slam+1","Twin Strike"],"picked":"Battle Trance","floor":28.0},{"not_picked":["Feel No Pain","Dropkick"],"picked":"Dual Wield","floor":30.0},{"not_picked":["Flex","Carnage+1","Twin Strike"],"picked":"Singing Bowl","floor":31.0},{"not_picked":["Perfected Strike","Power Through"],"picked":"Exhume","floor":31.0}],"player_experience":1295515,"relics_obtained":[{"floor":7.0,"key":"Akabeko"},{"floor":9.0,"key":"Nunchaku"},{"floor":23.0,"key":"Gremlin Horn"},{"floor":26.0,"key":"WingedGreaves"},{"floor":28.0,"key":"Prayer Wheel"},{"floor":30.0,"key":"Singing Bowl"}],"event_choices":[{"damage_healed":0.0,"max_hp_gain":0.0,"max_hp_loss":0.0,"gold_gain":75.0,"event_name":"World of Goop","player_choice":"Gather Gold","floor":3.0,"gold_loss":0.0,"damage_taken":11.0},{"damage_healed":0.0,"max_hp_gain":0.0,"max_hp_loss":0.0,"gold_gain":0.0,"event_name":"Living Wall","player_choice":"Grow","floor":4.0,"gold_loss":0.0,"damage_taken":0.0,"cards_upgraded":["Bash"]},{"damage_healed":0.0,"max_hp_gain":0.0,"max_hp_loss":0.0,"gold_gain":0.0,"event_name":"Accursed Blacksmith","player_choice":"Rummage","floor":10.0,"gold_loss":0.0,"damage_taken":0.0,"relics_obtained":["WarpedTongs"],"cards_obtained":["Pain"]},{"damage_healed":0.0,"max_hp_gain":0.0,"max_hp_loss":0.0,"gold_gain":0.0,"event_name":"Ghosts","player_choice":"Ignored","floor":19.0,"gold_loss":0.0,"damage_taken":0.0},{"damage_healed":0.0,"max_hp_gain":0.0,"max_hp_loss":0.0,"gold_gain":0.0,"event_name":"Back to Basics","player_choice":"Simplicity","floor":20.0,"gold_loss":0.0,"damage_taken":0.0,"cards_upgraded":["Strike_R","Strike_R","Strike_R","Strike_R","Defend_R","Defend_R","Defend_R","Defend_R"]},{"damage_healed":0.0,"max_hp_gain":0.0,"max_hp_loss":0.0,"gold_gain":0.0,"event_name":"Vampires","player_choice":"Ignored","floor":25.0,"gold_loss":0.0,"damage_taken":0.0},{"damage_healed":0.0,"max_hp_gain":0.0,"max_hp_loss":0.0,"gold_gain":0.0,"event_name":"Drug Dealer","player_choice":"Obtain J.A.X.","floor":29.0,"gold_loss":0.0,"damage_taken":0.0,"cards_obtained":["J.A.X."]}],"is_beta":false,"boss_relics":[{"not_picked":["Tiny House","Velvet Choker"],"picked":"Ectoplasm"}],"items_purged_floors":[2,13],"is_endless":false,"potions_floor_spawned":[11,14,16,18,30],"killed_by":"Collector","ascension_level":20}}