{"host":"pqs17sqrgflf4eqa","time":1613226106,"event":{"mods":["AchievementEnabler","BaseMod","Bestiary","Better Altar","Better Match","Better Skull","Block Reminder","Bossed Relics","Colored Map","Colored Powertips","Curses Come First","Dark Map","DeckTracker","Defective Defect","Displayed Cursed Tome","Emptier Cage","Googly Eyes","Highlight Path","Minty Spire (QoL Compilation)","Quick Restart","Slay-I","StSLib","SuperFastMode","Synergy Search","Thieving Mod","Transform Curses","everything is the same but u backflip on backflip","slay the spire mod where everything is the same but ironclad has a cowboy hat"],"gold_per_floor":[112,122,132,132,56,56,86,86,86,118,42,42,42,60,60,189,189,189,189,189,189,189,189,189],"floor_reached":23,"language":"ENG","playtime":365,"items_purged":[],"score":321,"play_id":"9040bda2-08f4-4735-b5d4-8d6efb39dee5","local_time":"20210213092146","is_ascension_mode":true,"campfire_choices":[{"data":"Eruption","floor":6,"key":"SMITH"},{"data":"SandsOfTime","floor":8,"key":"SMITH"},{"floor":15,"key":"REST"}],"circlet_count":0,"master_deck":["Strike_P+1","Strike_P","Strike_P","Strike_P+1","Defend_P","Defend_P+1","Defend_P+1","Defend_P","Eruption+1","Vigilance","SandsOfTime+1","EmptyFist+1","Protect","Tantrum","Wallop","SashWhip","CutThroughFate+1","RitualDagger","Decay"],"relics":["PureWater","War Paint","Shuriken","Regal Pillow","TeardropLocket","Golden Idol","Ectoplasm","Orichalcum"],"acts_visited":["Exordium","TheCity"],"potions_floor_usage":[7,10,18,23,23],"damage_taken":[{"damage":4,"enemies":"Jaw Worm","floor":1,"turns":2},{"damage":14,"enemies":"2 Louse","floor":2,"turns":2},{"damage":6,"enemies":"Small Slimes","floor":3,"turns":2},{"damage":0,"enemies":"Gremlin Nob","floor":7,"turns":2},{"damage":0,"enemies":"Lagavulin","floor":10,"turns":2},{"damage":0,"enemies":"Looter","floor":14,"turns":1},{"damage":6,"enemies":"The Guardian","floor":16,"turns":7},{"damage":5,"enemies":"Shell Parasite","floor":18,"turns":2},{"damage":9,"enemies":"3 Byrds","floor":21,"turns":3},{"damage":52,"enemies":"Slavers","floor":23,"turns":3}],"seed_played":"-767002084027334708","potions_obtained":[{"floor":1,"key":"Ambrosia"},{"floor":3,"key":"Explosive Potion"},{"floor":16,"key":"PowerPotion"},{"floor":21,"key":"ThievingMod:ThievingPotion"}],"is_trial":false,"path_per_floor":["M","M","M","?","$","R","E","R","T","E","$","?","?","M","R","B",null,"M","?","T","M","?","E"],"character_chosen":"WATCHER","items_purchased":["Tantrum","StancePotion"],"campfire_rested":1,"item_purchase_floors":[5,11],"current_hp_per_floor":[61,47,41,27,27,27,27,27,27,27,27,27,27,27,62,56,64,59,53,53,44,44,0,0],"gold":189,"neow_bonus":"RANDOM_COMMON_RELIC","is_daily":false,"chose_seed":false,"campfire_upgraded":2,"win_rate":0.0,"timestamp":1613226106,"path_taken":["M","M","M","?","$","R","E","R","T","E","$","?","?","M","R","BOSS","M","?","?","M","?","E"],"items_purchased_type":["Card","Potion"],"build_version":"2020-12-22","purchased_purges":0,"victory":false,"max_hp_per_floor":[72,72,72,72,72,72,72,72,72,72,72,72,67,67,67,67,67,67,67,67,67,67,67,67],"card_choices":[{"not_picked":["CrushJoints","Evaluate"],"picked":"SandsOfTime","floor":1},{"not_picked":["PathToVictory","Protect"],"picked":"EmptyFist","floor":2},{"not_picked":["BowlingBash","Pray"],"picked":"Protect","floor":3},{"not_picked":["Evaluate","BowlingBash","EmptyMind"],"picked":"SKIP","floor":7},{"not_picked":["BattleHymn","ForeignInfluence"],"picked":"Wallop","floor":10},{"not_picked":["Prostrate","Halt"],"picked":"SashWhip","floor":14},{"not_picked":["CrushJoints","Nirvana"],"picked":"CutThroughFate+1","floor":18},{"not_picked":["ClearTheMind","FlyingSleeves","EmptyFist"],"picked":"SKIP","floor":21}],"player_experience":202064,"relics_obtained":[{"floor":7,"key":"Shuriken"},{"floor":9,"key":"Regal Pillow"},{"floor":10,"key":"TeardropLocket"},{"floor":20,"key":"Orichalcum"}],"event_choices":[{"damage_healed":0,"gold_gain":0,"player_choice":"Entered Light","damage_taken":14,"max_hp_gain":0,"max_hp_loss":0,"event_name":"Shining Light","floor":4,"gold_loss":0,"cards_upgraded":["Strike_P","Strike_P"]},{"damage_healed":0,"gold_gain":0,"player_choice":"Grow","damage_taken":0,"max_hp_gain":0,"max_hp_loss":0,"event_name":"Living Wall","floor":12,"gold_loss":0,"cards_upgraded":["EmptyFist"]},{"damage_healed":0,"gold_gain":0,"player_choice":"Lose Max HP","damage_taken":0,"relics_obtained":["Golden Idol"],"max_hp_gain":0,"max_hp_loss":5,"event_name":"Golden Idol","floor":13,"gold_loss":0},{"damage_healed":0,"gold_gain":0,"player_choice":"Joined the Cult","damage_taken":6,"max_hp_gain":0,"max_hp_loss":0,"event_name":"Nest","floor":19,"gold_loss":0,"cards_obtained":["RitualDagger"]},{"damage_healed":0,"gold_gain":0,"player_choice":"Cursed","damage_taken":0,"max_hp_gain":0,"max_hp_loss":0,"event_name":"Wheel of Change","floor":22,"gold_loss":0,"cards_obtained":["Decay"]}],"is_beta":false,"boss_relics":[{"not_picked":["Empty Cage","Fusion Hammer"],"picked":"Ectoplasm"}],"items_purged_floors":[],"is_endless":false,"potions_floor_spawned":[1,3,16,21],"killed_by":"Slavers","ascension_level":6}}