{"host":"jpzdg3po3tjxdjri","time":1613256028,"event":{"mods":["BaseMod","Better Third Choice","Colored Map","Colored Powertips","Minty Spire (QoL Compilation)","StSLib"],"gold_per_floor":[115,115,127,127,138,163,163,189,263,287,299,38,38,65,65,161,161,173,187,187,207,207,236,236,269,317,317,343,30,49,49,49,154,154,174,184,41,51,51,51,63,63,113,146,46,46,0,18,18,18,18],"floor_reached":50,"language":"ENG","playtime":1711,"items_purged":["Decay","Strike_B"],"score":573,"play_id":"9aba4d70-9369-4c73-b6f5-08848639a81d","local_time":"20210213224028","is_ascension_mode":true,"campfire_choices":[{"floor":13,"key":"REST"},{"data":"Darkness","floor":15,"key":"SMITH"},{"data":"Echo Form","floor":24,"key":"SMITH"},{"floor":27,"key":"REST"},{"data":"Lockon","floor":32,"key":"SMITH"},{"floor":40,"key":"RECALL"},{"data":"Zap","floor":42,"key":"SMITH"},{"data":"Self Repair","floor":46,"key":"SMITH"},{"data":"Recycle","floor":49,"key":"SMITH"}],"circlet_count":0,"master_deck":["Strike_B","Defend_B","Defend_B+1","Defend_B","Defend_B","Zap+1","Dualcast","Cold Snap","Conserve Battery","Sweeping Beam","Core Surge+1","Conserve Battery","Lockon+1","Sweeping Beam","Darkness+1","Echo Form+1","Leap","Sweeping Beam+1","Compile Driver","Recycle+1","Rebound","Self Repair+1","Lockon","Electrodynamics","Compile Driver+1","Ball Lightning","Steam Power+1","Auto Shields","Coolheaded","Coolheaded+1","Compile Driver","Cold Snap"],"relics":["Cracked Core","Lizard Tail","Blood Vial","StrikeDummy","Sundial","Odd Mushroom","Matryoshka","Mummified Hand","Nuclear Battery","Symbiotic Virus","Ornamental Fan","Pear","Vajra","Happy Flower","Cables","Coffee Dripper","Runic Capacitor","Mercury Hourglass","Toxic Egg 2"],"acts_visited":["Exordium","TheCity","TheBeyond"],"potions_floor_usage":[6,8,14,23,25,28,33,44,44,50],"damage_taken":[{"damage":1,"enemies":"Cultist","floor":1,"turns":4},{"damage":8,"enemies":"Small Slimes","floor":3,"turns":3},{"damage":3,"enemies":"2 Louse","floor":5,"turns":3},{"damage":6,"enemies":"3 Sentries","floor":6,"turns":6},{"damage":14,"enemies":"Gremlin Nob","floor":8,"turns":4},{"damage":8,"enemies":"The Mushroom Lair","floor":10,"turns":4},{"damage":0,"enemies":"2 Fungi Beasts","floor":11,"turns":3},{"damage":1,"enemies":"3 Sentries","floor":14,"turns":5},{"damage":23,"enemies":"Hexaghost","floor":16,"turns":11},{"damage":6,"enemies":"Spheric Guardian","floor":18,"turns":4},{"damage":0,"enemies":"Chosen","floor":19,"turns":5},{"damage":13,"enemies":"Centurion and Healer","floor":21,"turns":6},{"damage":10,"enemies":"Book of Stabbing","floor":23,"turns":4},{"damage":26,"enemies":"Slavers","floor":25,"turns":7},{"damage":31,"enemies":"Gremlin Leader","floor":28,"turns":4},{"damage":4,"enemies":"Cultist and Chosen","floor":30,"turns":4},{"damage":73,"enemies":"Automaton","floor":33,"turns":11},{"damage":11,"enemies":"3 Shapes","floor":35,"turns":5},{"damage":24,"enemies":"3 Darklings","floor":36,"turns":4},{"damage":30,"enemies":"Spire Growth","floor":38,"turns":4},{"damage":0,"enemies":"4 Shapes","floor":41,"turns":3},{"damage":44,"enemies":"Giant Head","floor":44,"turns":7},{"damage":8,"enemies":"3 Darklings","floor":48,"turns":3},{"damage":13,"enemies":"Awakened One","floor":50,"turns":2}],"seed_played":"-5772957322253280521","potions_obtained":[{"floor":3,"key":"AttackPotion"},{"floor":6,"key":"DuplicationPotion"},{"floor":11,"key":"AttackPotion"},{"floor":14,"key":"Explosive Potion"},{"floor":19,"key":"Fire Potion"},{"floor":23,"key":"GamblersBrew"},{"floor":25,"key":"CultistPotion"},{"floor":38,"key":"FocusPotion"},{"floor":41,"key":"Fire Potion"},{"floor":44,"key":"Fire Potion"}],"is_trial":false,"path_per_floor":["M","?","M","?","M","E","?","E","T","?","M","$","R","E","R","B",null,"M","M","?","M","?","E","R","E","T","R","E","$","M","$","R","B",null,"M","M","$","M","?","R","M","R","T","E","$","R","$","M","R","B"],"character_chosen":"DEFECT","items_purchased":["Matryoshka","Cables","Runic Capacitor","Compile Driver"],"campfire_rested":2,"item_purchase_floors":[12,29,37,47],"current_hp_per_floor":[74,67,59,59,56,50,35,23,23,17,19,19,41,42,42,21,75,69,71,71,60,60,52,52,28,38,63,34,34,39,39,39,26,85,81,66,66,38,38,38,47,47,47,12,12,12,12,6,6,0,0],"gold":18,"neow_bonus":"ONE_RANDOM_RARE_CARD","is_daily":false,"chose_seed":false,"campfire_upgraded":6,"win_rate":0.0,"timestamp":1613256028,"path_taken":["M","?","M","?","?","E","?","E","T","?","M","$","R","E","R","BOSS","M","M","?","?","?","E","R","E","T","R","E","$","M","$","R","BOSS","M","M","$","M","?","R","M","R","T","E","$","R","$","M","R","BOSS"],"items_purchased_type":["Relic","Relic","Relic","Card"],"build_version":"2020-12-22","purchased_purges":2,"victory":false,"max_hp_per_floor":[75,75,75,75,75,75,75,75,75,75,75,75,75,75,75,75,75,75,75,75,75,75,75,75,75,85,85,85,85,85,85,85,85,85,85,85,85,85,85,85,85,85,85,85,85,85,85,85,85,85,85],"card_choices":[{"not_picked":["Go for the Eyes","Coolheaded"],"picked":"Cold Snap","floor":1},{"not_picked":["Turbo","Compile Driver"],"picked":"Conserve Battery","floor":3},{"not_picked":["Go for the Eyes","Self Repair"],"picked":"Sweeping Beam","floor":5},{"not_picked":["Reprogram","Sweeping Beam"],"picked":"Core Surge","floor":6},{"not_picked":["Reinforced Body","Sunder"],"picked":"Conserve Battery","floor":8},{"not_picked":["Rip and Tear","Coolheaded"],"picked":"Lockon","floor":10},{"not_picked":["Beam Cell","Go for the Eyes"],"picked":"Sweeping Beam","floor":11},{"not_picked":["Hologram","Conserve Battery"],"picked":"Darkness","floor":14},{"not_picked":["Multi-Cast","Meteor Strike"],"picked":"Echo Form","floor":16},{"not_picked":["Hello World","Streamline"],"picked":"Leap","floor":18},{"not_picked":["Stack","Leap"],"picked":"Sweeping Beam+1","floor":19},{"not_picked":["Heatsinks","Beam Cell"],"picked":"Compile Driver","floor":21},{"not_picked":["Skim","Storm+1"],"picked":"Recycle","floor":23},{"not_picked":["Recycle+1","Beam Cell+1"],"picked":"Rebound","floor":25},{"not_picked":["Thunder Strike","Chaos"],"picked":"Self Repair","floor":28},{"not_picked":["Coolheaded","Streamline"],"picked":"Lockon","floor":30},{"not_picked":["Meteor Strike","Biased Cognition"],"picked":"Electrodynamics","floor":33},{"not_picked":["FTL","White Noise"],"picked":"Compile Driver+1","floor":35},{"not_picked":["Force Field+1","Steam"],"picked":"Ball Lightning","floor":36},{"not_picked":["Steam+1","Tempest+1"],"picked":"Steam Power+1","floor":38},{"not_picked":["Skim","Turbo"],"picked":"Coolheaded","floor":41},{"not_picked":["Go for the Eyes","Rebound+1"],"picked":"Coolheaded+1","floor":44},{"not_picked":["Skim+1","Go for the Eyes"],"picked":"Cold Snap","floor":48}],"player_experience":902676,"relics_obtained":[{"floor":6,"key":"Blood Vial"},{"floor":8,"key":"StrikeDummy"},{"floor":9,"key":"Sundial"},{"floor":10,"key":"Odd Mushroom"},{"floor":14,"key":"Mummified Hand"},{"floor":23,"key":"Symbiotic Virus"},{"floor":25,"key":"Ornamental Fan"},{"floor":26,"key":"Pear"},{"floor":26,"key":"Vajra"},{"floor":28,"key":"Happy Flower"},{"floor":43,"key":"Mercury Hourglass"},{"floor":44,"key":"Toxic Egg 2"}],"event_choices":[{"cards_removed":["Strike_B"],"damage_healed":0,"gold_gain":0,"player_choice":"Card Removal","damage_taken":7,"max_hp_gain":0,"max_hp_loss":0,"event_name":"Golden Wing","floor":2,"gold_loss":0},{"cards_removed":["Buffer"],"damage_healed":0,"gold_gain":0,"player_choice":"Gave Card","damage_taken":0,"relics_obtained":["Lizard Tail"],"max_hp_gain":0,"max_hp_loss":0,"event_name":"WeMeetAgain","floor":4,"gold_loss":0},{"damage_healed":50,"gold_gain":0,"player_choice":"Upgrade","damage_taken":15,"max_hp_gain":0,"max_hp_loss":75,"event_name":"betterThird:BetterShining","floor":7,"gold_loss":0,"cards_upgraded":["Defend_B","Core Surge"]},{"damage_healed":0,"gold_gain":0,"player_choice":"Fought Mushrooms","damage_taken":0,"max_hp_gain":0,"max_hp_loss":0,"event_name":"Mushrooms","floor":10,"gold_loss":0},{"damage_healed":0,"gold_gain":0,"player_choice":"Ignored","damage_taken":0,"max_hp_gain":0,"max_hp_loss":0,"event_name":"N\u0027loth","floor":20,"gold_loss":0},{"damage_healed":0,"gold_gain":0,"player_choice":"Cursed","damage_taken":0,"max_hp_gain":0,"max_hp_loss":0,"event_name":"Wheel of Change","floor":22,"gold_loss":0,"cards_obtained":["Decay"]},{"damage_healed":0,"gold_gain":0,"cards_transformed":["Strike_B"],"player_choice":"Transformed","damage_taken":0,"max_hp_gain":0,"max_hp_loss":0,"event_name":"Transmorgrifier","floor":39,"gold_loss":0,"cards_obtained":["Auto Shields"]}],"is_beta":false,"boss_relics":[{"not_picked":["Snecko Eye","Busted Crown"],"picked":"Nuclear Battery"},{"not_picked":["Runic Pyramid","Runic Dome"],"picked":"Coffee Dripper"}],"items_purged_floors":[29,45],"is_endless":false,"potions_floor_spawned":[3,6,11,14,19,23,25,38,41,44],"killed_by":"Awakened One","ascension_level":1}}