{"host":"vfg9szunmpjwj08o","time":1613258451,"event":{"mods":["Act Like it!","BaseMod","BetterRewards","Bossed Relics","Challenge The Spire","Colored Map","Colored Powertips","Dark Map","Highlight Path","Minty Spire (QoL Compilation)","Quick Restart","Relic Stats","StSLib","Waifu the Spire","everything is the same but u backflip on backflip"],"gold_per_floor":[115,115,128,139,150,180,11,11,11],"floor_reached":8,"language":"ENG","playtime":405,"items_purged":[],"score":87,"play_id":"31c4236e-9f5b-4699-8f7d-96643c10693e","local_time":"20210214002051","is_ascension_mode":true,"campfire_choices":[],"circlet_count":0,"master_deck":["AscendersBane","Strike_P","Strike_P","Strike_P+1","Strike_P","Defend_P","Defend_P","Defend_P","Defend_P","Eruption","Vigilance","Scrawl+1","EmptyBody","Sanctity","CutThroughFate","LikeWater","Apotheosis"],"relics":["PureWater","Tiny Chest"],"acts_visited":["Exordium"],"potions_floor_usage":[],"damage_taken":[{"damage":2,"enemies":"Jaw Worm","floor":1,"turns":3},{"damage":0,"enemies":"2 Louse","floor":3,"turns":2},{"damage":1,"enemies":"Cultist","floor":4,"turns":3},{"damage":6,"enemies":"Exordium Wildlife","floor":5,"turns":5},{"damage":14,"enemies":"3 Sentries","floor":6,"turns":8},{"damage":33,"enemies":"Gremlin Nob","floor":8,"turns":4}],"seed_played":"7499605581498860614","potions_obtained":[{"floor":4,"key":"SpeedPotion"},{"floor":6,"key":"BottledMiracle"}],"is_trial":false,"path_per_floor":["M","?","M","M","M","E","$","E"],"character_chosen":"WATCHER","items_purchased":["Apotheosis"],"campfire_rested":0,"item_purchase_floors":[7],"current_hp_per_floor":[63,49,49,48,42,28,28,0,0],"gold":11,"neow_bonus":"ONE_RANDOM_RARE_CARD","is_daily":false,"chose_seed":false,"campfire_upgraded":0,"win_rate":0.0,"timestamp":1613258451,"path_taken":["M","?","M","M","M","E","$","E"],"items_purchased_type":["Card"],"build_version":"2020-12-22","purchased_purges":0,"victory":false,"max_hp_per_floor":[72,72,72,72,72,72,72,72,72],"relic_stats":{"counters":[6,25],"Tiny Chest":0,"obtain_stats":[{"Tiny Chest":6,"PureWater":0},{"Tiny Chest":5,"PureWater":0},{"Tiny Chest":21,"PureWater":0}]},"card_choices":[{"not_picked":["Crescendo","CrushJoints"],"picked":"EmptyBody","floor":1},{"not_picked":["Vengeance","BowlingBash"],"picked":"Sanctity","floor":3},{"not_picked":["Halt","WaveOfTheHand","EmptyBody"],"picked":"SKIP","floor":4},{"not_picked":["FearNoEvil","Crescendo"],"picked":"CutThroughFate","floor":5},{"not_picked":["SignatureMove","FlyingSleeves"],"picked":"LikeWater","floor":6}],"player_experience":1112874,"relics_obtained":[{"floor":6,"key":"Tiny Chest"}],"event_choices":[{"damage_healed":0,"gold_gain":0,"player_choice":"Entered Light","damage_taken":14,"max_hp_gain":0,"max_hp_loss":0,"event_name":"Shining Light","floor":2,"gold_loss":0,"cards_upgraded":["Strike_P","Scrawl"]}],"is_beta":false,"boss_relics":[],"items_purged_floors":[],"is_endless":false,"potions_floor_spawned":[4,6],"killed_by":"Gremlin Nob","ascension_level":10}}