{"host":"e4wnmsyty9uvvtwf","time":1613186100,"event":{"mods":["Act Like it!","BaseMod","Colored Map","Colored Powertips","Gensokyo","Koishi","Minty Spire (QoL Compilation)","StSLib"],"gold_per_floor":[114,114,132,144,28,60,60,92,92,0,0,215,215,233,233,233,233],"floor_reached":16,"language":"ZHS","playtime":529,"items_purged":[],"score":173,"play_id":"ed1dfb87-3dba-44a0-a172-aff3685b76b6","local_time":"20210213111500","is_ascension_mode":true,"campfire_choices":[{"data":"Koishi:TraumaticStroke","floor":7,"key":"SMITH"},{"data":"Koishi:ImGoingToCallYouNow","floor":13,"key":"SMITH"},{"floor":15,"key":"REST"}],"circlet_count":0,"master_deck":["AscendersBane","Koishi:BasicStrike","Koishi:BasicStrike","Koishi:BasicStrike","Koishi:BasicStrike","Koishi:BasicDefend","Koishi:BasicDefend","Koishi:BasicDefend","Koishi:BasicDefend","Koishi:Provoke","Koishi:HauntingSlash","Koishi:TraumaticStroke+1","Koishi:SuperEgo","Koishi:ImGoingToCallYouNow+1","Koishi:SprinkleStarAndHeart","Koishi:TremblingHands","Koishi:UnconsciousUprising+1","Koishi:MassHysteria+1","Koishi:SubterraneanRose+1","Koishi:YoukaiPolygraph"],"relics":["Koishi:ImaginaryFriend","Gensokyo:YoukaiFlower","PreservedInsect","Blue Candle","Toxic Egg 2","Prayer Wheel"],"acts_visited":["Exordium"],"potions_floor_usage":[6],"damage_taken":[{"damage":1,"enemies":"Gensokyo:2_Kodama","floor":1,"turns":4},{"damage":2,"enemies":"Gensokyo:Python","floor":3,"turns":4},{"damage":4,"enemies":"Gensokyo:3_Fairies","floor":4,"turns":5},{"damage":29,"enemies":"Gensokyo:Cirno","floor":6,"turns":8},{"damage":22,"enemies":"Gensokyo:Aya","floor":8,"turns":7},{"damage":2,"enemies":"Gensokyo:VengefulSpirit","floor":12,"turns":5},{"damage":0,"enemies":"Gensokyo:CorruptedTreant","floor":14,"turns":1},{"damage":9,"enemies":"Gensokyo:Yukari","floor":16,"turns":7}],"seed_played":"-9219837409594542700","potions_obtained":[{"floor":4,"key":"Regen Potion"},{"floor":6,"key":"DistilledChaos"},{"floor":12,"key":"GamblersBrew"}],"is_trial":false,"path_per_floor":["M","?","M","M","COS","E","R","E","T","$","$","M","R","M","R","B"],"character_chosen":"KOISHI","items_purchased":["Koishi:TremblingHands","Koishi:UnconsciousUprising+1"],"campfire_rested":1,"item_purchase_floors":[10,10],"current_hp_per_floor":[56,56,56,53,53,41,41,21,21,21,21,26,26,27,45,36,36],"gold":233,"neow_bonus":"TEN_PERCENT_HP_BONUS","is_daily":false,"chose_seed":false,"campfire_upgraded":2,"win_rate":0.0,"timestamp":1613186100,"path_taken":["M","?","M","?","COS","E","R","E","T","?","$","?","R","M","R","BOSS"],"items_purchased_type":["Card","Card"],"build_version":"2020-12-22","purchased_purges":0,"victory":false,"max_hp_per_floor":[62,62,62,62,62,62,62,62,62,62,62,62,62,62,62,62,62],"card_choices":[{"not_picked":["Koishi:Jaunt","Koishi:RacingHeart"],"picked":"Koishi:BloodcurdlingScream","floor":1},{"not_picked":["Koishi:PhantomBarrier","Koishi:PhantomStrike"],"picked":"Koishi:TraumaticStroke","floor":3},{"not_picked":["Koishi:EmbryosDream","Koishi:UnansweredLove","Koishi:UnconsciousUprising"],"picked":"SKIP","floor":4},{"not_picked":["Koishi:EmbryosDream","Koishi:FleetingPhantom"],"picked":"Koishi:SuperEgo","floor":6},{"not_picked":["Koishi:GrowingPain","Koishi:MentalBreakdown"],"picked":"Koishi:ImGoingToCallYouNow","floor":8},{"not_picked":["Koishi:Possession","Koishi:TraumaticStroke"],"picked":"Koishi:SprinkleStarAndHeart","floor":8},{"not_picked":["Koishi:StrangeCloudFist","Koishi:Possession+1"],"picked":"Koishi:MassHysteria+1","floor":12},{"not_picked":["Koishi:Jaunt","Koishi:CatchAndRose+1"],"picked":"Koishi:SubterraneanRose+1","floor":12},{"not_picked":["Koishi:DanmakuParanoia+1","Koishi:ReflexRadar+1"],"picked":"Koishi:YoukaiPolygraph","floor":14},{"not_picked":["Koishi:StrangeCloudFist","Koishi:FidgetySnatcher","Koishi:FleetingPhantom+1"],"picked":"SKIP","floor":14}],"player_experience":562161,"relics_obtained":[{"floor":6,"key":"PreservedInsect"},{"floor":8,"key":"Blue Candle"},{"floor":9,"key":"Toxic Egg 2"}],"event_choices":[],"is_beta":false,"boss_relics":[],"items_purged_floors":[],"is_endless":false,"potions_floor_spawned":[4,6,12],"killed_by":"Gensokyo:Yukari","ascension_level":14}}