{"host":"7l2t4psy44vpcd9q","time":1613230506,"event":{"mods":["AchievementEnabler","BaseMod","DeckTracker","Minty Spire (QoL Compilation)","SuperFastMode"],"gold_per_floor":[112,122,122,122,136,162,162,127,127,153,167,198,198,123,123,200,200,213,78,78,92,18,18,51,51,51,80,80,80,80,105,105,177,227,243,254,133,143,143,143],"floor_reached":39,"language":"KOR","playtime":1458,"items_purged":["Strike_R"],"score":906,"play_id":"030f1502-668e-431b-b7b8-25b26e7de40a","local_time":"20210214003506","is_ascension_mode":true,"campfire_choices":[{"floor":7.0,"key":"REST"},{"data":"Inflame","floor":13.0,"key":"SMITH"},{"data":"Bash","floor":15.0,"key":"SMITH"},{"data":"Demon Form","floor":23.0,"key":"SMITH"},{"data":"Dark Embrace","floor":25.0,"key":"SMITH"},{"data":"Offering","floor":29.0,"key":"SMITH"},{"floor":32.0,"key":"REST"}],"circlet_count":0,"master_deck":["AscendersBane","Strike_R","Strike_R","Defend_R+1","Defend_R","Defend_R","Defend_R","Bash+1","Pummel","Inflame+1","Reckless Charge","Disarm","Pommel Strike","Clothesline","Pummel","Demon Form+1","Rage+1","Shrug It Off","Battle Trance","Shrug It Off","Whirlwind","Intimidate","Dark Embrace+1","Offering+1","Sword Boomerang","Reaper","Feel No Pain","Shrug It Off"],"relics":["Velvet Choker","Charon\u0027s Ashes","MealTicket","Prayer Wheel","Boot","Torii","Empty Cage","Centennial Puzzle","Pear","PreservedInsect","Regal Pillow","Tiny House","Singing Bowl"],"acts_visited":["Exordium","TheCity","TheBeyond"],"potions_floor_usage":[38],"damage_taken":[{"damage":1.0,"enemies":"Cultist","floor":1.0,"turns":3.0},{"damage":19.0,"enemies":"Jaw Worm","floor":2.0,"turns":4.0},{"damage":8.0,"enemies":"2 Louse","floor":5.0,"turns":2.0},{"damage":31.0,"enemies":"Gremlin Nob","floor":6.0,"turns":4.0},{"damage":15.0,"enemies":"3 Sentries","floor":10.0,"turns":5.0},{"damage":1.0,"enemies":"Blue Slaver","floor":11.0,"turns":2.0},{"damage":15.0,"enemies":"Lagavulin","floor":12.0,"turns":5.0},{"damage":8.0,"enemies":"Hexaghost","floor":16.0,"turns":7.0},{"damage":12.0,"enemies":"3 Byrds","floor":18.0,"turns":3.0},{"damage":1.0,"enemies":"Spheric Guardian","floor":21.0,"turns":3.0},{"damage":20.0,"enemies":"Slavers","floor":24.0,"turns":3.0},{"damage":14.0,"enemies":"Book of Stabbing","floor":27.0,"turns":5.0},{"damage":9.0,"enemies":"Colosseum Slavers","floor":30.0,"turns":3.0},{"damage":35.0,"enemies":"Gremlin Leader","floor":31.0,"turns":3.0},{"damage":57.0,"enemies":"Automaton","floor":33.0,"turns":8.0},{"damage":47.0,"enemies":"Orb Walker","floor":35.0,"turns":6.0},{"damage":0.0,"enemies":"3 Shapes","floor":36.0,"turns":6.0},{"damage":34,"enemies":"Jaw Worm Horde","floor":38,"turns":3},{"damage":18,"enemies":"Maw","floor":39,"turns":2}],"seed_played":"4034594015867168117","potions_obtained":[{"floor":1.0,"key":"ColorlessPotion"},{"floor":10.0,"key":"PowerPotion"},{"floor":11.0,"key":"SkillPotion"},{"floor":16.0,"key":"Regen Potion"},{"floor":24.0,"key":"Dexterity Potion"},{"floor":27.0,"key":"ColorlessPotion"},{"floor":34.0,"key":"SpeedPotion"},{"floor":38,"key":"Explosive Potion"}],"is_trial":false,"path_per_floor":["M","M","?","?","M","E","R","?","T","E","M","E","R","$","R","B",null,"M","$","?","M","$","R","E","R","T","E","$","R","?","E","R","B",null,"M","M","?","M","M"],"character_chosen":"IRONCLAD","items_purchased":["Battle Trance","PowerPotion","Intimidate"],"campfire_rested":2,"item_purchase_floors":[19,19,22],"current_hp_per_floor":[67,48,73,68,60,29,51,69,69,54,53,38,38,53,53,45,68,65,75,75,74,75,75,55,55,65,51,66,66,57,22,62,5,70,30,30,30,5,0,0],"gold":143,"neow_bonus":"BOSS_RELIC","is_daily":false,"chose_seed":false,"campfire_upgraded":5,"win_rate":0.0,"timestamp":1613230506,"path_taken":["M","M","?","?","M","E","R","?","T","E","M","E","R","?","R","BOSS","M","$","?","M","$","R","E","R","T","E","$","R","?","E","R","BOSS","M","M","?","M","?"],"items_purchased_type":["Card","Potion","Card"],"build_version":"2020-12-22","purchased_purges":1,"victory":false,"max_hp_per_floor":[75,75,75,75,75,75,75,75,75,75,75,75,75,75,75,75,75,75,75,75,75,75,75,75,75,85,85,85,85,85,85,85,85,90,90,90,90,94,94,94],"card_choices":[{"not_picked":["Bloodletting","Havoc"],"picked":"Pummel","floor":1.0},{"not_picked":["Infernal Blade","Twin Strike"],"picked":"Inflame","floor":2.0},{"not_picked":["Armaments","Iron Wave"],"picked":"Reckless Charge","floor":5.0},{"not_picked":["Evolve","Cleave"],"picked":"Disarm","floor":6.0},{"not_picked":["Cleave","Body Slam","Iron Wave"],"picked":"SKIP","floor":10.0},{"not_picked":["Wild Strike","Flex"],"picked":"Pommel Strike","floor":11.0},{"not_picked":["Perfected Strike","Havoc"],"picked":"Clothesline","floor":11.0},{"not_picked":["Shrug It Off","Bludgeon"],"picked":"Pummel","floor":12.0},{"not_picked":["Double Tap","Reaper"],"picked":"Demon Form","floor":16.0},{"not_picked":["Sword Boomerang","Pummel"],"picked":"Rage+1","floor":18.0},{"not_picked":["Anger","Second Wind"],"picked":"Shrug It Off","floor":18.0},{"not_picked":["Warcry","Perfected Strike"],"picked":"Shrug It Off","floor":21.0},{"not_picked":["Havoc","Twin Strike"],"picked":"Whirlwind","floor":21.0},{"not_picked":["Second Wind","Rupture"],"picked":"Dark Embrace","floor":24.0},{"not_picked":["Rupture","Wild Strike"],"picked":"Offering","floor":27.0},{"not_picked":["Offering","Fire Breathing"],"picked":"Sword Boomerang","floor":31.0},{"not_picked":["Double Tap","Berserk"],"picked":"Reaper","floor":33.0},{"not_picked":["Iron Wave+1","Heavy Blade+1"],"picked":"Feel No Pain","floor":35.0},{"not_picked":["Iron Wave","Combust+1","Cleave+1"],"picked":"SKIP","floor":35.0},{"not_picked":["Clash","Inflame"],"picked":"Shrug It Off","floor":36.0},{"not_picked":["Pommel Strike","Warcry","Infernal Blade+1"],"picked":"SKIP","floor":36.0},{"not_picked":["Hemokinesis+1","Metallicize+1","Heavy Blade"],"picked":"Singing Bowl","floor":38},{"not_picked":["Shrug It Off","Armaments","Wild Strike"],"picked":"Singing Bowl","floor":38}],"player_experience":1298366,"relics_obtained":[{"floor":6.0,"key":"MealTicket"},{"floor":9.0,"key":"Prayer Wheel"},{"floor":10.0,"key":"Boot"},{"floor":12.0,"key":"Torii"},{"floor":24.0,"key":"Centennial Puzzle"},{"floor":26.0,"key":"Pear"},{"floor":27.0,"key":"PreservedInsect"},{"floor":31.0,"key":"Regal Pillow"}],"event_choices":[{"damage_healed":25.0,"max_hp_gain":0.0,"max_hp_loss":0.0,"gold_gain":0.0,"event_name":"Big Fish","player_choice":"Banana","floor":3.0,"gold_loss":0.0,"damage_taken":0.0},{"damage_healed":0.0,"max_hp_gain":0.0,"max_hp_loss":0.0,"gold_gain":0.0,"event_name":"Scrap Ooze","player_choice":"Success","floor":4.0,"gold_loss":0.0,"damage_taken":5.0,"relics_obtained":["Charon\u0027s Ashes"]},{"damage_healed":18.0,"max_hp_gain":0.0,"max_hp_loss":0.0,"gold_gain":0.0,"event_name":"The Cleric","player_choice":"Healed","floor":8.0,"gold_loss":35.0,"damage_taken":0.0},{"damage_healed":0.0,"max_hp_gain":0.0,"max_hp_loss":0.0,"gold_gain":0.0,"event_name":"Ghosts","player_choice":"Ignored","floor":20.0,"gold_loss":0.0,"damage_taken":0.0},{"damage_healed":0.0,"max_hp_gain":0.0,"max_hp_loss":0.0,"gold_gain":0.0,"event_name":"Colosseum","player_choice":"Fight","floor":30.0,"gold_loss":0.0,"damage_taken":0.0},{"damage_healed":0.0,"max_hp_gain":0.0,"max_hp_loss":0.0,"gold_gain":0.0,"event_name":"Colosseum","player_choice":"Fled From Nobs","floor":30.0,"gold_loss":0.0,"damage_taken":0.0},{"damage_healed":0.0,"max_hp_gain":0.0,"max_hp_loss":0.0,"gold_gain":0.0,"event_name":"WeMeetAgain","player_choice":"Paid Gold","floor":37.0,"gold_loss":121.0,"damage_taken":0.0,"relics_obtained":["Singing Bowl"]}],"is_beta":false,"boss_relics":[{"not_picked":["Runic Cube","Busted Crown"],"picked":"Empty Cage"},{"not_picked":["Calling Bell","Runic Dome"],"picked":"Tiny House"}],"items_purged_floors":[14],"is_endless":false,"potions_floor_spawned":[1,10,11,16,24,27,38],"killed_by":"Maw","ascension_level":20}}