{"host":"0mhttqdumuceah7q","time":1613216810,"event":{"mods":["AchievementEnabler","BaseMod","Colored Map","DeckTracker","Minty Spire (QoL Compilation)","Permanent Neow"],"gold_per_floor":[111,111,121,137,137,168,168,187,210,224,77,112,112,132,132,234,234,253,266,266,33,47,82,82,98,123,123,136,152,152,152,152,248,248,262,74,74,88,106,141,156,156,156,167,185,217,229,239,239,239,239],"floor_reached":50,"language":"KOR","playtime":3483,"items_purged":[],"score":565,"play_id":"5232271e-6583-44d0-8c56-8ffa2f3b3a83","local_time":"20210213204650","is_ascension_mode":false,"campfire_choices":[{"floor":7,"key":"REST"},{"data":"Anger","floor":13,"key":"SMITH"},{"data":"Inflame","floor":15,"key":"SMITH"},{"data":"Reaper","floor":24,"key":"SMITH"},{"data":"RitualDagger","floor":27,"key":"SMITH"},{"data":"Pommel Strike","floor":30,"key":"SMITH"},{"data":"Shockwave","floor":32,"key":"SMITH"},{"data":"Fiend Fire","floor":42,"key":"SMITH"},{"floor":49,"key":"REST"}],"circlet_count":0,"master_deck":["Defend_R","Defend_R+1","Defend_R+1","Bash+1","Intimidate","Anger+1","Anger+1","Perfected Strike","Seeing Red","Cleave","Inflame+1","Headbutt","Pommel Strike","Carnage","Reaper+1","Dark Embrace","Combust+1","RitualDagger+1","Uppercut","Clothesline","Pommel Strike+1","Shockwave+1","Burning Pact+1","Cleave+1","Fiend Fire+1","Disarm+1","Dual Wield+1","Armaments+1","Inflame+1","Mayhem","Metamorphosis","Mayhem","Apotheosis","Disarm+1","Iron Wave+1","Second Wind+1","Flame Barrier+1","Intimidate+1","Impervious","Heavy Blade+1"],"relics":["Burning Blood","Strawberry","MealTicket","Red Skull","Potion Belt","Snecko Eye","Bag of Preparation","InkBottle","Ancient Tea Set","Self Forming Clay","Astrolabe","Bottled Tornado","Gremlin Horn","Whetstone"],"acts_visited":["Exordium","TheCity","TheBeyond"],"potions_floor_usage":[6,12,16,22,23,23,40,45,46,46,50,50,50],"damage_taken":[{"damage":6,"enemies":"Cultist","floor":1,"turns":4},{"damage":0,"enemies":"Small Slimes","floor":3,"turns":3},{"damage":0,"enemies":"Jaw Worm","floor":4,"turns":3},{"damage":40,"enemies":"Lagavulin","floor":6,"turns":7},{"damage":2,"enemies":"Exordium Wildlife","floor":8,"turns":4},{"damage":4,"enemies":"Looter","floor":10,"turns":3},{"damage":22,"enemies":"3 Sentries","floor":12,"turns":5},{"damage":6,"enemies":"Exordium Thugs","floor":14,"turns":4},{"damage":23,"enemies":"Slime Boss","floor":16,"turns":9},{"damage":5,"enemies":"3 Byrds","floor":18,"turns":3},{"damage":0,"enemies":"Chosen","floor":19,"turns":3},{"damage":46,"enemies":"Snake Plant","floor":22,"turns":5},{"damage":21,"enemies":"Slavers","floor":23,"turns":3},{"damage":29,"enemies":"Centurion and Healer","floor":25,"turns":5},{"damage":24,"enemies":"3 Cultists","floor":28,"turns":5},{"damage":21,"enemies":"Snake Plant","floor":29,"turns":2},{"damage":30,"enemies":"Collector","floor":33,"turns":5},{"damage":11,"enemies":"Orb Walker","floor":35,"turns":2},{"damage":12,"enemies":"3 Shapes","floor":38,"turns":1},{"damage":14,"enemies":"Transient","floor":39,"turns":5},{"damage":41,"enemies":"Nemesis","floor":40,"turns":7},{"damage":15,"enemies":"3 Darklings","floor":41,"turns":4},{"damage":16,"enemies":"Maw","floor":44,"turns":4},{"damage":4,"enemies":"Sphere and 2 Shapes","floor":45,"turns":3},{"damage":19,"enemies":"Giant Head","floor":46,"turns":5},{"damage":16,"enemies":"4 Shapes","floor":47,"turns":3},{"damage":13,"enemies":"3 Darklings","floor":48,"turns":3},{"damage":79,"enemies":"Donu and Deca","floor":50,"turns":6}],"seed_played":"5724458601994675061","potions_obtained":[{"floor":3,"key":"Ancient Potion"},{"floor":4,"key":"Dexterity Potion"},{"floor":8,"key":"Block Potion"},{"floor":14,"key":"Weak Potion"},{"floor":16,"key":"SteroidPotion"},{"floor":22,"key":"SkillPotion"},{"floor":23,"key":"BlessingOfTheForge"},{"floor":33,"key":"LiquidMemories"},{"floor":35,"key":"Explosive Potion"},{"floor":39,"key":"FearPotion"},{"floor":41,"key":"LiquidBronze"},{"floor":44,"key":"HeartOfIron"},{"floor":45,"key":"Energy Potion"}],"is_trial":false,"path_per_floor":["M","?","M","M","?","E","R","M","T","M","$","E","R","M","R","B",null,"M","M","?","$","M","E","R","M","T","R","M","M","R","?","R","B",null,"M","$","?","M","M","E","M","R","T","M","M","E","M","M","R","B"],"character_chosen":"IRONCLAD","items_purchased":["Red Skull","Bag of Preparation","Uppercut","Mayhem"],"campfire_rested":2,"item_purchase_floors":[11,21,21,36],"current_hp_per_floor":[56,40,46,52,45,18,44,48,48,50,65,49,49,49,49,32,87,87,87,81,87,51,66,66,51,51,51,43,34,34,34,34,31,87,82,87,77,71,63,28,43,43,43,39,57,44,54,47,73,0,0],"gold":239,"neow_bonus":"TRANSFORM_TWO_CARDS","is_daily":false,"chose_seed":false,"campfire_upgraded":7,"win_rate":0.0,"timestamp":1613216810,"path_taken":["M","?","M","M","?","E","R","M","T","M","$","E","R","M","R","BOSS","M","M","?","$","M","E","R","M","T","R","M","M","R","?","R","BOSS","M","$","?","M","M","E","M","R","T","M","M","E","M","M","R","BOSS"],"items_purchased_type":["Relic","Relic","Card","Card"],"build_version":"2020-12-22","purchased_purges":0,"victory":false,"max_hp_per_floor":[80,80,80,80,80,87,87,87,87,87,87,87,87,87,87,87,87,87,87,87,87,87,87,87,87,87,87,87,87,87,87,87,87,87,87,87,87,87,87,87,87,87,87,87,87,87,87,87,87,87,87],"card_choices":[{"not_picked":["Body Slam","Wild Strike"],"picked":"Anger","floor":1},{"not_picked":["Cleave","Second Wind"],"picked":"Perfected Strike","floor":3},{"not_picked":["Twin Strike","Flex"],"picked":"Seeing Red","floor":4},{"not_picked":["Shrug It Off","True Grit"],"picked":"Cleave","floor":6},{"not_picked":["Fire Breathing","Searing Blow"],"picked":"Inflame","floor":8},{"not_picked":["Warcry","Iron Wave"],"picked":"Headbutt","floor":10},{"not_picked":["Shrug It Off","Sever Soul"],"picked":"Pommel Strike","floor":12},{"not_picked":["Fiend Fire","Body Slam"],"picked":"Carnage","floor":14},{"not_picked":["Feed","Limit Break"],"picked":"Reaper","floor":16},{"not_picked":["Second Wind+1","Intimidate"],"picked":"Dark Embrace","floor":18},{"not_picked":["Anger+1","Shrug It Off+1"],"picked":"Combust+1","floor":19},{"not_picked":["Ghostly Armor","Iron Wave"],"picked":"Clothesline","floor":22},{"not_picked":["Dark Embrace","Shrug It Off"],"picked":"Pommel Strike","floor":23},{"not_picked":["Thunderclap","Warcry"],"picked":"Shockwave","floor":25},{"not_picked":["Pommel Strike","Uppercut"],"picked":"Burning Pact+1","floor":28},{"not_picked":["Dual Wield+1","Disarm"],"picked":"Cleave+1","floor":29},{"not_picked":["Offering","Limit Break"],"picked":"Fiend Fire","floor":33},{"not_picked":["Warcry+1","Sword Boomerang+1"],"picked":"Inflame+1","floor":35},{"not_picked":["Purity","Dramatic Entrance"],"picked":"Metamorphosis","floor":37},{"not_picked":["Finesse","Blind"],"picked":"Mayhem","floor":37},{"not_picked":["Madness","Bandage Up"],"picked":"Apotheosis","floor":37},{"not_picked":["Rampage","Spot Weakness"],"picked":"Disarm+1","floor":38},{"not_picked":["Shockwave+1","Ghostly Armor+1"],"picked":"Iron Wave+1","floor":39},{"not_picked":["Warcry+1","Uppercut","Whirlwind"],"picked":"SKIP","floor":40},{"not_picked":["Shrug It Off","Rampage"],"picked":"Second Wind+1","floor":41},{"not_picked":["Body Slam","Pommel Strike"],"picked":"Flame Barrier+1","floor":44},{"not_picked":["Inflame+1","Clash"],"picked":"Intimidate+1","floor":45},{"not_picked":["Dropkick+1","Inflame+1"],"picked":"Impervious","floor":46},{"not_picked":["Intimidate","Anger+1","Disarm"],"picked":"SKIP","floor":47},{"not_picked":["Rampage+1","Iron Wave+1"],"picked":"Heavy Blade+1","floor":48}],"player_experience":32367,"relics_obtained":[{"floor":6,"key":"Strawberry"},{"floor":9,"key":"MealTicket"},{"floor":12,"key":"Potion Belt"},{"floor":23,"key":"InkBottle"},{"floor":26,"key":"Ancient Tea Set"},{"floor":40,"key":"Bottled Tornado"},{"floor":43,"key":"Gremlin Horn"},{"floor":46,"key":"Whetstone"}],"event_choices":[{"damage_healed":0,"gold_gain":0,"player_choice":"Entered Light","damage_taken":16,"max_hp_gain":0,"max_hp_loss":0,"event_name":"Shining Light","floor":2,"gold_loss":0,"cards_upgraded":["Defend_R","Defend_R"]},{"cards_removed":["Defend_R"],"damage_healed":0,"gold_gain":0,"player_choice":"Card Removal","damage_taken":7,"max_hp_gain":0,"max_hp_loss":0,"event_name":"Golden Wing","floor":5,"gold_loss":0},{"damage_healed":0,"gold_gain":0,"player_choice":"Joined the Cult","damage_taken":6,"max_hp_gain":0,"max_hp_loss":0,"event_name":"Nest","floor":20,"gold_loss":0,"cards_obtained":["RitualDagger"]},{"damage_healed":0,"gold_gain":0,"player_choice":"Opened","damage_taken":0,"relics_obtained":["Self Forming Clay"],"max_hp_gain":0,"max_hp_loss":0,"event_name":"The Mausoleum","floor":31,"gold_loss":0},{"damage_healed":0,"gold_gain":0,"player_choice":"Memory 3","damage_taken":10,"max_hp_gain":0,"max_hp_loss":0,"event_name":"SensoryStone","floor":37,"gold_loss":0}],"is_beta":false,"boss_relics":[{"not_picked":["Cursed Key","Busted Crown"],"picked":"Snecko Eye"},{"not_picked":["Fusion Hammer","Empty Cage"],"picked":"Astrolabe"}],"items_purged_floors":[],"is_endless":false,"potions_floor_spawned":[3,4,8,14,16,22,23,33,35,39,41,44,45],"killed_by":"Donu and Deca","ascension_level":0}}