{"host":"42xf941fomyavgzy","time":1613217158,"event":{"mods":["Act Like it!","Astrologer","BaseMod","Colored Map","Minty Spire (QoL Compilation)","Shop Mod","StSLib","SuperFastMode","The Cursed"],"gold_per_floor":[362,375,375,14,32,32,59,69,93,93,93],"floor_reached":10,"language":"JPN","playtime":537,"items_purged":[],"score":88,"play_id":"7e8a5e7c-db3c-4a25-9b40-76a0cd3a697e","local_time":"20210213205238","is_ascension_mode":true,"campfire_choices":[{"floor":6,"key":"REST"}],"circlet_count":0,"master_deck":["Strike_G","Strike_G","Strike_G","Strike_G","Strike_G","Defend_G","Defend_G","Defend_G","Defend_G","Defend_G","Survivor","Neutralize","Blade Dance","Deadly Poison","Dagger Spray","Enlightenment","Outmaneuver","Deadly Poison","Dagger Throw"],"relics":["Ring of the Snake","Snake Skull","Shuriken","Smiling Mask","Happy Flower"],"acts_visited":["Exordium"],"potions_floor_usage":[10,10],"damage_taken":[{"damage":1,"enemies":"Jaw Worm","floor":1,"turns":6},{"damage":1,"enemies":"Small Slimes","floor":2,"turns":3},{"damage":0,"enemies":"Cultist","floor":5,"turns":3},{"damage":24,"enemies":"Gremlin Nob","floor":7,"turns":4},{"damage":7,"enemies":"Large Slime","floor":8,"turns":6},{"damage":17,"enemies":"3 Sentries","floor":10,"turns":3}],"seed_played":"5226272529485073829","potions_obtained":[{"floor":7,"key":"Swift Potion"},{"floor":8,"key":"DistilledChaos"}],"is_trial":false,"path_per_floor":["M","M","?","$","M","R","E","M","T","E"],"character_chosen":"THE_SILENT","items_purchased":["Shuriken","Dagger Spray","Enlightenment"],"campfire_rested":1,"item_purchase_floors":[4,4,4],"current_hp_per_floor":[44,43,25,25,25,46,22,15,15,0,0],"gold":93,"neow_bonus":"TWO_FIFTY_GOLD","is_daily":false,"chose_seed":false,"campfire_upgraded":0,"win_rate":0.0,"timestamp":1613217158,"path_taken":["M","M","?","$","M","R","E","M","T","E"],"items_purchased_type":["Relic","Card","Card"],"build_version":"2020-12-22","purchased_purges":0,"victory":false,"max_hp_per_floor":[70,70,70,70,70,70,70,70,70,70,70],"card_choices":[{"not_picked":["Cloak And Dagger","Dagger Spray"],"picked":"Blade Dance","floor":1},{"not_picked":["Dagger Spray","Eviscerate"],"picked":"Deadly Poison","floor":2},{"not_picked":["Dodge and Roll","Flechettes"],"picked":"Outmaneuver","floor":5},{"not_picked":["Dagger Spray","Outmaneuver"],"picked":"Deadly Poison","floor":7},{"not_picked":["Blade Dance","Skewer"],"picked":"Dagger Throw","floor":8}],"player_experience":483725,"relics_obtained":[{"floor":7,"key":"Smiling Mask"},{"floor":9,"key":"Happy Flower"}],"event_choices":[{"damage_healed":0,"gold_gain":0,"player_choice":"Success","damage_taken":18,"relics_obtained":["Snake Skull"],"max_hp_gain":0,"max_hp_loss":0,"event_name":"Scrap Ooze","floor":3,"gold_loss":0}],"is_beta":false,"boss_relics":[],"items_purged_floors":[],"is_endless":false,"potions_floor_spawned":[7,8],"killed_by":"3 Sentries","ascension_level":6}}