{"host":"8e35oykb3je6g7ng","time":1613252502,"event":{"mods":["Act Like it!","Ascension Unlocker","BaseMod","Better Altar","Better Match","Better Note","Better Sensory Stone","Better Third Choice","BetterRewards","Block Reminder","Card Forge","Colored Map","Curses Come First","Dota2Spire","GifTheSpireLib","Jedi Mod","Minty Spire (QoL Compilation)","Permanent Neow","Quick Restart","Spikes Relics","StSLib","Stuff the Spire","The Bladedancer","The Blue Laboratory","UnlockEverythingMod"],"gold_per_floor":[116,133,146,163,163,163,173,173,173,173,192,225,236,254,254,357,357,372,388,388,406,406,406],"floor_reached":22,"language":"ENG","playtime":1883,"items_purged":[],"score":211,"play_id":"78d6885f-4874-4a40-92c0-8949216b719d","local_time":"20210213164142","is_ascension_mode":true,"campfire_choices":[{"data":"blademaster:ThunderSlash","floor":6,"key":"SMITH"},{"data":"blademaster:BladeMastery","floor":8,"key":"SMITH"},{"data":"blademaster:BladeDance","floor":10,"key":"SMITH"},{"data":"blademaster:RagingBlow","floor":15,"key":"SMITH"}],"circlet_count":0,"master_deck":["blademaster:Strike","blademaster:Strike","blademaster:Strike","blademaster:Defend","blademaster:Defend","blademaster:Defend","blademaster:Defend","blademaster:RagingBlow+1","blademaster:HighVoltage","blademaster:LightningCrash","blademaster:Rupture","blademaster:BladeDance+1","blademaster:ThunderSlash+1","Regret","blademaster:BladeMastery+1","blademaster:StanceMastery","blademaster:ThunderSlash","blademaster:Stormstrike","blademaster:ParryingStrike","blademaster:EnchantedCuirass","blademaster:Slice","blademaster:BloodyBlow+1"],"relics":["blademaster:DancersAmulet","Hammer of Thor","Seething Fire","Anvil of the Gods","StuffTheSpire:RedRose","TungstenRod","Dota2Spire:Dagon","Cursed Key"],"acts_visited":["Exordium","TheCity"],"potions_floor_usage":[11,12,16,16,18,21],"damage_taken":[{"damage":2,"enemies":"Jaw Worm","floor":1,"turns":4},{"damage":2,"enemies":"2 Louse","floor":2,"turns":3},{"damage":1,"enemies":"Cultist","floor":3,"turns":4},{"damage":5,"enemies":"Exordium Thugs","floor":4,"turns":6},{"damage":10,"enemies":"Exordium Wildlife","floor":7,"turns":3},{"damage":16,"enemies":"Lots of Slimes","floor":11,"turns":3},{"damage":28,"enemies":"3 Sentries","floor":12,"turns":10},{"damage":0,"enemies":"3 Louse","floor":13,"turns":3},{"damage":2,"enemies":"2 Fungi Beasts","floor":14,"turns":4},{"damage":8,"enemies":"Hexaghost","floor":16,"turns":8},{"damage":4,"enemies":"Spheric Guardian","floor":18,"turns":3},{"damage":23,"enemies":"Chosen","floor":19,"turns":5},{"damage":36,"enemies":"Snake Plant","floor":21,"turns":4},{"damage":25,"enemies":"Shelled Parasite and Fungi","floor":22,"turns":3}],"seed_played":"-7017653871168332","potions_obtained":[{"floor":2,"key":"LiquidMemories"},{"floor":4,"key":"blueLaboratory:HorrorPotion"},{"floor":13,"key":"SkillPotion"},{"floor":14,"key":"FearPotion"},{"floor":16,"key":"blueLaboratory:FrostheartPotion"},{"floor":18,"key":"Regen Potion"},{"floor":21,"key":"Strength Potion"}],"is_trial":false,"path_per_floor":["M","M","M","M","?","R","M","R","T","R","M","E","M","M","R","B",null,"M","M","?","M","M"],"character_chosen":"THE_BLADEMASTER","items_purchased":[],"campfire_rested":0,"item_purchase_floors":[],"current_hp_per_floor":[73,71,70,65,65,65,55,55,55,55,39,11,11,9,9,1,75,71,48,48,24,0,0],"gold":406,"neow_bonus":"REMOVE_CARD","is_daily":false,"chose_seed":false,"campfire_upgraded":4,"win_rate":0.0,"timestamp":1613252502,"path_taken":["M","M","M","M","?","R","M","R","T","R","M","E","M","M","R","BOSS","M","M","?","?","M"],"items_purchased_type":[],"build_version":"2020-12-22","purchased_purges":0,"victory":false,"max_hp_per_floor":[75,75,75,75,75,75,75,75,75,75,75,75,75,75,75,75,75,75,75,75,75,75,75],"card_choices":[{"not_picked":["blademaster:BloodyBlow","blademaster:Frontflip"],"picked":"blademaster:LightningCrash","floor":1},{"not_picked":["blademaster:Hailwind","blademaster:Slice"],"picked":"blademaster:Rupture","floor":2},{"not_picked":["blademaster:Sunder","blademaster:AwakeningStrike"],"picked":"blademaster:BladeDance","floor":3},{"not_picked":["blademaster:Hailwind","blademaster:Stability"],"picked":"blademaster:ThunderSlash","floor":4},{"not_picked":["blademaster:Meditate","blademaster:KiBarrier"],"picked":"blademaster:BladeMastery","floor":7},{"not_picked":["blademaster:DragonStrike","blademaster:Reversal"],"picked":"blademaster:StanceMastery","floor":11},{"not_picked":["blademaster:Cut","blademaster:AwakeningDefend"],"picked":"blademaster:ThunderSlash","floor":12},{"not_picked":["blademaster:TraverseCut","blademaster:Reversal"],"picked":"blademaster:Stormstrike","floor":13},{"not_picked":["blademaster:AspectOfWind","blademaster:Hailwind"],"picked":"blademaster:ParryingStrike","floor":14},{"not_picked":["blademaster:FuryOfTheElements","blademaster:RagingBlow"],"picked":"blademaster:EnchantedCuirass","floor":16},{"not_picked":["blademaster:OneTrickPony","blademaster:Cut","blademaster:ThunderSlash"],"picked":"SKIP","floor":18},{"not_picked":["blademaster:DragonStrike","blademaster:AspectOfLightning"],"picked":"blademaster:Slice","floor":19},{"not_picked":["blademaster:ParryingStrike","blademaster:Quickstep"],"picked":"blademaster:BloodyBlow+1","floor":21}],"player_experience":536355,"relics_obtained":[{"floor":9,"key":"TungstenRod"},{"floor":12,"key":"Dota2Spire:Dagon"},{"floor":12,"key":"blademaster:ComboEveryTurnPerk"}],"event_choices":[{"cards_removed":["Regret"],"damage_healed":0,"gold_gain":0,"player_choice":"Give","damage_taken":0,"max_hp_gain":0,"max_hp_loss":0,"event_name":"betterNote:BetterNote","floor":20,"gold_loss":0,"cards_obtained":["Shame"]}],"is_beta":false,"boss_relics":[{"not_picked":["Runic Dome","StuffTheSpire:ModemDavis"],"picked":"Cursed Key"}],"items_purged_floors":[],"is_endless":false,"potions_floor_spawned":[2,4,13,14,16,18,21],"killed_by":"Shelled Parasite and Fungi","ascension_level":2}}