{"host":"phapnj0danpxvjlm","time":1613240611,"event":{"mods":["BaseMod","Better Note","Better Third Choice","BetterRewards","Bossed Relics","Colored Powertips","Downfall","Hermit","Minty Spire (QoL Compilation)","Permanent Neow","Quick Restart","Rare Cards Sparkle","Spire Arcade","StSLib","The Animator","The Necromancer","The Wild Card"],"gold_per_floor":[99,199,199,199,199,99,99,99,128,128,140,140,140,158,170,266,266,266,283,193,211,211,211,211,230,249,249,267,267,287,46,61,160,160,160,173,243,243,298,313,365,383,399,399,399,415,415,415,415,415],"floor_reached":48,"language":"ENG","playtime":1980,"items_purged":["Slimebound:Tackle"],"score":432,"play_id":"409fbb64-6906-4c61-9574-ee77ffce1d9e","local_time":"20210213192330","is_ascension_mode":false,"campfire_choices":[{"floor":1.0,"key":"RECALL"},{"data":"Slimebound:SplitAcid","floor":6.0,"key":"SMITH"},{"floor":12.0,"key":"REST"},{"data":"Slimebound:TagTeam","floor":18.0,"key":"SMITH"},{"floor":27.0,"key":"REST"},{"data":"Slimebound:DuplicatedForm","floor":35.0,"key":"SMITH"},{"floor":45.0,"key":"REST"}],"circlet_count":0,"master_deck":["Slimebound:Strike_Slimebound","Slimebound:Strike_Slimebound","Slimebound:Defend_Slimebound","Slimebound:Defend_Slimebound","Slimebound:Defend_Slimebound","Slimebound:Defend_Slimebound","Slimebound:Split","Slimebound:CorrosiveSpit","Slimebound:SplitAcid+1","Slimebound:DivideAndConquer+1","Slimebound:SplitBruiser","Slimebound:PressTheAttack","Slimebound:GoopSpray","Slimebound:TagTeam+1","Slimebound:LeadByExample+1","expansioncontent:DashGenerateEvil+1","Slimebound:SplitLeeching","Slimebound:GrowthPunch+1","Slimebound:DuplicatedForm+1","Slimebound:SlimeBarrage","Slimebound:ProtectTheBoss","Slimebound:SlimeBarrage","Slimebound:SlimeBarrage+1","Slimebound:TagTeam","Slimebound:Replication","expansioncontent:AwakenDeath","Slimebound:GoopSpray+1","Parasite","Slimebound:Overexert","Slimebound:GrowthPunch+1"],"relics":["Slimebound:AbsorbEndCombat","downfall:HeartsMalice","Shuriken","downfall:HeartBlessingRed","Bottled Flame","Lantern","Black Star","The Courier","Slimebound:SelfDamagePreventRelic","Astrolabe","Shovel","downfall:TeleportStone"],"acts_visited":["Exordium","TheCity","TheBeyond"],"potions_floor_usage":[],"damage_taken":[{"damage":0.0,"enemies":"Small Slimes","floor":4.0,"turns":1.0},{"damage":0.0,"enemies":"2 Louse","floor":5.0,"turns":1.0},{"damage":0.0,"enemies":"Jaw Worm","floor":8.0,"turns":1.0},{"damage":43.0,"enemies":"Gremlin Nob","floor":9.0,"turns":4.0},{"damage":7.0,"enemies":"3 Louse","floor":11.0,"turns":2.0},{"damage":5.0,"enemies":"Lots of Slimes","floor":14.0,"turns":2.0},{"damage":4.0,"enemies":"Blue Slaver","floor":15.0,"turns":3.0},{"damage":15.0,"enemies":"IC_STATUS_ARCHETYPE","floor":16.0,"turns":6.0},{"damage":0.0,"enemies":"Spheric Guardian","floor":19.0,"turns":2.0},{"damage":0.0,"enemies":"downfall:FleeingMerchant","floor":20.0,"turns":4.0},{"damage":15.0,"enemies":"Shell Parasite","floor":21.0,"turns":4.0},{"damage":18.0,"enemies":"Centurion and Healer","floor":25.0,"turns":6.0},{"damage":19.0,"enemies":"Shelled Parasite and Fungi","floor":26.0,"turns":3.0},{"damage":21.0,"enemies":"Cultist and Chosen","floor":28.0,"turns":6.0},{"damage":21.0,"enemies":"Snake Plant","floor":30.0,"turns":3.0},{"damage":0.0,"enemies":"downfall:FleeingMerchant","floor":31.0,"turns":4.0},{"damage":0.0,"enemies":"Centurion and Healer","floor":32.0,"turns":6.0},{"damage":28.0,"enemies":"WA_ARCHETYPE_CALM","floor":33.0,"turns":9.0},{"damage":18.0,"enemies":"3 Darklings","floor":36.0,"turns":5.0},{"damage":22.0,"enemies":"2 Orb Walkers","floor":39.0,"turns":3.0},{"damage":24.0,"enemies":"Orb Walker","floor":40.0,"turns":6.0},{"damage":29.0,"enemies":"Writhing Mass","floor":42.0,"turns":6.0},{"damage":3.0,"enemies":"Sphere and 2 Shapes","floor":43.0,"turns":3.0},{"damage":39.0,"enemies":"Spire Growth","floor":46.0,"turns":5.0},{"damage":0.0,"enemies":"Jaw Worm Horde","floor":47.0,"turns":1.0},{"damage":39,"enemies":"Writhing Mass","floor":48,"turns":2}],"seed_played":"879368293629483693","potions_obtained":[{"floor":9.0,"key":"LiquidBronze"},{"floor":11.0,"key":"LiquidMemories"},{"floor":16.0,"key":"sneckomod:MuddlingPotion"},{"floor":19.0,"key":"Ancient Potion"},{"floor":25.0,"key":"SteroidPotion"},{"floor":26.0,"key":"SpeedPotion"},{"floor":30.0,"key":"EntropicBrew"},{"floor":33.0,"key":"ColorlessPotion"},{"floor":36.0,"key":"SmokeBomb"},{"floor":37.0,"key":"SkillPotion"},{"floor":39.0,"key":"BlessingOfTheForge"},{"floor":40.0,"key":"Explosive Potion"}],"is_trial":false,"path_per_floor":["R","?","?","M","M","R","T","M","E","?","M","R","?","M","M","B",null,"R","M","$","M","?","?","T","M","M","R","M","?","M","$","M","B",null,"R","M","?","?","?","M","T","M","M","?","R","M","M","M"],"character_chosen":"SLIMEBOUND","items_purchased":["Slimebound:SlimeBarrage","Slimebound:SelfDamagePreventRelic","champ:CounterPotion"],"campfire_rested":3,"item_purchase_floors":[31,31,31],"current_hp_per_floor":[65,65,62,62,62,62,62,62,19,19,12,31,31,26,24,13,65,65,65,65,52,52,52,52,38,21,40,25,25,6,22,28,2,65,65,65,65,65,43,21,21,20,17,17,36,37,39,0,0,0],"gold":415,"neow_bonus":"THREE_ENEMY_KILL","is_daily":false,"chose_seed":false,"campfire_upgraded":3,"win_rate":0.0,"timestamp":1613240610,"path_taken":["R","?","?","M","M","R","T","M","E","?","M","R","?","M","M","BOSS","R","M","$","M","?","?","T","?","M","R","M","?","M","?","M","BOSS","R","M","?","?","?","M","T","M","M","?","R","M","M","M"],"items_purchased_type":["Card","Relic","Potion"],"build_version":"2020-12-22","purchased_purges":1,"victory":false,"max_hp_per_floor":[65,65,65,65,65,65,65,65,65,65,65,65,65,65,65,65,65,65,65,65,65,65,65,65,65,65,65,65,65,65,65,65,65,65,65,65,65,65,65,65,65,65,65,65,65,65,65,65,65,65],"card_choices":[{"not_picked":["Slimebound:Gluttony","Slimebound:GoopTackle"],"picked":"Slimebound:SplitAcid","floor":4.0},{"not_picked":["Slimebound:GoopTackle","Slimebound:HungryTackle"],"picked":"Slimebound:DivideAndConquer","floor":5.0},{"not_picked":["Slimebound:GoopTackle","Slimebound:GoopSpray"],"picked":"Slimebound:SplitBruiser","floor":8.0},{"not_picked":["Slimebound:DivideAndConquer","Slimebound:ComboTackle"],"picked":"Slimebound:PressTheAttack","floor":9.0},{"not_picked":["Slimebound:LeechEnergy","Slimebound:FormOfPuddle"],"picked":"Slimebound:GoopSpray","floor":11.0},{"not_picked":["Slimebound:CheckThePlaybook","Slimebound:RollThrough","Slimebound:Chomp"],"picked":"SKIP","floor":14.0},{"not_picked":["Slimebound:LivingWall","Slimebound:ComboTackle"],"picked":"Slimebound:SamplingLick","floor":15.0},{"not_picked":["Slimebound:PrepareCrush","Slimebound:OneTwoCombo"],"picked":"Slimebound:TagTeam","floor":16.0},{"not_picked":["Slimebound:GoopTackle","Slimebound:Prepare","Slimebound:LeechEnergy+1"],"picked":"SKIP","floor":19.0},{"not_picked":["Slimebound:Dissolve+1","Slimebound:SamplingLick"],"picked":"Slimebound:LeadByExample+1","floor":20.0},{"not_picked":["Slimebound:GoopTackle+1","Slimebound:RollThrough","Slimebound:ProtectTheBoss"],"picked":"SKIP","floor":21.0},{"not_picked":["Slimebound:LeechingTouch","Slimebound:GrowthPunch"],"picked":"Slimebound:SplitLeeching","floor":25.0},{"not_picked":["Slimebound:AcidTongue","Slimebound:ViciousTackle"],"picked":"Slimebound:GrowthPunch+1","floor":26.0},{"not_picked":["Slimebound:ItLooksTasty+1","Slimebound:GoopSpray","Slimebound:LeechingTouch+1"],"picked":"SKIP","floor":28.0},{"not_picked":["Slimebound:ItLooksTasty","Slimebound:BestDefense"],"picked":"Slimebound:SlimeBarrage","floor":30.0},{"not_picked":["Slimebound:SplitAcid","Slimebound:SplitBruiser"],"picked":"Slimebound:ProtectTheBoss","floor":31.0},{"not_picked":["Slimebound:GoopTackle","Slimebound:Grow"],"picked":"Slimebound:SlimeBarrage+1","floor":32.0},{"not_picked":["Slimebound:DuplicatedForm","Slimebound:RallyTheTroops"],"picked":"Slimebound:TagTeam","floor":33.0},{"not_picked":["Slimebound:Schlurp","Slimebound:ServeAndProtect+1"],"picked":"Slimebound:Replication","floor":36.0},{"not_picked":["expansioncontent:YouAreMine","expansioncontent:InvincibleStrength"],"picked":"expansioncontent:AwakenDeath","floor":38.0},{"not_picked":["Slimebound:SpikyOuterGoop","Slimebound:GrowthPunch"],"picked":"Slimebound:GoopSpray+1","floor":39.0},{"not_picked":["Slimebound:LeadByExample","Slimebound:RollThrough+1","Slimebound:ServeAndProtect+1"],"picked":"SKIP","floor":40.0},{"not_picked":["Slimebound:PressTheAttack+1","Slimebound:FinishingTackle+1"],"picked":"Slimebound:Overexert","floor":42.0},{"not_picked":["Slimebound:FinishingTackle+1","Slimebound:HauntingLick","Slimebound:LivingWall+1"],"picked":"SKIP","floor":43.0},{"not_picked":["Slimebound:ComboTackle+1","Slimebound:GoopSpray"],"picked":"Slimebound:GrowthPunch+1","floor":46.0}],"player_experience":543866,"relics_obtained":[{"floor":7.0,"key":"Bottled Flame"},{"floor":9.0,"key":"Lantern"},{"floor":24.0,"key":"The Courier"},{"floor":39.0,"key":"Shovel"}],"event_choices":[{"damage_healed":0.0,"max_hp_gain":0.0,"max_hp_loss":0.0,"gold_gain":0.0,"event_name":"Scrap Ooze","player_choice":"Success","floor":3.0,"gold_loss":0.0,"damage_taken":3.0,"relics_obtained":["Shuriken"]},{"cards_removed":["Slimebound:TagTeam"],"damage_healed":0.0,"max_hp_gain":0.0,"max_hp_loss":0.0,"gold_gain":0.0,"event_name":"betterNote:BetterNote","player_choice":"Take \u0026 Give","floor":22.0,"gold_loss":0.0,"damage_taken":0.0,"cards_obtained":["expansioncontent:DashGenerateEvil"]},{"damage_healed":0.0,"max_hp_gain":0.0,"max_hp_loss":0.0,"gold_gain":0.0,"event_name":"Accursed Blacksmith","player_choice":"Forge","floor":23.0,"gold_loss":0.0,"damage_taken":0.0,"cards_upgraded":["Slimebound:DivideAndConquer"]},{"damage_healed":0.0,"max_hp_gain":0.0,"max_hp_loss":0.0,"gold_gain":0.0,"event_name":"Mysterious Sphere","player_choice":"Fight","floor":39.0,"gold_loss":0.0,"damage_taken":0.0}],"is_beta":false,"boss_relics":[{"not_picked":["Slimebound:TarBlob","Fusion Hammer"],"picked":"Black Star"},{"not_picked":["Philosopher\u0027s Stone","Cursed Key"],"picked":"Astrolabe"}],"items_purged_floors":[20],"is_endless":false,"potions_floor_spawned":[9,11,16,19,25,26,30,33,36,39,40],"killed_by":"Writhing Mass","ascension_level":0}}