{"host":"tia00321x3ndnwo4","time":1613238026,"event":{"mods":["2.2 Compatiblity","BaseMod","Bestiary","Colored Map","Colored Powertips","Curses Come First","Downfall","Highlight Path","Minty Spire (QoL Compilation)","Relic Stats","Slay the Relics Exporter","StSLib","SuperFastMode"],"gold_per_floor":[99,115,130,148,162,192,192,202,215,215,229,240,240,257,277,380,380,380,391,491,503,515,153,199,199,212,212,244,256,256,66,86,188,188,188,206,206,220,272,299,299,351,351,363,363,64,64,64,64,64,64],"floor_reached":49,"language":"ENG","playtime":2125,"items_purged":["downfall:Haunted","bronze:Defend","bronze:Defend","Slimebound:CheckThePlaybook"],"score":714,"play_id":"374e1548-2a52-4ab0-a83d-c5b9aa660df4","local_time":"20210213094026","is_ascension_mode":false,"campfire_choices":[{"data":"bronze:Goto","floor":1,"key":"SMITH"},{"data":"bronze:Branch","floor":10,"key":"SMITH"},{"data":"bronze:AlphaBuild","floor":13,"key":"SMITH"},{"data":"bronze:Backtrace","floor":18,"key":"SMITH"},{"data":"bronze:MaxOutput","floor":25,"key":"SMITH"},{"data":"bronze:BurnOut","floor":27,"key":"SMITH"},{"data":"bronze:Branch","floor":30,"key":"SMITH"},{"data":"bronze:Backtrace","floor":35,"key":"SMITH"},{"data":"bronze:ChosenStrike","floor":45,"key":"SMITH"},{"data":"bronze:Constructor","floor":47,"key":"SMITH"}],"circlet_count":0,"master_deck":["bronze:Defend","bronze:Defend","bronze:Replicate","bronze:Goto+1","bronze:ForLoop","bronze:Backtrace+1","bronze:ChosenStrike","bronze:ItsAFeature","bronze:Branch+1","bronze:Iterate","bronze:ForceShield","bronze:BronzeOrb","bronze:AlphaBuild+1","bronze:Iterate","bronze:Constructor+1","bronze:BurnOut+1","bronze:MaxOutput+1","CurseOfTheBell","CurseOfTheBell","Normality","Parasite","bronze:Assembly","Bite","Bite","Bite","Bite","Bite","downfall:Icky","bronze:MaxOutput+1","bronze:Turbo","bronze:Constructor+1","bronze:Optimize+1","bronze:Branch+1","bronze:Backtrace+1","bronze:WildBeam+1","bronze:AlphaBuild","bronze:Frontload+1","bronze:ChosenStrike+1"],"relics":["bronze:PlatinumCore","Bag of Preparation","StoneCalendar","Pear","bronze:MakeshiftBattery","downfall:ExtraCursedBell","MawBank","Shuriken","Ginger","Mercury Hourglass","Happy Flower","Pantograph","Akabeko","bronze:ProtectiveGoggles","InkBottle","Strange Spoon","Toy Ornithopter","bronze:BottledCode"],"acts_visited":["Exordium","TheCity","TheBeyond"],"potions_floor_usage":[6,6,19,23,31,33],"damage_taken":[{"damage":0,"enemies":"Cultist","floor":2,"turns":3},{"damage":8,"enemies":"Small Slimes","floor":3,"turns":4},{"damage":1,"enemies":"Jaw Worm","floor":4,"turns":4},{"damage":2,"enemies":"3 Louse","floor":5,"turns":4},{"damage":31,"enemies":"Lagavulin","floor":6,"turns":8},{"damage":0,"enemies":"Lots of Slimes","floor":8,"turns":4},{"damage":0,"enemies":"Exordium Wildlife","floor":9,"turns":2},{"damage":6,"enemies":"3 Louse","floor":11,"turns":2},{"damage":0,"enemies":"downfall:LooterAlt","floor":12,"turns":1},{"damage":0,"enemies":"2 Fungi Beasts","floor":14,"turns":1},{"damage":0,"enemies":"Gremlin Gang","floor":15,"turns":2},{"damage":0,"enemies":"SI_SHIV_ARCHETYPE","floor":16,"turns":7},{"damage":4,"enemies":"3 Byrds","floor":19,"turns":4},{"damage":11,"enemies":"downfall:FleeingMerchant","floor":23,"turns":4},{"damage":0,"enemies":"Spheric Guardian","floor":26,"turns":1},{"damage":2,"enemies":"Book of Stabbing","floor":28,"turns":3},{"damage":4,"enemies":"Cultist and Chosen","floor":29,"turns":3},{"damage":9,"enemies":"downfall:FleeingMerchant","floor":31,"turns":4},{"damage":15,"enemies":"Snake Plant","floor":32,"turns":2},{"damage":36,"enemies":"DF_ARCHETYPE_CLAW","floor":33,"turns":4},{"damage":3,"enemies":"3 Shapes","floor":36,"turns":2},{"damage":0,"enemies":"Orb Walker","floor":38,"turns":1},{"damage":18,"enemies":"Giant Head","floor":40,"turns":7},{"damage":0,"enemies":"downfall:FleeingMerchant","floor":42,"turns":1},{"damage":10,"enemies":"Maw","floor":44,"turns":5},{"damage":47,"enemies":"Transient","floor":49,"turns":5}],"seed_played":"-2347847554028535279","potions_obtained":[{"floor":3,"key":"bronze:FreeFunctionsPotion"},{"floor":5,"key":"SkillPotion"},{"floor":6,"key":"SpeedPotion"},{"floor":9,"key":"SkillPotion"},{"floor":11,"key":"sneckomod:MuddlingPotion"},{"floor":14,"key":"Weak Potion"},{"floor":28,"key":"Fire Potion"},{"floor":29,"key":"SpeedPotion"},{"floor":32,"key":"LiquidMemories"},{"floor":33,"key":"Strength Potion"},{"floor":36,"key":"BlessingOfTheForge"},{"floor":37,"key":"Strength Potion"},{"floor":37,"key":"LiquidMemories"}],"is_trial":false,"path_per_floor":["R","M","M","M","M","E","T","M","M","R","M","M","R","M","M","B",null,"R","M","?","?","?","$","T","R","M","R","E","M","R","$","M","B",null,"R","M","?","M","?","E","T","$","?","M","R","$","R","?","M"],"character_chosen":"THE_AUTOMATON","items_purchased":["Mercury Hourglass","bronze:Turbo","bronze:Backtrace","Strange Spoon","Toy Ornithopter"],"campfire_rested":0,"item_purchase_floors":[23,23,31,42,46],"current_hp_per_floor":[70,70,62,61,59,28,38,38,38,38,32,32,32,32,32,32,80,80,76,81,59,59,50,50,50,50,50,50,50,50,47,34,25,59,59,56,56,58,58,48,48,48,48,40,40,40,40,40,0,0,0],"gold":64,"neow_bonus":"RANDOM_COMMON_RELIC","is_daily":false,"chose_seed":false,"campfire_upgraded":10,"win_rate":0.0,"timestamp":1613238026,"path_taken":["R","M","?","M","M","E","T","M","M","R","M","M","R","?","M","BOSS","R","M","?","?","?","$","T","R","M","R","E","M","R","$","M","BOSS","R","M","?","?","?","E","T","$","?","M","R","$","R","?","M"],"items_purchased_type":["Relic","Card","Card","Relic","Relic"],"build_version":"2020-12-22","purchased_purges":4,"victory":false,"max_hp_per_floor":[70,70,70,70,70,70,80,80,80,80,80,80,80,80,80,80,80,80,80,85,59,59,59,59,59,59,59,59,59,59,59,59,59,59,59,59,59,59,59,59,59,59,59,59,59,59,59,49,49,49,49],"relic_stats":{"Happy Flower":[12],"counters":[26,88],"StoneCalendar":[7],"Bag of Preparation":[52],"Ginger":[6],"MawBank":36,"Mercury Hourglass":[133],"Strange Spoon":[2],"Shuriken":[35],"Pantograph":25,"obtain_stats":[{"bronze:PlatinumCore":34,"bronze:BronzeCore":0,"Pear":7,"Happy Flower":24,"StoneCalendar":6,"Bag of Preparation":0,"Ginger":20,"MawBank":20,"Akabeko":39,"Mercury Hourglass":23,"bronze:BottledCode":48,"Strange Spoon":42,"bronze:ProtectiveGoggles":40,"Shuriken":20,"Pantograph":28,"downfall:ExtraCursedBell":20,"bronze:MakeshiftBattery":17,"InkBottle":41,"Toy Ornithopter":46},{"bronze:PlatinumCore":20,"bronze:BronzeCore":0,"Pear":5,"Happy Flower":14,"StoneCalendar":5,"Bag of Preparation":0,"Ginger":13,"MawBank":13,"Akabeko":22,"Mercury Hourglass":14,"bronze:BottledCode":25,"Strange Spoon":24,"bronze:ProtectiveGoggles":23,"Shuriken":13,"Pantograph":16,"downfall:ExtraCursedBell":13,"bronze:MakeshiftBattery":12,"InkBottle":23,"Toy Ornithopter":25},{"bronze:PlatinumCore":67,"bronze:BronzeCore":0,"Pear":23,"Happy Flower":50,"StoneCalendar":23,"Bag of Preparation":0,"Ginger":46,"MawBank":46,"Akabeko":70,"Mercury Hourglass":50,"bronze:BottledCode":83,"Strange Spoon":78,"bronze:ProtectiveGoggles":77,"Shuriken":46,"Pantograph":54,"downfall:ExtraCursedBell":46,"bronze:MakeshiftBattery":42,"InkBottle":77,"Toy Ornithopter":83}],"InkBottle":[5],"Toy Ornithopter":0},"card_choices":[{"not_picked":["bronze:BugBarrage","bronze:Return"],"picked":"bronze:ForLoop","floor":2},{"not_picked":["bronze:CutThrough","bronze:Separator"],"picked":"bronze:Backtrace","floor":3},{"not_picked":["bronze:BronzeOrb","bronze:Turbo"],"picked":"bronze:ChosenStrike","floor":4},{"not_picked":["bronze:Overheat","bronze:DelayedGuard"],"picked":"bronze:ItsAFeature","floor":5},{"not_picked":["bronze:Shield","bronze:NullPointer"],"picked":"bronze:Branch","floor":6},{"not_picked":["bronze:Shield","bronze:Allocate"],"picked":"bronze:Iterate","floor":8},{"not_picked":["bronze:BitShift","bronze:Philosophize"],"picked":"bronze:ForceShield","floor":9},{"not_picked":["bronze:Backtrace","bronze:DarkDash"],"picked":"bronze:BronzeOrb","floor":11},{"not_picked":["bronze:WildBeam","bronze:BugBarrage"],"picked":"bronze:AlphaBuild","floor":12},{"not_picked":["bronze:Deprecate","bronze:BuggyMess"],"picked":"bronze:Iterate","floor":14},{"not_picked":["bronze:DigitalCarnage","bronze:Iterate"],"picked":"bronze:Constructor","floor":15},{"not_picked":["bronze:Verify","bronze:FindAndReplace"],"picked":"bronze:BurnOut","floor":16},{"not_picked":["bronze:Repair","bronze:OilSpill"],"picked":"bronze:MaxOutput+1","floor":19},{"not_picked":["bronze:Turbo","bronze:FollowUp"],"picked":"bronze:MaxOutput","floor":23},{"not_picked":["bronze:Invalidate","bronze:BitShift"],"picked":"bronze:Constructor+1","floor":26},{"not_picked":["bronze:ForLoop","bronze:Return+1"],"picked":"bronze:Optimize+1","floor":28},{"not_picked":["bronze:BuggyMess","bronze:Assembly"],"picked":"bronze:Branch","floor":29},{"not_picked":["bronze:Frontload+1","bronze:Shield","bronze:Turbo"],"picked":"SKIP","floor":31},{"not_picked":["bronze:BugBarrage","bronze:Deprecate"],"picked":"bronze:WildBeam+1","floor":32},{"not_picked":["bronze:HyperBeam","bronze:Verify"],"picked":"bronze:AlphaBuild","floor":33},{"not_picked":["bronze:WildBeam","bronze:Turbo"],"picked":"bronze:Frontload+1","floor":36},{"not_picked":["bronze:Invalidate+1","bronze:BugBarrage","bronze:OilSpill+1"],"picked":"SKIP","floor":38},{"not_picked":["bronze:Philosophize+1","bronze:Deprecate","bronze:Frontload"],"picked":"SKIP","floor":40},{"not_picked":["bronze:Virus","bronze:Repulsor+1"],"picked":"bronze:ChosenStrike","floor":42},{"not_picked":["bronze:BronzeOrb","bronze:Constructor","bronze:Invalidate+1"],"picked":"SKIP","floor":44}],"player_experience":195190,"relics_obtained":[{"floor":6,"key":"StoneCalendar"},{"floor":7,"key":"Pear"},{"floor":20,"key":"MawBank"},{"floor":20,"key":"Shuriken"},{"floor":20,"key":"Ginger"},{"floor":24,"key":"Happy Flower"},{"floor":28,"key":"Pantograph"},{"floor":39,"key":"Akabeko"},{"floor":40,"key":"bronze:ProtectiveGoggles"},{"floor":41,"key":"InkBottle"}],"event_choices":[{"damage_healed":0,"gold_gain":0,"player_choice":"Became a vampire","damage_taken":0,"max_hp_gain":0,"max_hp_loss":26,"event_name":"Vampires","floor":21,"gold_loss":0,"cards_obtained":["Bite","Bite","Bite","Bite","Bite"]},{"damage_healed":0,"gold_gain":0,"player_choice":"Got Potions","damage_taken":0,"max_hp_gain":0,"max_hp_loss":0,"event_name":"Lab","floor":37,"gold_loss":0}],"is_beta":false,"boss_relics":[{"not_picked":["Runic Dome","Snecko Eye"],"picked":"bronze:MakeshiftBattery"},{"not_picked":["Black Star","SlaversCollar"],"picked":"bronze:PlatinumCore"}],"items_purged_floors":[23,31,42,46],"is_endless":false,"potions_floor_spawned":[3,5,6,9,11,14,28,29,32,33,36,38,44],"killed_by":"Transient","ascension_level":0}}