{"host":"u7y9frlpoazak2mn","time":1613230629,"event":{"mods":["AchievementEnabler","Act Like it!","Aspiration","BaseMod","Beaked The Cultist","Better Altar","Better Match","Better Note","Better Sensory Stone","Better Skull","Better Third Choice","Colored Map","Colored Powertips","Displayed Cursed Tome","Downfall","Emptier Cage","Energized Spire","GifTheSpireLib","Hermit","Marked Mod","Mimic Mod","Minty Spire (QoL Compilation)","Permanent Neow","Prisma Mod","Rare Cards Sparkle","Relic Stats","StSLib","The Construct","Waifu the Spire"],"gold_per_floor":[118,118,118,66,83,83,5,5,86,86,106,106,136,147,147,246,246,257,273,291,136,51,82,82,94,94,106,139,156,182,29,29,131,131,145,145,175,194,214,246,258,258,335,186,198,214,246,263,263,263],"floor_reached":51,"language":"ENG","playtime":2916,"items_purged":["Eruption","Strike_P"],"score":924,"play_id":"b094f658-36b0-4fb0-b132-2bd40f5248cd","local_time":"20210213103709","is_ascension_mode":false,"campfire_choices":[{"data":"MarkedMod:ChiBlock","floor":6,"key":"SMITH"},{"data":"PathToVictory","floor":8,"key":"SMITH"},{"floor":12,"key":"REST"},{"data":"PathToVictory","floor":15,"key":"SMITH"},{"floor":24,"key":"REST"},{"floor":32,"key":"REST"},{"floor":42,"key":"REST"},{"data":"PathToVictory","floor":49,"key":"SMITH"}],"circlet_count":0,"master_deck":["Strike_P","Strike_P","Strike_P+1","Defend_P","Defend_P+1","Defend_P","Defend_P","Vigilance","MarkedMod:ChiBlock+1","WaveOfTheHand","JustLucky","PathToVictory+1","MarkedMod:PinPointDefense","PathToVictory+1","PathToVictory+1","LessonLearned","TalkToTheHand","MarkedMod:GentlePulse","MarkedMod:PinPointDefense+1","MarkedMod:GentlePulse","MarkedMod:OneThousandNeedles","MarkedMod:ChiBlock","MarkedMod:GentlePulse+1","MarkedMod:SlowDance","Scrawl","PathToVictory+1","MarkedMod:NorthStar","MarkedMod:GentlePulse","PathToVictory+1"],"relics":["PureWater","aspiration:FetidBarrel","Frozen Egg 2","aspiration:SecretTechniqueScroll","aspiration:FrozenJewel","Dead Branch","Peace Pipe","Omamori","Question Card","beaked:MawFillet","Calipers","aspiration:SeaSaltIceCream","NeowsBlessing","aspiration:EmptySkull","Singing Bowl","Orrery","aspiration:HiddenCompartment"],"acts_visited":["Exordium","TheCity","TheBeyond"],"potions_floor_usage":[13,16,33,33,37],"damage_taken":[{"damage":0,"enemies":"2 Louse","floor":1,"turns":4},{"damage":12,"enemies":"Small Slimes","floor":5,"turns":5},{"damage":0,"enemies":"Cultist","floor":11,"turns":3},{"damage":18,"enemies":"Gremlin Nob","floor":13,"turns":4},{"damage":7,"enemies":"2 Fungi Beasts","floor":14,"turns":3},{"damage":30,"enemies":"Slime Boss","floor":16,"turns":9},{"damage":23,"enemies":"Spheric Guardian","floor":18,"turns":4},{"damage":0,"enemies":"3 Byrds","floor":19,"turns":3},{"damage":3,"enemies":"Centurion and Healer","floor":20,"turns":4},{"damage":2,"enemies":"Book of Stabbing","floor":23,"turns":3},{"damage":0,"enemies":"Chosen and Byrds","floor":25,"turns":4},{"damage":3,"enemies":"Snake Plant","floor":27,"turns":2},{"damage":10,"enemies":"Gremlin Leader","floor":28,"turns":4},{"damage":0,"enemies":"Snecko","floor":29,"turns":3},{"damage":14,"enemies":"Slavers","floor":30,"turns":3},{"damage":0,"enemies":"Automaton","floor":33,"turns":7},{"damage":0,"enemies":"3 Shapes","floor":35,"turns":2},{"damage":1,"enemies":"beaked:SuperParasite","floor":37,"turns":3},{"damage":0,"enemies":"3 Darklings","floor":38,"turns":1},{"damage":0,"enemies":"4 Shapes","floor":39,"turns":1},{"damage":0,"enemies":"Reptomancer","floor":40,"turns":1},{"damage":21,"enemies":"Jaw Worm Horde","floor":41,"turns":4},{"damage":0,"enemies":"Maw","floor":45,"turns":3},{"damage":12,"enemies":"Spire Growth","floor":46,"turns":3},{"damage":0,"enemies":"Giant Head","floor":47,"turns":5},{"damage":0,"enemies":"Transient","floor":48,"turns":5},{"damage":6,"enemies":"Donu and Deca","floor":50,"turns":5}],"seed_played":"-94441406455858254","potions_obtained":[{"floor":1,"key":"Dexterity Potion"},{"floor":5,"key":"GamblersBrew"},{"floor":16,"key":"Dexterity Potion"},{"floor":18,"key":"Dexterity Potion"},{"floor":23,"key":"champ:CounterPotion"},{"floor":35,"key":"BottledMiracle"},{"floor":40,"key":"Dexterity Potion"},{"floor":41,"key":"BlessingOfTheForge"},{"floor":46,"key":"Explosive Potion"}],"is_trial":false,"path_per_floor":["M","?","?","$","M","R","$","R","T","?","M","R","E","M","R","B",null,"M","M","M","$","?","E","R","M","T","M","E","M","E","$","R","B",null,"M","?","E","M","M","E","M","R","T","$","M","M","E","M","R","B",null],"character_chosen":"WATCHER","items_purchased":["JustLucky","MarkedMod:PinPointDefense","MarkedMod:PinPointDefense+1","MarkedMod:GentlePulse","Orrery"],"campfire_rested":4,"item_purchase_floors":[4,7,21,31,44],"current_hp_per_floor":[72,58,72,72,60,60,60,60,60,60,60,72,54,47,47,17,72,49,49,46,46,46,44,65,65,65,62,52,52,38,38,59,59,72,72,72,71,71,71,71,50,71,71,77,79,69,69,71,71,65],"gold":263,"neow_bonus":"ONE_RANDOM_RARE_CARD","is_daily":false,"chose_seed":false,"campfire_upgraded":4,"win_rate":0.0,"timestamp":1613230629,"path_taken":["M","?","?","$","M","R","$","R","T","?","M","R","E","M","R","BOSS","M","M","?","$","?","E","R","M","T","M","E","M","E","$","R","BOSS","M","?","E","?","M","E","M","R","T","?","M","M","E","M","R","BOSS"],"items_purchased_type":["Card","Card","Card","Card","Relic"],"build_version":"2020-12-22","purchased_purges":2,"victory":true,"max_hp_per_floor":[72,72,72,72,72,72,72,72,72,72,72,72,72,72,72,72,72,72,72,72,72,72,72,72,72,72,72,72,72,72,72,72,72,72,72,72,72,72,72,72,72,72,72,78,80,82,82,84,84,84],"relic_stats":{"Peace Pipe":0,"Singing Bowl":12,"counters":[27,98],"Dead Branch":[104],"Question Card":16,"obtain_stats":[{"Calipers":36,"NeowsBlessing":37,"Singing Bowl":43,"aspiration:FetidBarrel":9,"Dead Branch":23,"Omamori":28,"aspiration:SecretTechniqueScroll":17,"aspiration:SeaSaltIceCream":37,"Frozen Egg 2":13,"Question Card":30,"aspiration:HiddenCompartment":47,"aspiration:FrozenJewel":22,"Peace Pipe":26,"aspiration:EmptySkull":40,"Orrery":44,"beaked:MawFillet":34,"PureWater":0},{"Calipers":17,"NeowsBlessing":18,"Singing Bowl":22,"aspiration:FetidBarrel":2,"Dead Branch":10,"Omamori":13,"aspiration:SecretTechniqueScroll":6,"aspiration:SeaSaltIceCream":18,"Frozen Egg 2":4,"Question Card":15,"aspiration:HiddenCompartment":25,"aspiration:FrozenJewel":9,"Peace Pipe":11,"aspiration:EmptySkull":21,"Orrery":22,"beaked:MawFillet":16,"PureWater":0},{"Calipers":67,"NeowsBlessing":70,"Singing Bowl":77,"aspiration:FetidBarrel":9,"Dead Branch":42,"Omamori":52,"aspiration:SecretTechniqueScroll":28,"aspiration:SeaSaltIceCream":70,"Frozen Egg 2":16,"Question Card":58,"aspiration:HiddenCompartment":88,"aspiration:FrozenJewel":39,"Peace Pipe":46,"aspiration:EmptySkull":73,"Orrery":77,"beaked:MawFillet":65,"PureWater":0}]},"card_choices":[{"not_picked":["FlyingSleeves","Wallop"],"picked":"WaveOfTheHand","floor":1},{"not_picked":["Conclude","JustLucky"],"picked":"PathToVictory","floor":5},{"not_picked":["SashWhip","MentalFortress","Devotion"],"picked":"SKIP","floor":11},{"not_picked":["ClearTheMind","Sanctity","Swivel"],"picked":"SKIP","floor":13},{"not_picked":["Vengeance","EmptyBody"],"picked":"PathToVictory","floor":14},{"not_picked":["Ragnarok","MarkedMod:SlowDance"],"picked":"LessonLearned","floor":16},{"not_picked":["SashWhip","CrushJoints+1","Weave+1"],"picked":"SKIP","floor":18},{"not_picked":["SashWhip","EmptyMind"],"picked":"TalkToTheHand","floor":19},{"not_picked":["ThirdEye","Tantrum"],"picked":"MarkedMod:GentlePulse","floor":20},{"not_picked":["Wallop+1","SandsOfTime"],"picked":"MarkedMod:GentlePulse","floor":23},{"not_picked":["FlurryOfBlows","Study+1","Consecrate"],"picked":"SKIP","floor":25},{"not_picked":["FollowUp","EmptyMind"],"picked":"MarkedMod:OneThousandNeedles","floor":27},{"not_picked":["JustLucky","Worship"],"picked":"MarkedMod:ChiBlock","floor":28},{"not_picked":["FearNoEvil","EmptyMind","Consecrate"],"picked":"SKIP","floor":29},{"not_picked":["Fasting2+1","CutThroughFate","Sanctity"],"picked":"SKIP","floor":30},{"not_picked":["SpiritShield","Brilliance","Omniscience"],"picked":"MarkedMod:SlowDance","floor":33},{"not_picked":["Halt+1","EmptyFist","Collect+1","DeceiveReality+1"],"picked":"SKIP","floor":35},{"not_picked":["Collect+1","BowlingBash+1","JustLucky"],"picked":"Scrawl","floor":37},{"not_picked":["Halt+1","Swivel","InnerPeace","Fasting2+1"],"picked":"SKIP","floor":38},{"not_picked":["FearNoEvil+1","Evaluate+1","MarkedMod:Acupuncture+1","WreathOfFlame+1"],"picked":"SKIP","floor":39},{"not_picked":["ClearTheMind+1","MarkedMod:FirstStrike","Halt+1"],"picked":"PathToVictory","floor":40},{"not_picked":["Adaptation+1","ConjureBlade","MentalFortress+1","Prostrate+1"],"picked":"SKIP","floor":41},{"not_picked":["Fasting2+1","MarkedMod:OneThousandNeedles+1","FlurryOfBlows+1"],"picked":"MarkedMod:NorthStar","floor":44},{"not_picked":["SashWhip","Prostrate","WreathOfFlame"],"picked":"MarkedMod:GentlePulse","floor":44},{"not_picked":["ReachHeaven","FlurryOfBlows+1","WindmillStrike","Protect"],"picked":"Singing Bowl","floor":44},{"not_picked":["Wireheading+1","MarkedMod:GracefulMovements+1","SashWhip+1","ForeignInfluence"],"picked":"Singing Bowl","floor":44},{"not_picked":["WheelKick+1","Worship+1","Prostrate+1","MarkedMod:Acupuncture+1"],"picked":"Singing Bowl","floor":44},{"not_picked":["Crescendo+1","Weave","FlyingSleeves","Swivel+1"],"picked":"Singing Bowl","floor":45},{"not_picked":["Indignation+1","Halt","ReachHeaven","SandsOfTime"],"picked":"Singing Bowl","floor":46},{"not_picked":["MarkedMod:GracefulMovements+1","MarkedMod:PinPointDefense+1","Crescendo"],"picked":"PathToVictory+1","floor":47},{"not_picked":["EmptyBody","Study+1","FearNoEvil","CrushJoints"],"picked":"Singing Bowl","floor":48}],"player_experience":443481,"relics_obtained":[{"floor":9,"key":"aspiration:FetidBarrel"},{"floor":13,"key":"Frozen Egg 2"},{"floor":23,"key":"Dead Branch"},{"floor":26,"key":"Peace Pipe"},{"floor":28,"key":"Omamori"},{"floor":30,"key":"Question Card"},{"floor":37,"key":"aspiration:SeaSaltIceCream"},{"floor":40,"key":"aspiration:EmptySkull"},{"floor":43,"key":"Singing Bowl"},{"floor":47,"key":"aspiration:HiddenCompartment"}],"event_choices":[{"damage_healed":72,"gold_gain":0,"player_choice":"Upgrade","damage_taken":14,"max_hp_gain":0,"max_hp_loss":72,"event_name":"betterThird:BetterShining","floor":2,"gold_loss":0,"cards_upgraded":["Defend_P","Strike_P"]},{"damage_healed":24,"gold_gain":0,"player_choice":"Banana","damage_taken":0,"max_hp_gain":0,"max_hp_loss":0,"event_name":"Big Fish","floor":3,"gold_loss":0},{"cards_removed":["PathToVictory"],"damage_healed":0,"gold_gain":0,"player_choice":"Take \u0026 Give","damage_taken":0,"max_hp_gain":0,"max_hp_loss":0,"event_name":"betterNote:BetterNote","floor":10,"gold_loss":0,"cards_obtained":["PathToVictory"]},{"damage_healed":0,"gold_gain":0,"player_choice":"Obtained Relic","damage_taken":0,"relics_obtained":["aspiration:FrozenJewel"],"max_hp_gain":0,"max_hp_loss":0,"event_name":"Addict","floor":22,"gold_loss":85},{"damage_healed":0,"gold_gain":0,"player_choice":"Gave Potion","damage_taken":0,"relics_obtained":["Calipers"],"max_hp_gain":0,"max_hp_loss":0,"event_name":"WeMeetAgain","floor":36,"gold_loss":0}],"is_beta":false,"boss_relics":[{"not_picked":["Velvet Choker","energizedSpire:EnergizedDie"],"picked":"aspiration:SecretTechniqueScroll"},{"not_picked":["Snecko Eye","Runic Dome"],"picked":"beaked:MawFillet"}],"items_purged_floors":[21,31],"is_endless":false,"potions_floor_spawned":[1,5,16,18,23,27,35,40,41,46,48],"ascension_level":0}}