{"host":"anox4050deqdcqoh","time":1613241055,"event":{"mods":["BaseMod","Colored Map","Highlight Path","Minty Spire (QoL Compilation)","Quick Restart","Rare Cards Sparkle","everything is the same but u backflip on backflip"],"gold_per_floor":[112,112,135,156,156,190,206,206,206,206,239,254,254,275,275,400,400,418,15,15,39,60,60,99,113,113,113,113],"floor_reached":27,"language":"ENG","playtime":1988,"items_purged":["Strike_G"],"score":282,"play_id":"d29e9436-4a7a-458d-9030-fbc7d3d9eafb","local_time":"20210213133055","is_ascension_mode":true,"campfire_choices":[{"floor":10,"key":"REST"},{"floor":13,"key":"REST"},{"data":"Neutralize","floor":15,"key":"SMITH"},{"data":"Apotheosis","floor":23,"key":"SMITH"}],"circlet_count":0,"master_deck":["Strike_G","Strike_G","Strike_G","Strike_G","Defend_G+1","Defend_G","Defend_G","Defend_G","Defend_G","Survivor","Neutralize+1","Bullet Time+1","Dagger Spray","Slice","Endless Agony","Quick Slash","Predator","Acrobatics","After Image","Malaise","Leg Sweep","Apotheosis+1","Dagger Throw","Dash","Heel Hook+1"],"relics":["Ring of the Snake","Golden Idol","Matryoshka","Strawberry","The Courier","War Paint","WristBlade","Ornamental Fan","Omamori","Potion Belt","Frozen Egg 2"],"acts_visited":["Exordium","TheCity"],"potions_floor_usage":[6,6,11,16,24,24,24],"damage_taken":[{"damage":0,"enemies":"2 Louse","floor":1,"turns":2},{"damage":1,"enemies":"Small Slimes","floor":3,"turns":4},{"damage":0,"enemies":"Cultist","floor":4,"turns":3},{"damage":31,"enemies":"Lagavulin","floor":6,"turns":9},{"damage":3,"enemies":"Blue Slaver","floor":7,"turns":5},{"damage":19,"enemies":"3 Sentries","floor":11,"turns":8},{"damage":6,"enemies":"Exordium Thugs","floor":12,"turns":4},{"damage":1,"enemies":"2 Fungi Beasts","floor":14,"turns":3},{"damage":26,"enemies":"The Guardian","floor":16,"turns":15},{"damage":19,"enemies":"2 Thieves","floor":18,"turns":4},{"damage":5,"enemies":"Chosen","floor":21,"turns":7},{"damage":0,"enemies":"Snecko","floor":22,"turns":6},{"damage":33,"enemies":"Slavers","floor":24,"turns":9},{"damage":4,"enemies":"Cultist and Chosen","floor":25,"turns":5},{"damage":45,"enemies":"Gremlin Leader","floor":27,"turns":6}],"seed_played":"-7997412584843282228","potions_obtained":[{"floor":3,"key":"SkillPotion"},{"floor":4,"key":"Block Potion"},{"floor":7,"key":"AttackPotion"},{"floor":11,"key":"Strength Potion"},{"floor":14,"key":"Explosive Potion"},{"floor":20,"key":"GhostInAJar"},{"floor":20,"key":"Regen Potion"},{"floor":20,"key":"Fire Potion"}],"is_trial":false,"path_per_floor":["M","?","M","M","?","E","M","?","T","R","E","M","R","M","R","B",null,"M","$","?","M","M","R","E","M","T","E"],"character_chosen":"THE_SILENT","items_purchased":["Apotheosis","Ornamental Fan"],"campfire_rested":2,"item_purchase_floors":[19,19],"current_hp_per_floor":[70,53,52,52,52,21,18,23,30,54,35,29,53,52,52,26,82,63,63,63,58,58,58,40,36,36,0,0],"gold":113,"neow_bonus":"ONE_RANDOM_RARE_CARD","is_daily":false,"chose_seed":false,"campfire_upgraded":2,"win_rate":0.0,"timestamp":1613241055,"path_taken":["M","?","M","M","?","E","M","?","T","R","E","M","R","M","R","BOSS","M","$","?","M","M","R","E","M","T","E"],"items_purchased_type":["Card","Relic"],"build_version":"2020-12-22","purchased_purges":1,"victory":false,"max_hp_per_floor":[70,70,70,70,70,70,70,75,82,82,82,82,82,82,82,82,82,82,82,82,82,82,82,82,82,82,82,82],"card_choices":[{"not_picked":["Escape Plan","Accuracy"],"picked":"Dagger Spray","floor":1},{"not_picked":["Backflip","Bane"],"picked":"Slice","floor":3},{"not_picked":["Footwork","Infinite Blades"],"picked":"Endless Agony","floor":4},{"not_picked":["Dagger Throw","Flying Knee"],"picked":"Quick Slash","floor":6},{"not_picked":["Blade Dance","Dodge and Roll"],"picked":"Predator","floor":7},{"not_picked":["Deadly Poison","Deflect"],"picked":"Acrobatics","floor":11},{"not_picked":["Dodge and Roll","Slice","Deflect"],"picked":"SKIP","floor":12},{"not_picked":["Calculated Gamble","Concentrate"],"picked":"After Image","floor":14},{"not_picked":["Wraith Form v2","Tools of the Trade"],"picked":"Malaise","floor":16},{"not_picked":["Sucker Punch","Accuracy"],"picked":"Leg Sweep","floor":18},{"not_picked":["Expertise","Dagger Spray"],"picked":"Dagger Throw","floor":21},{"not_picked":["Reflex","Eviscerate"],"picked":"Dash","floor":22},{"not_picked":["Dagger Spray","Dagger Throw+1","Deadly Poison"],"picked":"SKIP","floor":24},{"not_picked":["Crippling Poison","Predator"],"picked":"Heel Hook+1","floor":25}],"player_experience":456915,"relics_obtained":[{"floor":6,"key":"Matryoshka"},{"floor":9,"key":"Strawberry"},{"floor":9,"key":"The Courier"},{"floor":11,"key":"War Paint"},{"floor":24,"key":"Omamori"},{"floor":26,"key":"Potion Belt"},{"floor":26,"key":"Frozen Egg 2"}],"event_choices":[{"damage_healed":0,"gold_gain":0,"player_choice":"Take Damage","damage_taken":17,"relics_obtained":["Golden Idol"],"max_hp_gain":0,"max_hp_loss":0,"event_name":"Golden Idol","floor":2,"gold_loss":0},{"damage_healed":0,"gold_gain":0,"player_choice":"Ignored","damage_taken":0,"max_hp_gain":0,"max_hp_loss":0,"event_name":"Liars Game","floor":5,"gold_loss":0},{"damage_healed":0,"gold_gain":0,"player_choice":"Donut","damage_taken":0,"max_hp_gain":5,"max_hp_loss":0,"event_name":"Big Fish","floor":8,"gold_loss":0},{"damage_healed":0,"gold_gain":0,"player_choice":"Got Potions","damage_taken":0,"max_hp_gain":0,"max_hp_loss":0,"event_name":"Lab","floor":20,"gold_loss":0}],"is_beta":false,"boss_relics":[{"not_picked":["Busted Crown","SacredBark"],"picked":"WristBlade"}],"items_purged_floors":[19],"is_endless":false,"potions_floor_spawned":[3,4,7,11,14,21],"killed_by":"Gremlin Leader","ascension_level":3}}