{"host":"q393yg6r5o2yq652","time":1613186300,"event":{"mods":["BaseMod","Colored Map","Minty Spire (QoL Compilation)","Relic Stats","everything is the same but u backflip on backflip"],"gold_per_floor":[218,229,247,48,123,149,149,161,161,172,188,219,231,3,3,99,99,119,137,137,137,150,150,150],"floor_reached":23,"language":"ENG","playtime":1894,"items_purged":["Defend_P"],"score":306,"play_id":"18cb7147-c56f-4ee2-bb14-bb37016035ad","local_time":"20210212221820","is_ascension_mode":true,"campfire_choices":[{"data":"Eruption","floor":7.0,"key":"SMITH"},{"data":"Vault","floor":15,"key":"SMITH"}],"circlet_count":0,"master_deck":["Strike_P","Strike_P","Strike_P","Strike_P","Defend_P","Defend_P","Defend_P","Eruption+1","Vigilance","Meditate","CutThroughFate","MentalFortress","FearNoEvil","Halt","MentalFortress","Scrawl","ThirdEye","Fasting2","Indignation","Vault+1","Protect","SpiritShield","Swivel","Writhe"],"relics":["PureWater","Eternal Feather","InkBottle","Yang","Art of War","Snecko Eye","Kunai"],"acts_visited":["Exordium","TheCity"],"potions_floor_usage":[16,16,19,21,23,23],"damage_taken":[{"damage":0.0,"enemies":"2 Louse","floor":1.0,"turns":2.0},{"damage":0.0,"enemies":"Cultist","floor":2.0,"turns":4.0},{"damage":0.0,"enemies":"Small Slimes","floor":3.0,"turns":3.0},{"damage":8.0,"enemies":"Lagavulin","floor":6.0,"turns":6.0},{"damage":20.0,"enemies":"3 Louse","floor":8.0,"turns":4.0},{"damage":2.0,"enemies":"Red Slaver","floor":10.0,"turns":2.0},{"damage":4.0,"enemies":"Looter","floor":11.0,"turns":3.0},{"damage":4.0,"enemies":"Gremlin Nob","floor":12.0,"turns":3.0},{"damage":12,"enemies":"2 Fungi Beasts","floor":13,"turns":4},{"damage":25,"enemies":"Slime Boss","floor":16,"turns":11},{"damage":0,"enemies":"Shell Parasite","floor":18,"turns":4},{"damage":22,"enemies":"2 Thieves","floor":19,"turns":5},{"damage":0,"enemies":"Snecko","floor":22,"turns":4},{"damage":59,"enemies":"Gremlin Leader","floor":23,"turns":10}],"seed_played":"-4542815583662674569","potions_obtained":[{"floor":1.0,"key":"Strength Potion"},{"floor":2.0,"key":"DuplicationPotion"},{"floor":12.0,"key":"Swift Potion"},{"floor":21,"key":"Weak Potion"},{"floor":21,"key":"Fruit Juice"},{"floor":21,"key":"Ancient Potion"}],"is_trial":false,"path_per_floor":["M","M","M","$","?","E","R","M","T","M","M","E","M","$","R","B",null,"M","M","?","?","M","E"],"character_chosen":"WATCHER","items_purchased":["FearNoEvil","Halt","MentalFortress","Art of War"],"campfire_rested":0,"item_purchase_floors":[4,4,4,14],"current_hp_per_floor":[72,72,72,72,65,57,66,46,46,44,40,36,24,24,36,11,72,72,50,50,55,55,0,0],"gold":150,"neow_bonus":"HUNDRED_GOLD","is_daily":false,"chose_seed":false,"campfire_upgraded":2,"win_rate":0.0,"timestamp":1613186300,"path_taken":["M","M","M","$","?","E","R","M","T","M","?","E","?","$","R","BOSS","M","M","?","?","M","E"],"items_purchased_type":["Card","Card","Card","Relic"],"build_version":"2020-12-22","purchased_purges":1,"victory":false,"max_hp_per_floor":[72,72,72,72,72,72,72,72,72,72,72,72,72,72,72,72,72,72,72,72,77,77,77,77],"relic_stats":{"counters":[14,65],"Snecko Eye":[39,35,53,52],"Eternal Feather":21,"Yang":[57],"Art of War":[5],"Kunai":[3],"obtain_stats":[{"Snecko Eye":17,"Eternal Feather":6,"Yang":12,"Art of War":14,"Kunai":20,"PureWater":0,"InkBottle":9},{"Snecko Eye":10,"Eternal Feather":4,"Yang":8,"Art of War":9,"Kunai":12,"PureWater":0,"InkBottle":5},{"Snecko Eye":42,"Eternal Feather":15,"Yang":27,"Art of War":31,"Kunai":51,"PureWater":0,"InkBottle":19}],"InkBottle":[14]},"card_choices":[{"not_picked":["FlyingSleeves","FlurryOfBlows"],"picked":"Meditate","floor":1.0},{"not_picked":["Crescendo","BowlingBash"],"picked":"CutThroughFate","floor":2.0},{"not_picked":["Crescendo","SashWhip"],"picked":"MentalFortress","floor":3.0},{"not_picked":["Consecrate","WaveOfTheHand"],"picked":"Scrawl","floor":6.0},{"not_picked":["InnerPeace","JustLucky"],"picked":"ThirdEye","floor":8.0},{"not_picked":["Swivel","WaveOfTheHand"],"picked":"Fasting2","floor":10.0},{"not_picked":["Halt","WheelKick"],"picked":"Indignation","floor":11.0},{"not_picked":["FearNoEvil","Blasphemy"],"picked":"Vault","floor":12.0},{"not_picked":["CrushJoints","Collect"],"picked":"Protect","floor":13},{"not_picked":["Judgement","Establishment"],"picked":"SpiritShield","floor":16},{"not_picked":["Protect","SashWhip","Prostrate+1"],"picked":"SKIP","floor":18},{"not_picked":["Study","Meditate"],"picked":"Swivel","floor":19},{"not_picked":["FollowUp+1","Perseverance","Consecrate"],"picked":"SKIP","floor":22}],"player_experience":305633,"relics_obtained":[{"floor":6.0,"key":"Eternal Feather"},{"floor":9.0,"key":"InkBottle"},{"floor":12.0,"key":"Yang"}],"event_choices":[{"damage_healed":0.0,"max_hp_gain":0.0,"max_hp_loss":0.0,"gold_gain":75.0,"event_name":"FaceTrader","player_choice":"Touch","floor":5.0,"gold_loss":0.0,"damage_taken":7.0},{"damage_healed":0,"gold_gain":0,"player_choice":"Opened","damage_taken":0,"relics_obtained":["Kunai"],"max_hp_gain":0,"max_hp_loss":0,"event_name":"The Mausoleum","floor":20,"gold_loss":0,"cards_obtained":["Writhe"]},{"damage_healed":0,"gold_gain":0,"player_choice":"Got Potions","damage_taken":0,"max_hp_gain":0,"max_hp_loss":0,"event_name":"Lab","floor":21,"gold_loss":0}],"is_beta":false,"boss_relics":[{"not_picked":["SlaversCollar","Runic Dome"],"picked":"Snecko Eye"}],"items_purged_floors":[14],"is_endless":false,"potions_floor_spawned":[1,2,12,13],"killed_by":"Gremlin Leader","ascension_level":4}}