{"host":"j36qkj20jqndbw01","time":1613228366,"event":{"mods":["AchievementEnabler","BaseMod","Colored Map","DeckTracker","Highlight Path","Keyboard Shortcuts","Minty Spire (QoL Compilation)","Quick Restart","Relic Stats","StSLib","SuperFastMode","everything is the same but u backflip on backflip"],"gold_per_floor":[116,135,155,155,155,155,170,170,170,170,170],"floor_reached":10,"language":"KOR","playtime":273,"items_purged":[],"score":110,"play_id":"9b4b3481-4033-41b3-bb64-30c519f83f6e","local_time":"20210213235926","is_ascension_mode":true,"campfire_choices":[{"data":"Zap","floor":6,"key":"SMITH"},{"data":"Dualcast","floor":8,"key":"SMITH"}],"circlet_count":0,"master_deck":["AscendersBane","Strike_B+1","Strike_B+1","Strike_B","Strike_B","Defend_B","Defend_B","Defend_B","Defend_B","Zap+1","Dualcast+1","Storm","Genetic Algorithm","Compile Driver"],"relics":["Cracked Core","Frozen Egg 2","Ancient Tea Set"],"acts_visited":["Exordium"],"potions_floor_usage":[],"damage_taken":[{"damage":0,"enemies":"2 Louse","floor":1,"turns":3},{"damage":9,"enemies":"Jaw Worm","floor":2,"turns":4},{"damage":1,"enemies":"Small Slimes","floor":3,"turns":3},{"damage":21,"enemies":"3 Louse","floor":7,"turns":4},{"damage":20,"enemies":"Lagavulin","floor":10,"turns":5}],"seed_played":"374808872989288403","potions_obtained":[{"floor":3,"key":"Ancient Potion"},{"floor":7,"key":"Dexterity Potion"}],"is_trial":false,"path_per_floor":["M","M","M","?","T","R","M","R","T","E"],"character_chosen":"DEFECT","items_purchased":[],"campfire_rested":0,"item_purchase_floors":[],"current_hp_per_floor":[71,62,61,38,38,38,17,17,17,0,0],"gold":170,"neow_bonus":"TEN_PERCENT_HP_BONUS","is_daily":false,"chose_seed":false,"campfire_upgraded":2,"win_rate":0.0,"timestamp":1613228366,"path_taken":["M","M","M","?","?","R","M","R","T","E"],"items_purchased_type":[],"build_version":"2020-12-22","purchased_purges":0,"victory":false,"max_hp_per_floor":[78,78,78,78,78,78,78,78,78,78,78],"relic_stats":{"counters":[5,19],"obtain_stats":[{"Frozen Egg 2":5,"Cracked Core":0,"Ancient Tea Set":9},{"Frozen Egg 2":3,"Cracked Core":0,"Ancient Tea Set":4},{"Frozen Egg 2":10,"Cracked Core":0,"Ancient Tea Set":14}]},"card_choices":[{"not_picked":["Steam","Reinforced Body","Rebound"],"picked":"SKIP","floor":1},{"not_picked":["Streamline","Gash"],"picked":"Storm","floor":2},{"not_picked":["Barrage","Heatsinks"],"picked":"Genetic Algorithm","floor":3},{"not_picked":["Hologram","Rip and Tear"],"picked":"Compile Driver","floor":7}],"player_experience":1762717,"relics_obtained":[{"floor":5,"key":"Frozen Egg 2"},{"floor":9,"key":"Ancient Tea Set"}],"event_choices":[{"damage_healed":0,"gold_gain":0,"player_choice":"Entered Light","damage_taken":23,"max_hp_gain":0,"max_hp_loss":0,"event_name":"Shining Light","floor":4,"gold_loss":0,"cards_upgraded":["Strike_B","Strike_B"]}],"is_beta":false,"boss_relics":[],"items_purged_floors":[],"is_endless":false,"potions_floor_spawned":[3,7],"killed_by":"Lagavulin","ascension_level":18}}