{"host":"vm8b3ptwl81uq21f","time":1613200285,"event":{"mods":["Act Like it!","Aspiration","BaseMod","BetterRewards","Colored Map","Colored Powertips","Conspire","Gensokyo","GifTheSpireLib","Googly Eyes","GungeonMod","Halation","Hubris","Infinite Spire","Minty Spire (QoL Compilation)","Quick Restart","Rare Cards Sparkle","Reliquary","Replay The Spire","Shop Mod","Spicy Shops","Spire Arcade","StSLib","Stuff the Spire","The IronCluck","The Jungle","[IsaacMod]????"],"gold_per_floor":[112,112,124,141,141,168,181,211,211,236,58,58,58,58,58,133,133,145,165,165,182,198,228,245,245,245,245,276,296,396,6,6,79,79,94,107,107,107,119,119,119,119,142,142,168,203,203,220,220,220],"floor_reached":51,"language":"ENG","playtime":2106,"items_purged":["Strike_G","Strike_G","Strike_G","Strike_G","Injury","Defend_G","Defend_G","Defend_G","Survivor","Neutralize","Slice"],"score":2238,"play_id":"535d30ea-83fd-4517-af3e-b535ea7a2a92","local_time":"20210213021125","is_ascension_mode":true,"campfire_choices":[{"data":"Calculated Gamble","floor":12,"key":"SMITH"},{"data":"Strike_G","floor":15,"key":"PURGE"},{"data":"ReplayTheSpireMod:Scrap Shanks","floor":25,"key":"SMITH"},{"data":"Tactician","floor":32,"key":"SMITH"},{"data":"Concentrate","floor":40,"key":"SMITH"},{"data":"Prepared","floor":44,"key":"SMITH"},{"data":"StuffTheSpire:DoubleShiv","floor":49,"key":"SMITH"}],"circlet_count":0,"master_deck":["AscendersBane","StuffTheSpire:DoubleShiv+1","Reflex+1","Prepared+1","Blade Dance+1","Concentrate+1","ReplayTheSpireMod:Scrap Shanks+1","Calculated Gamble+1","Blade Dance","Acrobatics+1","Blade Dance+1","Prepared+1","Tactician+1","Prepared+1","StuffTheSpire:BrainWave+1","Acrobatics+1","Master of Strategy+1","StuffTheSpire:BrainWave"],"relics":["Ring of the Snake","HushsDoor","YumHeart","StuffTheSpire:Saxophone","MerchantsRug","TheAbacus","Golden Egg","Frozen Eye","Replay:Bottled Steam","hubris:Icosahedron","halation:EternalFortune","BookOfRevelations","DemoMod:VorpalBullet","Vajra","Shuriken","Replay:Kaleidoscope","StuffTheSpire:RunicConfusion","DemoMod:GlassGuonStoneRelic","Snecko Scales","halation:SelfBoilingWater","HornCleat","Durian","ReplayTheSpireMod:Shallot","StuffTheSpire:Experiment12","halation:Komachan","Empty Cage","Pen Nib","reliquary:RoseTintedGlasses","TheBean"],"acts_visited":["Exordium","TheCity","TheCity"],"potions_floor_usage":[8,33],"damage_taken":[{"damage":4,"enemies":"Gensokyo:3_Fairies","floor":1,"turns":3},{"damage":1,"enemies":"Gensokyo:2_Kodama","floor":3,"turns":3},{"damage":0,"enemies":"Gensokyo:Python","floor":4,"turns":2},{"damage":0,"enemies":"Gensokyo:Aya","floor":6,"turns":6},{"damage":7,"enemies":"Gensokyo:3_Kodama","floor":7,"turns":4},{"damage":0,"enemies":"Gensokyo:Cirno","floor":8,"turns":4},{"damage":0,"enemies":"Gensokyo:Aya","floor":10,"turns":3},{"damage":9,"enemies":"Gensokyo:Kokoro","floor":16,"turns":5},{"damage":0,"enemies":"conspire:FuzzyDice","floor":18,"turns":1},{"damage":0,"enemies":"Spheric Guardian","floor":19,"turns":1},{"damage":0,"enemies":"3 Cultists","floor":21,"turns":1},{"damage":0,"enemies":"Snake Plant","floor":22,"turns":1},{"damage":0,"enemies":"conspire:SneckoGhost","floor":23,"turns":1},{"damage":0,"enemies":"conspire:HollyBat","floor":24,"turns":2},{"damage":0,"enemies":"Slavers","floor":28,"turns":1},{"damage":0,"enemies":"Cultist and Chosen","floor":29,"turns":2},{"damage":0,"enemies":"Colosseum Slavers","floor":30,"turns":1},{"damage":0,"enemies":"Colosseum Nobs","floor":30,"turns":1},{"damage":0,"enemies":"Collector","floor":33,"turns":1},{"damage":0,"enemies":"Gensokyo:AncientGuardian","floor":35,"turns":1},{"damage":0,"enemies":"Gensokyo:3_Bats","floor":36,"turns":1},{"damage":0,"enemies":"Gensokyo:Sharpion","floor":39,"turns":1},{"damage":0,"enemies":"Gensokyo:Doremy","floor":45,"turns":1},{"damage":0,"enemies":"conspire:MimicChest","floor":46,"turns":1},{"damage":0,"enemies":"Gensokyo:Dusk_and_Dawn","floor":48,"turns":1},{"damage":0,"enemies":"Gensokyo:Yuyuko","floor":50,"turns":1}],"seed_played":"3015728258925913286","potions_obtained":[{"floor":1,"key":"Adrenaline Potion"},{"floor":4,"key":"SteroidPotion"},{"floor":35,"key":"Explosive Potion"},{"floor":36,"key":"LifebloodPotion"}],"is_trial":false,"path_per_floor":["M","?","M","M","?","E","M","E","T","E","$","R","$","T","R_BF","B",null,"M","M","AVR","M","M","E","M","R","T","?","E","M","?","$","R","B",null,"M","M","?","?","M","R","?","$","T","R","E","?","AVR","M","R","B",null],"character_chosen":"THE_SILENT","items_purchased":["StuffTheSpire:DoubleShiv","StuffTheSpire:Saxophone","MerchantsRug","Reflex+1","TheAbacus","BargainBundle","Prepared","Slice","Master of Strategy","Golden Egg","Frozen Eye","Replay:Bottled Steam","Blade Dance+1","Shuriken","Acrobatics","StuffTheSpire:Experiment12","halation:Komachan","Acrobatics","Master of Strategy"],"campfire_rested":0,"item_purchase_floors":[0,0,0,0,0,0,0,0,0,0,0,0,0,11,11,31,31,31,34],"current_hp_per_floor":[39,39,38,38,41,41,34,34,34,34,59,59,59,59,59,50,61,61,61,61,61,61,61,61,61,61,61,61,64,69,69,69,69,61,64,64,64,64,64,64,64,57,57,57,57,57,57,57,57,57],"gold":220,"neow_bonus":"","is_daily":false,"chose_seed":false,"campfire_upgraded":6,"win_rate":0.0,"timestamp":1613200285,"path_taken":["M","?","M","M","?","E","M","E","T","E","$","R","?","?","R_BF","BOSS","M","M","AVR","M","M","E","M","R","T","?","E","M","?","$","R","BOSS","M","M","?","?","M","R","?","?","T","R","E","?","AVR","M","R","BOSS"],"items_purchased_type":["Card","Relic","Relic","Card","Relic","Relic","Card","Card","Card","Relic","Relic","Relic","Card","Relic","Card","Relic","Relic","Card","Card"],"build_version":"2020-12-22","purchased_purges":11,"victory":true,"max_hp_per_floor":[66,66,66,66,69,69,69,69,69,69,69,69,69,69,69,69,64,64,64,64,64,64,64,64,64,64,64,64,67,72,72,72,72,61,64,64,64,64,64,64,64,64,64,64,64,64,64,64,64,64],"card_choices":[{"not_picked":["Skewer","Outmaneuver","StuffTheSpire:ClusterCrunch"],"picked":"SKIP","floor":1},{"not_picked":["Blade Dance","Die Die Die"],"picked":"Concentrate","floor":3},{"not_picked":["StuffTheSpire:Injection","Reflex"],"picked":"ReplayTheSpireMod:Scrap Shanks","floor":4},{"not_picked":["Dagger Spray","Slice","ReplayTheSpireMod:Exploit Weakness"],"picked":"SKIP","floor":6},{"not_picked":["Infinite Blades","Flying Knee"],"picked":"Calculated Gamble","floor":7},{"not_picked":["Bane","ReplayTheSpireMod:Exploit Weakness","Sucker Punch"],"picked":"SKIP","floor":8},{"not_picked":["Venomology","Masterful Stab"],"picked":"Blade Dance","floor":10},{"not_picked":["Fluid Movement","Poisoned Stab","StuffTheSpire:BrimstoneBlast"],"picked":"SKIP","floor":18},{"not_picked":["Backflip","Slice+1","Flying Knee"],"picked":"SKIP","floor":19},{"not_picked":["Escape Plan","Backflip"],"picked":"Blade Dance","floor":21},{"not_picked":["Accuracy","StuffTheSpire:Injection","Outmaneuver"],"picked":"SKIP","floor":22},{"not_picked":["Expertise+1","Heel Hook"],"picked":"Prepared+1","floor":23},{"not_picked":["Poisoned Stab+1","StuffTheSpire:Injection","Dagger Throw"],"picked":"SKIP","floor":24},{"not_picked":["StuffTheSpire:Incantation","Sucker Punch"],"picked":"Tactician","floor":28},{"not_picked":["Accuracy","StuffTheSpire:Incursion","Eviscerate"],"picked":"SKIP","floor":29},{"not_picked":["Escape Plan+1","conspire:DoublingDagger"],"picked":"Prepared","floor":30},{"not_picked":["Escape Plan","Blade Dance","Sucker Punch"],"picked":"SKIP","floor":35},{"not_picked":["Dodge and Roll","Deadly Poison","StuffTheSpire:Injection"],"picked":"SKIP","floor":36},{"not_picked":["StuffTheSpire:Innocence","StuffTheSpire:Harmony"],"picked":"StuffTheSpire:BrainWave","floor":38},{"not_picked":["Underhanded Strike","Cloak And Dagger+1","StuffTheSpire:BumpUp"],"picked":"SKIP","floor":39},{"not_picked":["Replay:Poison Smokescreen","Noxious Fumes+1","StuffTheSpire:Fury"],"picked":"SKIP","floor":45},{"not_picked":["conspire:PoisonWeapons","Bane","Dagger Throw"],"picked":"SKIP","floor":48}],"player_experience":408261,"relics_obtained":[{"floor":6,"key":"GnawedLeaf"},{"floor":8,"key":"BookOfRevelations"},{"floor":9,"key":"DemoMod:VorpalBullet"},{"floor":10,"key":"Vajra"},{"floor":14,"key":"Replay:Kaleidoscope"},{"floor":23,"key":"halation:SelfBoilingWater"},{"floor":26,"key":"reliquary:Buckler"},{"floor":28,"key":"HornCleat"},{"floor":29,"key":"halation:EternalFortune"},{"floor":30,"key":"Durian"},{"floor":30,"key":"ReplayTheSpireMod:Shallot"},{"floor":35,"key":"halation:EternalFortune"},{"floor":43,"key":"Pen Nib"},{"floor":45,"key":"reliquary:RoseTintedGlasses"},{"floor":46,"key":"TheBean"}],"event_choices":[{"damage_healed":0,"gold_gain":0,"player_choice":"Ignored","damage_taken":0,"max_hp_gain":0,"max_hp_loss":0,"event_name":"The Mausoleum","floor":27,"gold_loss":0},{"damage_healed":0,"gold_gain":0,"player_choice":"Fight","damage_taken":0,"max_hp_gain":0,"max_hp_loss":0,"event_name":"Colosseum","floor":30,"gold_loss":0},{"damage_healed":0,"gold_gain":0,"player_choice":"Fought Nobs","damage_taken":0,"max_hp_gain":0,"max_hp_loss":0,"event_name":"Colosseum","floor":30,"gold_loss":0}],"is_beta":false,"boss_relics":[{"not_picked":["aspiration:RunicSpoon","Velvet Choker"],"picked":"StuffTheSpire:RunicConfusion"},{"not_picked":[]},{"not_picked":["reliquary:RedPaperclip","halation:ForbiddenBikini"],"picked":"Empty Cage"},{"not_picked":[]}],"items_purged_floors":[0,0,17,20,31,34,42,42,42,42,47],"is_endless":false,"potions_floor_spawned":[1,4,18,19,22,24,30,35,36],"ascension_level":17}}