{"host":"i09pxcjttd31eh4q","time":1613193839,"event":{"mods":["AchievementEnabler","BaseMod","Colored Map","Keyboard Shortcuts","Minty Spire (QoL Compilation)","StSLib","SuperFastMode"],"gold_per_floor":[117,167,187,201,215,215,231,249,321,321,356,506,173,223,223,295,295,265,284,284,284,284],"floor_reached":21,"language":"KOR","playtime":434,"items_purged":["Doubt"],"score":362,"play_id":"0754d628-3fb8-406d-bb29-30d9e513ebb1","local_time":"20210213142359","is_ascension_mode":true,"campfire_choices":[{"data":"Eruption","floor":6.0,"key":"SMITH"},{"data":"Wallop","floor":10.0,"key":"SMITH"},{"floor":15.0,"key":"REST"}],"circlet_count":0,"master_deck":["AscendersBane","Strike_P","Strike_P","Strike_P","Strike_P","Defend_P","Defend_P","Defend_P","Defend_P","Eruption+1","Vigilance","Wallop+1","TalkToTheHand","FearNoEvil","Adaptation","Flash of Steel"],"relics":["Sozu","InkBottle","Nunchaku","MealTicket","Philosopher\u0027s Stone"],"acts_visited":["Exordium","TheCity"],"potions_floor_usage":[],"damage_taken":[{"damage":14.0,"enemies":"Small Slimes","floor":1.0,"turns":5.0},{"damage":0.0,"enemies":"Cultist","floor":3.0,"turns":3.0},{"damage":0.0,"enemies":"Jaw Worm","floor":4.0,"turns":4.0},{"damage":1.0,"enemies":"Large Slime","floor":5.0,"turns":3.0},{"damage":18.0,"enemies":"Gremlin Gang","floor":7.0,"turns":3.0},{"damage":2.0,"enemies":"2 Fungi Beasts","floor":8.0,"turns":3.0},{"damage":20.0,"enemies":"3 Sentries","floor":11.0,"turns":7.0},{"damage":12.0,"enemies":"Slime Boss","floor":16.0,"turns":6.0},{"damage":4.0,"enemies":"2 Thieves","floor":18.0,"turns":4.0},{"damage":20.0,"enemies":"3 Byrds","floor":19.0,"turns":4.0},{"damage":12,"enemies":"Snake Plant","floor":21,"turns":3}],"seed_played":"6879138061382787310","potions_obtained":[],"is_trial":false,"path_per_floor":["M","?","M","M","M","R","M","M","T","R","E","?","$","?","R","B",null,"M","M","?","M"],"character_chosen":"WATCHER","items_purchased":["Flash of Steel","MealTicket"],"campfire_rested":1,"item_purchase_floors":[13,13],"current_hp_per_floor":[47,47,47,47,46,46,28,26,26,26,6,6,6,6,26,14,55,51,31,21,9,9],"gold":284,"neow_bonus":"BOSS_RELIC","is_daily":false,"chose_seed":false,"campfire_upgraded":2,"win_rate":0.0,"timestamp":1613193839,"path_taken":["M","?","?","M","M","R","M","M","T","R","E","?","$","?","R","BOSS","M","M","?","?"],"items_purchased_type":["Card","Relic"],"build_version":"2020-12-22","purchased_purges":1,"victory":false,"max_hp_per_floor":[68,68,68,68,68,68,68,68,68,68,68,68,68,68,68,68,68,68,68,68,68,68],"card_choices":[{"not_picked":["Vengeance","Meditate"],"picked":"Wallop","floor":1.0},{"not_picked":["Prostrate","PathToVictory","Conclude"],"picked":"SKIP","floor":3.0},{"not_picked":["Prostrate","Consecrate","Conclude"],"picked":"SKIP","floor":4.0},{"not_picked":["Nirvana","Wireheading"],"picked":"TalkToTheHand","floor":5.0},{"not_picked":["ClearTheMind","FlurryOfBlows","Consecrate"],"picked":"SKIP","floor":7.0},{"not_picked":["SashWhip","Halt"],"picked":"FearNoEvil","floor":8.0},{"not_picked":["EmptyBody","CrushJoints"],"picked":"Adaptation","floor":11.0},{"not_picked":["Evaluate","Sanctity","ThirdEye"],"picked":"SKIP","floor":18.0},{"not_picked":["Protect","WindmillStrike","Sanctity"],"picked":"SKIP","floor":19.0}],"player_experience":904551,"relics_obtained":[{"floor":9.0,"key":"InkBottle"},{"floor":11.0,"key":"Nunchaku"}],"event_choices":[{"damage_healed":0.0,"max_hp_gain":0.0,"max_hp_loss":0.0,"gold_gain":50.0,"event_name":"Golden Shrine","player_choice":"Pray","floor":2.0,"gold_loss":0.0,"damage_taken":0.0},{"damage_healed":0.0,"max_hp_gain":0.0,"max_hp_loss":0.0,"gold_gain":150.0,"event_name":"Liars Game","player_choice":"AGREE","floor":12.0,"gold_loss":0.0,"damage_taken":0.0,"cards_obtained":["Doubt"]},{"damage_healed":0.0,"max_hp_gain":0.0,"max_hp_loss":0.0,"gold_gain":50.0,"event_name":"Golden Wing","player_choice":"Gained Gold","floor":14.0,"gold_loss":0.0,"damage_taken":0.0},{"damage_healed":0.0,"max_hp_gain":0.0,"max_hp_loss":0.0,"gold_gain":0.0,"event_name":"Wheel of Change","player_choice":"Damaged","floor":20.0,"gold_loss":0.0,"damage_taken":10.0}],"is_beta":false,"boss_relics":[{"not_picked":["Runic Dome","Ectoplasm"],"picked":"Philosopher\u0027s Stone"}],"items_purged_floors":[13],"is_endless":false,"potions_floor_spawned":[1,4,5,11],"killed_by":"Snake Plant","ascension_level":20}}