{"host":"wbs0wzz0alz01mnq","time":1613224843,"event":{"mods":["2.2 Compatiblity","BaseMod","Bestiary","Colored Map","Colored Powertips","GifTheSpireLib","Googly Eyes","Highlight Path","Minty Spire (QoL Compilation)","Morshu Shopkeeper - ENHANCED","Quick Restart","RNG Fix","Relic Stats","StSLib","SuperFastMode","Waifu the Spire","Weighted Paths","thorton"],"gold_per_floor":[113,141,316,108,120,165,165,180,180,180],"floor_reached":8,"language":"ENG","playtime":390,"items_purged":["Normality"],"score":56,"play_id":"4a8d85f4-0ef8-4da6-80d5-46e2c92a328d","local_time":"20210213090043","is_ascension_mode":false,"campfire_choices":[{"data":"thethorton:CannonShot","floor":7,"key":"SMITH"}],"circlet_count":0,"master_deck":["thethorton:Strike","thethorton:Strike","thethorton:Strike","thethorton:Strike","thethorton:Defend","thethorton:Defend","thethorton:Defend","thethorton:Defend","thethorton:Heckle","thethorton:CreditCard","thethorton:GoldBuffer","thethorton:ChartProject","Doubt","thethorton:CannonShot+1","thethorton:GoldBuffer","thethorton:MomentaryBreak","thethorton:PowerUp"],"relics":["thethorton:CouragePotion","NeowsBlessing","HornCleat"],"acts_visited":["Exordium"],"potions_floor_usage":[6,6],"damage_taken":[{"damage":0,"enemies":"Small Slimes","floor":1,"turns":1},{"damage":0,"enemies":"Jaw Worm","floor":2,"turns":1},{"damage":0,"enemies":"2 Louse","floor":5,"turns":1},{"damage":65,"enemies":"Gremlin Nob","floor":6,"turns":7},{"damage":25,"enemies":"Lagavulin","floor":8,"turns":6}],"seed_played":"-5503272389285770197","potions_obtained":[{"floor":1,"key":"Regen Potion"},{"floor":2,"key":"SteroidPotion"}],"is_trial":false,"path_per_floor":["M","M","?","$","M","E","R","E"],"character_chosen":"THE_THORT","items_purchased":["thethorton:CannonShot","thethorton:GoldBuffer"],"campfire_rested":0,"item_purchase_floors":[4,4],"current_hp_per_floor":[68,68,68,68,68,12,12,0,0,0],"gold":180,"neow_bonus":"THREE_ENEMY_KILL","is_daily":false,"chose_seed":false,"campfire_upgraded":1,"win_rate":0.0,"timestamp":1613224843,"path_taken":["M","?","?","$","?","E","R","E"],"items_purchased_type":["Card","Card"],"build_version":"2020-12-22","purchased_purges":1,"victory":false,"max_hp_per_floor":[68,68,68,68,68,68,68,68,68,68],"relic_stats":{"counters":[5,16],"obtain_stats":[{"HornCleat":6,"NeowsBlessing":0,"thethorton:CouragePotion":0},{"HornCleat":4,"NeowsBlessing":0,"thethorton:CouragePotion":0},{"HornCleat":10,"NeowsBlessing":0,"thethorton:CouragePotion":0}]},"card_choices":[{"not_picked":["thethorton:FocusStrength","thethorton:BookBash"],"picked":"thethorton:GoldBuffer","floor":1},{"not_picked":["thethorton:Rebalance","thethorton:Distance"],"picked":"thethorton:ChartProject","floor":2},{"not_picked":["thethorton:ToxicGreed","thethorton:FeelNoBrain"],"picked":"thethorton:MomentaryBreak","floor":5},{"not_picked":["thethorton:ChartProject","thethorton:LongDaysWork"],"picked":"thethorton:PowerUp","floor":6}],"player_experience":22880,"relics_obtained":[{"floor":6,"key":"HornCleat"}],"event_choices":[{"damage_healed":0,"gold_gain":175,"player_choice":"AGREE","damage_taken":0,"max_hp_gain":0,"max_hp_loss":0,"event_name":"Liars Game","floor":3,"gold_loss":0,"cards_obtained":["Doubt"]}],"is_beta":false,"boss_relics":[],"items_purged_floors":[4],"is_endless":false,"potions_floor_spawned":[1,2],"killed_by":"Lagavulin","ascension_level":0}}