{"host":"6ggzka4dag2kvku2","time":1613217660,"event":{"mods":["AchievementEnabler","BaseMod","DeckTracker","Minty Spire (QoL Compilation)","Permanent Neow","Quick Restart","SuperFastMode"],"gold_per_floor":[116,45,45,58,73,73,23,37,37,71,71,91,91,101,101,206,206,225,225,244,258,258,258,271,271,271],"floor_reached":25,"language":"KOR","playtime":748,"items_purged":[],"score":236,"play_id":"6332c3c8-e393-478d-8b79-85e50fdea25a","local_time":"20210213210100","is_ascension_mode":true,"campfire_choices":[{"data":"Flex","floor":6,"key":"SMITH"},{"data":"Heavy Blade","floor":11,"key":"SMITH"},{"data":"Limit Break","floor":13,"key":"SMITH"},{"data":"True Grit","floor":15,"key":"SMITH"},{"floor":23,"key":"REST"}],"circlet_count":0,"master_deck":["Strike_R","Strike_R","Strike_R","Strike_R","Defend_R","Defend_R","Defend_R","Defend_R","Bash","Limit Break+1","Headbutt","Flex+1","Sword Boomerang","Heavy Blade+1","Power Through","True Grit+1","Armaments","Limit Break","Madness","Bloodletting","Inflame"],"relics":["Burning Blood","Letter Opener","Sundial","Prayer Wheel","Runic Cube","Frozen Egg 2"],"acts_visited":["Exordium","TheCity"],"potions_floor_usage":[10,14,16,20,21],"damage_taken":[{"damage":5,"enemies":"Small Slimes","floor":1,"turns":3},{"damage":4,"enemies":"Jaw Worm","floor":4,"turns":3},{"damage":2,"enemies":"2 Louse","floor":5,"turns":3},{"damage":14,"enemies":"Red Slaver","floor":8,"turns":2},{"damage":25,"enemies":"3 Sentries","floor":10,"turns":6},{"damage":11,"enemies":"Large Slime","floor":12,"turns":5},{"damage":20,"enemies":"Gremlin Gang","floor":14,"turns":4},{"damage":28,"enemies":"Hexaghost","floor":16,"turns":9},{"damage":33,"enemies":"3 Byrds","floor":18,"turns":5},{"damage":12,"enemies":"Shell Parasite","floor":20,"turns":5},{"damage":10,"enemies":"Chosen and Byrds","floor":21,"turns":3},{"damage":21,"enemies":"Shelled Parasite and Fungi","floor":24,"turns":3},{"damage":44,"enemies":"Gremlin Leader","floor":25,"turns":2}],"seed_played":"275978973116609007","potions_obtained":[{"floor":4,"key":"CultistPotion"},{"floor":10,"key":"Block Potion"},{"floor":12,"key":"Swift Potion"},{"floor":14,"key":"LiquidMemories"},{"floor":18,"key":"FearPotion"},{"floor":21,"key":"Block Potion"}],"is_trial":false,"path_per_floor":["M","$","?","M","M","R","?","M","T","E","R","M","R","M","R","B",null,"M","?","M","M","?","R","M","E"],"character_chosen":"IRONCLAD","items_purchased":["Flex","Sword Boomerang"],"campfire_rested":1,"item_purchase_floors":[2,2],"current_hp_per_floor":[80,80,73,75,79,79,79,71,71,52,52,47,47,33,33,11,80,53,41,35,31,31,55,40,0,0],"gold":271,"neow_bonus":"ONE_RANDOM_RARE_CARD","is_daily":false,"chose_seed":false,"campfire_upgraded":4,"win_rate":0.0,"timestamp":1613217660,"path_taken":["M","$","?","M","M","R","?","M","T","E","R","M","R","M","R","BOSS","M","?","?","M","?","R","M","E"],"items_purchased_type":["Card","Card"],"build_version":"2020-12-22","purchased_purges":0,"victory":false,"max_hp_per_floor":[80,80,80,80,80,80,80,80,80,80,80,80,80,80,80,80,80,80,80,80,80,80,80,80,80,80],"card_choices":[{"not_picked":["Shrug It Off","Cleave"],"picked":"Headbutt","floor":1},{"not_picked":["Clash","Shrug It Off"],"picked":"Heavy Blade","floor":4},{"not_picked":["Metallicize","Combust","Body Slam"],"picked":"SKIP","floor":5},{"not_picked":["Body Slam","Heavy Blade"],"picked":"Power Through","floor":8},{"not_picked":["Power Through","Sentinel"],"picked":"True Grit","floor":10},{"not_picked":["Dropkick","Heavy Blade","Clothesline"],"picked":"SKIP","floor":12},{"not_picked":["Havoc","Iron Wave","Searing Blow"],"picked":"SKIP","floor":12},{"not_picked":["Corruption","Shrug It Off"],"picked":"Armaments","floor":14},{"not_picked":["Pommel Strike","Clothesline","Infernal Blade"],"picked":"SKIP","floor":14},{"not_picked":["Fiend Fire","Immolate"],"picked":"Limit Break","floor":16},{"not_picked":["True Grit","Thunderclap","Body Slam"],"picked":"SKIP","floor":18},{"not_picked":["Sever Soul","Burning Pact","Clash+1"],"picked":"SKIP","floor":18},{"not_picked":["Clothesline+1","Body Slam"],"picked":"Bloodletting","floor":20},{"not_picked":["Clash","Body Slam","Hemokinesis+1"],"picked":"SKIP","floor":20},{"not_picked":["Wild Strike","Shrug It Off"],"picked":"Inflame","floor":21},{"not_picked":["Combust","Shrug It Off","Entrench"],"picked":"SKIP","floor":21},{"not_picked":["Heavy Blade","Dropkick","Havoc+1"],"picked":"SKIP","floor":24},{"not_picked":["Headbutt+1","Armaments","Iron Wave+1"],"picked":"SKIP","floor":24}],"player_experience":295397,"relics_obtained":[{"floor":9,"key":"Sundial"},{"floor":10,"key":"Prayer Wheel"}],"event_choices":[{"damage_healed":0,"gold_gain":0,"player_choice":"Success","damage_taken":7,"relics_obtained":["Letter Opener"],"max_hp_gain":0,"max_hp_loss":0,"event_name":"Scrap Ooze","floor":3,"gold_loss":0},{"cards_removed":["Strike_R"],"damage_healed":0,"gold_gain":0,"player_choice":"Card Removal","damage_taken":0,"max_hp_gain":0,"max_hp_loss":0,"event_name":"The Cleric","floor":7,"gold_loss":50},{"damage_healed":0,"gold_gain":0,"player_choice":"CARD ","damage_taken":12,"max_hp_gain":0,"max_hp_loss":0,"event_name":"Knowing Skull","floor":19,"potions_obtained":[],"gold_loss":0,"cards_obtained":["Madness"]},{"damage_healed":0,"gold_gain":0,"player_choice":"Gave Potion","damage_taken":0,"relics_obtained":["Frozen Egg 2"],"max_hp_gain":0,"max_hp_loss":0,"event_name":"WeMeetAgain","floor":22,"gold_loss":0}],"is_beta":false,"boss_relics":[{"not_picked":["Empty Cage","Snecko Eye"],"picked":"Runic Cube"}],"items_purged_floors":[],"is_endless":false,"potions_floor_spawned":[4,10,12,14,18,21],"killed_by":"Gremlin Leader","ascension_level":3}}