{"host":"vxxgntm1odai56nh","time":1613246394,"event":{"mods":["AchievementEnabler","BaseMod","Colored Map","Colored Powertips","Highlight Path","Minty Spire (QoL Compilation)","Permanent Neow","Rare Cards Sparkle","Relic Stats","StSLib"],"gold_per_floor":[114,130,130,145,168,168,188,188,188,201,201,245,268,268,268,268,268],"floor_reached":16,"language":"ENG","playtime":538,"items_purged":[],"score":122,"play_id":"61654530-1608-43f9-9ba0-edda052c1a73","local_time":"20210213145954","is_ascension_mode":true,"campfire_choices":[{"floor":6,"key":"REST"},{"data":"Zap","floor":8,"key":"SMITH"},{"data":"Dualcast","floor":15,"key":"SMITH"}],"circlet_count":0,"master_deck":["Strike_B","Strike_B","Strike_B","Strike_B","Defend_B","Defend_B","Defend_B","Defend_B","Zap+1","Dualcast+1","CurseOfTheBell","Hologram","Glacier","Steam","Rebound","Barrage","Biased Cognition","Steam","Defragment"],"relics":["Calling Bell","Regal Pillow","Letter Opener","Incense Burner","Golden Idol","HornCleat","Mummified Hand"],"acts_visited":["Exordium"],"potions_floor_usage":[12,14],"damage_taken":[{"damage":3,"enemies":"Small Slimes","floor":1,"turns":4},{"damage":11,"enemies":"Jaw Worm","floor":2,"turns":4},{"damage":15,"enemies":"Cultist","floor":4,"turns":7},{"damage":20,"enemies":"Exordium Thugs","floor":5,"turns":10},{"damage":0,"enemies":"2 Fungi Beasts","floor":7,"turns":4},{"damage":18,"enemies":"Exordium Wildlife","floor":10,"turns":8},{"damage":10,"enemies":"3 Sentries","floor":12,"turns":5},{"damage":0,"enemies":"Exordium Thugs","floor":13,"turns":6},{"damage":0,"enemies":"3 Louse","floor":14,"turns":1},{"damage":46,"enemies":"Slime Boss","floor":16,"turns":10}],"seed_played":"1297908544934550775","potions_obtained":[{"floor":1,"key":"Strength Potion"},{"floor":7,"key":"Block Potion"},{"floor":12,"key":"SmokeBomb"},{"floor":13,"key":"CultistPotion"}],"is_trial":false,"path_per_floor":["M","M","?","M","M","R","M","R","T","M","?","E","M","M","R","B"],"character_chosen":"DEFECT","items_purchased":[],"campfire_rested":1,"item_purchase_floors":[],"current_hp_per_floor":[72,61,61,46,26,63,63,63,63,45,45,35,35,35,35,0,0],"gold":268,"neow_bonus":"BOSS_RELIC","is_daily":false,"chose_seed":false,"campfire_upgraded":2,"win_rate":0.0,"timestamp":1613246394,"path_taken":["M","M","?","M","M","R","M","R","T","M","?","E","M","?","R","BOSS"],"items_purchased_type":[],"build_version":"2020-12-22","purchased_purges":0,"victory":false,"max_hp_per_floor":[75,75,75,75,75,75,75,75,75,75,75,75,75,75,75,75,75],"relic_stats":{"Regal Pillow":15,"counters":[10,59],"Golden Idol":32,"Mummified Hand":[3],"Letter Opener":[175],"obtain_stats":[{"Calling Bell":0,"Regal Pillow":0,"HornCleat":9,"Golden Idol":3,"Mummified Hand":12,"Incense Burner":0,"Letter Opener":0,"Cracked Core":0},{"Calling Bell":0,"Regal Pillow":0,"HornCleat":5,"Golden Idol":2,"Mummified Hand":7,"Incense Burner":0,"Letter Opener":0,"Cracked Core":0},{"Calling Bell":0,"Regal Pillow":0,"HornCleat":29,"Golden Idol":8,"Mummified Hand":42,"Incense Burner":0,"Letter Opener":0,"Cracked Core":0}]},"card_choices":[{"not_picked":["Streamline","Gash"],"picked":"Hologram","floor":1},{"not_picked":["Compile Driver","Doom and Gloom"],"picked":"Glacier","floor":2},{"not_picked":["Ball Lightning","Compile Driver"],"picked":"Steam","floor":4},{"not_picked":["Cold Snap","Static Discharge"],"picked":"Rebound","floor":5},{"not_picked":["Gash","Conserve Battery"],"picked":"Barrage","floor":7},{"not_picked":["Ball Lightning","Genetic Algorithm"],"picked":"Biased Cognition","floor":10},{"not_picked":["Compile Driver","Barrage"],"picked":"Steam","floor":12},{"not_picked":["Conserve Battery","Go for the Eyes"],"picked":"Defragment","floor":13}],"player_experience":138421,"relics_obtained":[{"floor":0,"key":"Regal Pillow"},{"floor":0,"key":"Letter Opener"},{"floor":0,"key":"Incense Burner"},{"floor":9,"key":"HornCleat"},{"floor":12,"key":"Mummified Hand"}],"event_choices":[{"damage_healed":0,"gold_gain":0,"player_choice":"Take Wound","damage_taken":0,"relics_obtained":["Golden Idol"],"max_hp_gain":0,"max_hp_loss":0,"event_name":"Golden Idol","floor":3,"gold_loss":0,"cards_obtained":["Injury"]},{"cards_removed":["Injury"],"damage_healed":0,"gold_gain":0,"player_choice":"Removed Curses","damage_taken":0,"max_hp_gain":0,"max_hp_loss":0,"event_name":"Fountain of Cleansing","floor":11,"gold_loss":0}],"is_beta":false,"boss_relics":[],"items_purged_floors":[],"is_endless":false,"potions_floor_spawned":[1,7,12,13],"killed_by":"Slime Boss","ascension_level":3}}