{"host":"syozzdlzcqop4jia","time":1613181585,"event":{"mods":["AchievementEnabler","BaseMod","Colored Map","Colored Powertips","Minty Spire (QoL Compilation)","Quick Restart"],"gold_per_floor":[17,35,110,110,121,150,163,163,213,231,231,100,100,115,115,217,217,231,231,244,65,75,104,104,104,104,29,39,58,58,58,58,58,58],"floor_reached":33,"language":"ENG","playtime":1573,"items_purged":[],"score":292,"play_id":"27d0595e-d68d-4bc5-a014-6d2bd3242a1b","local_time":"20210213025945","is_ascension_mode":false,"campfire_choices":[{"floor":8,"key":"RECALL"},{"floor":11,"key":"REST"},{"data":"Flex","floor":13,"key":"SMITH"},{"data":"Heavy Blade","floor":15,"key":"SMITH"},{"floor":25,"key":"REST"},{"floor":30,"key":"REST"},{"floor":32,"key":"REST"}],"circlet_count":0,"master_deck":["Strike_R+1","Strike_R+1","Strike_R+1","Strike_R+1","Defend_R+1","Defend_R+1","Defend_R+1","Bash","Body Slam","Twin Strike+1","Ghostly Armor","Twin Strike","Heavy Blade+1","Double Tap","Twin Strike","Flex+1","PanicButton","Flex","Feed","Headbutt","Purity","Madness","Heavy Blade+1","Inflame","Limit Break","Twin Strike+1","Iron Wave+1","Carnage","Inflame","Thunderclap+1"],"relics":["Black Blood","Ornamental Fan","Pen Nib","Eternal Feather"],"acts_visited":["Exordium","TheCity"],"potions_floor_usage":[5,20],"damage_taken":[{"damage":3,"enemies":"Jaw Worm","floor":1,"turns":3},{"damage":5,"enemies":"Small Slimes","floor":2,"turns":4},{"damage":1,"enemies":"Cultist","floor":5,"turns":3},{"damage":45,"enemies":"Lagavulin","floor":6,"turns":6},{"damage":3,"enemies":"Exordium Thugs","floor":7,"turns":4},{"damage":5,"enemies":"Looter","floor":10,"turns":2},{"damage":0,"enemies":"Red Slaver","floor":14,"turns":1},{"damage":64,"enemies":"The Guardian","floor":16,"turns":13},{"damage":5,"enemies":"Spheric Guardian","floor":18,"turns":3},{"damage":10,"enemies":"3 Byrds","floor":20,"turns":4},{"damage":21,"enemies":"Snake Plant","floor":22,"turns":4},{"damage":60,"enemies":"Gremlin Leader","floor":23,"turns":6},{"damage":21,"enemies":"3 Cultists","floor":28,"turns":5},{"damage":28,"enemies":"Centurion and Healer","floor":29,"turns":5},{"damage":89,"enemies":"Champ","floor":33,"turns":9}],"seed_played":"-714143520339994499","potions_obtained":[{"floor":1,"key":"SmokeBomb"},{"floor":5,"key":"Fruit Juice"},{"floor":10,"key":"Explosive Potion"},{"floor":22,"key":"GamblersBrew"},{"floor":28,"key":"Explosive Potion"}],"is_trial":false,"path_per_floor":["M","M","?","?","M","E","M","R","T","M","R","$","R","M","R","B",null,"M","?","M","$","M","E","?","R","T","$","M","M","R","?","R","B"],"character_chosen":"IRONCLAD","items_purchased":["Flex","PanicButton","Inflame","Limit Break","Carnage"],"campfire_rested":4,"item_purchase_floors":[12,12,21,21,27],"current_hp_per_floor":[80,80,69,69,79,40,43,43,43,44,69,69,69,75,75,17,85,85,66,71,71,62,14,14,40,40,40,31,15,59,42,87,0,0],"gold":58,"neow_bonus":"TRANSFORM_TWO_CARDS","is_daily":false,"chose_seed":false,"campfire_upgraded":2,"win_rate":0.0,"timestamp":1613181585,"path_taken":["M","M","?","?","M","E","M","R","T","?","R","?","R","M","R","BOSS","M","?","?","?","M","E","?","R","T","$","M","M","R","?","R","BOSS"],"items_purchased_type":["Card","Card","Card","Card","Card"],"build_version":"2020-12-22","purchased_purges":0,"victory":false,"max_hp_per_floor":[80,80,80,80,85,85,85,85,85,85,85,85,85,85,85,85,85,85,85,88,88,88,88,88,88,88,88,88,88,88,93,93,93,93],"card_choices":[{"not_picked":["Havoc","Armaments"],"picked":"Ghostly Armor","floor":1},{"not_picked":["Burning Pact","Clothesline"],"picked":"Twin Strike","floor":2},{"not_picked":["Dropkick","Clash","Feel No Pain"],"picked":"SKIP","floor":5},{"not_picked":["Iron Wave","Warcry"],"picked":"Heavy Blade","floor":6},{"not_picked":["Thunderclap","Entrench"],"picked":"Double Tap","floor":7},{"not_picked":["Perfected Strike","Power Through"],"picked":"Twin Strike","floor":10},{"not_picked":["Armaments","Clash"],"picked":"Flex","floor":14},{"not_picked":["Juggernaut","Corruption"],"picked":"Feed","floor":16},{"not_picked":["Cleave","Clash"],"picked":"Headbutt","floor":18},{"not_picked":["Wild Strike+1","Sever Soul"],"picked":"Heavy Blade+1","floor":20},{"not_picked":["Warcry+1","Flex"],"picked":"Twin Strike+1","floor":22},{"not_picked":["Twin Strike","Exhume"],"picked":"Iron Wave+1","floor":23},{"not_picked":["Hemokinesis+1","Anger"],"picked":"Inflame","floor":28},{"not_picked":["Clothesline","Second Wind+1"],"picked":"Thunderclap+1","floor":29}],"player_experience":706279,"relics_obtained":[{"floor":6,"key":"Ornamental Fan"},{"floor":23,"key":"Pen Nib"},{"floor":26,"key":"Eternal Feather"}],"event_choices":[{"damage_healed":0,"gold_gain":75,"player_choice":"Gather Gold","damage_taken":11,"max_hp_gain":0,"max_hp_loss":0,"event_name":"World of Goop","floor":3,"gold_loss":0},{"damage_healed":0,"gold_gain":0,"player_choice":"Upgraded","damage_taken":0,"max_hp_gain":0,"max_hp_loss":0,"event_name":"Upgrade Shrine","floor":4,"gold_loss":0,"cards_upgraded":["Twin Strike"]},{"damage_healed":0,"gold_gain":0,"player_choice":"CARD CARD ","damage_taken":19,"max_hp_gain":0,"max_hp_loss":0,"event_name":"Knowing Skull","floor":19,"potions_obtained":[],"gold_loss":0,"cards_obtained":["Purity","Madness"]},{"damage_healed":0,"gold_gain":0,"player_choice":"Simplicity","damage_taken":0,"max_hp_gain":0,"max_hp_loss":0,"event_name":"Back to Basics","floor":24,"gold_loss":0,"cards_upgraded":["Strike_R","Strike_R","Strike_R","Strike_R","Defend_R","Defend_R","Defend_R"]},{"damage_healed":0,"gold_gain":0,"player_choice":"Shed Blood","damage_taken":22,"max_hp_gain":5,"max_hp_loss":0,"event_name":"Forgotten Altar","floor":31,"gold_loss":0}],"is_beta":false,"boss_relics":[{"not_picked":["Coffee Dripper","Astrolabe"],"picked":"Black Blood"}],"items_purged_floors":[],"is_endless":false,"potions_floor_spawned":[1,5,10,22,28],"killed_by":"Champ","ascension_level":0}}