{"host":"FirstDane","time":1613193596,"event":{"mods":["BaseMod","Bestiary","Highlight Path","Minty Spire (QoL Compilation)","Relic Stats","Slay the Relics Exporter"],"gold_per_floor":[111,129,142,217,228,228,256,256,256,43,55,80,100,100,100,171,171,189,167,183,183,19,48,48,61,61,61,161,191,267,292,292,367,367,378,378,378,396,396,396,423,443,443,459,474,474,118,153,153,153,153,153,153,98,125,125],"floor_reached":57,"language":"ENG","playtime":10425,"items_purged":["Bite"],"score":2710,"play_id":"29513eaa-9f28-4206-8bb3-e554681b55a1","local_time":"20210212231956","is_ascension_mode":true,"campfire_choices":[{"data":"Lockon","floor":6,"key":"SMITH"},{"floor":8,"key":"REST"},{"data":"Sunder","floor":15,"key":"SMITH"},{"floor":24,"key":"REST"},{"data":"Bite","floor":32,"key":"SMITH"},{"data":"Defragment","floor":40,"key":"SMITH"},{"floor":46,"key":"RECALL"},{"data":"Undo","floor":49,"key":"SMITH"},{"data":"Beam Cell","floor":53,"key":"SMITH"}],"circlet_count":0,"master_deck":["AscendersBane","Defend_B","Defend_B+1","Defend_B","Dualcast","Lockon+1","Static Discharge+1","Hologram+1","Beam Cell+1","Ball Lightning","Sunder+1","Conserve Battery+1","Cold Snap","CurseOfTheBell","Cold Snap","Core Surge","Bite+1","Bite","Bite","Glacier+1","Defragment+1","Consume+1","Undo+1","BootSequence+1","Go for the Eyes+1","Cold Snap+1"],"relics":["Philosopher\u0027s Stone","War Paint","Kunai","Lee\u0027s Waffle","Pocketwatch","Calling Bell","Strawberry","Symbiotic Virus","Incense Burner","DataDisk","Potion Belt","Shuriken","Prayer Wheel","Bottled Flame","Boot","Letter Opener","MealTicket","Empty Cage","Blue Candle","Cables","Lantern","Akabeko"],"acts_visited":["Exordium","TheCity","TheBeyond","TheEnding"],"potions_floor_usage":[7,7,33,48,55,56,56,56],"damage_taken":[{"damage":5,"enemies":"Small Slimes","floor":1,"turns":3},{"damage":9,"enemies":"Cultist","floor":2,"turns":4},{"damage":6,"enemies":"2 Louse","floor":3,"turns":3},{"damage":4,"enemies":"Blue Slaver","floor":5,"turns":3},{"damage":27,"enemies":"Lagavulin","floor":7,"turns":6},{"damage":7,"enemies":"Exordium Wildlife","floor":11,"turns":5},{"damage":18,"enemies":"3 Sentries","floor":12,"turns":6},{"damage":5,"enemies":"3 Louse","floor":13,"turns":2},{"damage":17,"enemies":"Hexaghost","floor":16,"turns":7},{"damage":1,"enemies":"Chosen","floor":18,"turns":3},{"damage":14,"enemies":"2 Thieves","floor":19,"turns":4},{"damage":16,"enemies":"Snake Plant","floor":20,"turns":3},{"damage":23,"enemies":"Book of Stabbing","floor":23,"turns":4},{"damage":0,"enemies":"Snecko","floor":25,"turns":8},{"damage":8,"enemies":"Colosseum Slavers","floor":28,"turns":5},{"damage":18,"enemies":"Colosseum Nobs","floor":28,"turns":4},{"damage":24,"enemies":"Gremlin Leader","floor":29,"turns":12},{"damage":20,"enemies":"Slavers","floor":31,"turns":5},{"damage":11,"enemies":"Automaton","floor":33,"turns":7},{"damage":0,"enemies":"3 Shapes","floor":35,"turns":8},{"damage":18,"enemies":"Orb Walker","floor":38,"turns":4},{"damage":7,"enemies":"Nemesis","floor":41,"turns":11},{"damage":25,"enemies":"Jaw Worm Horde","floor":42,"turns":8},{"damage":3,"enemies":"Sphere and 2 Shapes","floor":44,"turns":14},{"damage":30,"enemies":"Maw","floor":45,"turns":12},{"damage":23,"enemies":"Giant Head","floor":48,"turns":9},{"damage":17,"enemies":"Time Eater","floor":50,"turns":22},{"damage":11,"enemies":"Awakened One","floor":51,"turns":29},{"damage":32,"enemies":"Shield and Spear","floor":55,"turns":11},{"damage":46,"enemies":"The Heart","floor":56,"turns":11}],"seed_played":"4369229481549269580","potions_obtained":[{"floor":1,"key":"EntropicBrew"},{"floor":3,"key":"ColorlessPotion"},{"floor":16,"key":"FairyPotion"},{"floor":23,"key":"PotionOfCapacity"},{"floor":28,"key":"Dexterity Potion"},{"floor":29,"key":"LiquidMemories"},{"floor":35,"key":"ColorlessPotion"},{"floor":39,"key":"BlessingOfTheForge"},{"floor":44,"key":"PowerPotion"},{"floor":55,"key":"Block Potion"}],"is_trial":false,"path_per_floor":["M","M","M","?","M","R","E","R","T","$","M","E","M","?","R","B",null,"M","M","M","?","$","E","R","M","T","?","?","E","T","E","R","B",null,"M","?","?","M","?","R","E","M","T","M","M","R","$","E","R","B","B",null,"R","$","E","B",null],"character_chosen":"DEFECT","items_purchased":["Lee\u0027s Waffle","Sunder","DataDisk","Cables","FocusPotion"],"campfire_rested":2,"item_purchase_floors":[10,10,22,47,54],"current_hp_per_floor":[59,50,44,33,29,29,2,23,23,78,71,53,48,48,48,31,73,72,58,42,42,42,19,44,44,44,44,40,54,54,46,46,58,59,59,56,56,45,45,45,53,48,48,56,43,43,56,39,39,56,56,56,56,56,31,10],"gold":125,"neow_bonus":"BOSS_RELIC","is_daily":false,"chose_seed":false,"campfire_upgraded":6,"win_rate":0.0,"timestamp":1613193596,"path_taken":["M","M","M","?","M","R","E","R","T","$","M","E","M","?","R","BOSS","M","M","M","?","$","E","R","?","T","?","?","E","?","E","R","BOSS","M","?","?","M","?","R","E","M","T","M","?","R","$","E","R","BOSS","BOSS","R","$","E","BOSS"],"items_purchased_type":["Relic","Card","Relic","Relic","Potion"],"build_version":"2020-12-18","purchased_purges":1,"victory":true,"max_hp_per_floor":[71,71,71,71,71,71,71,71,71,78,78,78,78,78,78,78,85,85,85,85,85,85,85,85,85,85,59,59,59,59,59,59,59,59,59,56,56,56,56,56,56,56,56,56,56,56,56,56,56,56,56,56,56,56,56,56],"relic_stats":{"Lee\u0027s Waffle":55,"counters":[30,233],"Blue Candle":[6],"Letter Opener":[31],"War Paint":["Hologram","Defend_B"],"Boot":[53],"Cables":[82,7,58,17,0],"Shuriken":[66],"Prayer Wheel":5,"MealTicket":13,"Kunai":[70],"obtain_stats":[{"Potion Belt":23,"Lee\u0027s Waffle":10,"Lantern":48,"Blue Candle":41,"Incense Burner":17,"Letter Opener":30,"War Paint":7,"Boot":29,"Empty Cage":34,"Akabeko":55,"Cables":47,"Calling Bell":17,"DataDisk":22,"Bottled Flame":28,"Shuriken":26,"Strawberry":17,"Philosopher\u0027s Stone":0,"Prayer Wheel":28,"MealTicket":31,"Kunai":9,"Cracked Core":0,"Symbiotic Virus":17,"Pocketwatch":12},{"Potion Belt":13,"Lee\u0027s Waffle":5,"Lantern":26,"Blue Candle":22,"Incense Burner":9,"Letter Opener":17,"War Paint":5,"Boot":17,"Empty Cage":19,"Akabeko":29,"Cables":25,"Calling Bell":9,"DataDisk":12,"Bottled Flame":16,"Shuriken":14,"Strawberry":9,"Philosopher\u0027s Stone":0,"Prayer Wheel":16,"MealTicket":18,"Kunai":5,"Cracked Core":0,"Symbiotic Virus":9,"Pocketwatch":7},{"Potion Belt":53,"Lee\u0027s Waffle":19,"Lantern":160,"Blue Candle":117,"Incense Burner":39,"Letter Opener":82,"War Paint":19,"Boot":82,"Empty Cage":94,"Akabeko":222,"Cables":151,"Calling Bell":39,"DataDisk":49,"Bottled Flame":70,"Shuriken":61,"Strawberry":39,"Philosopher\u0027s Stone":0,"Prayer Wheel":70,"MealTicket":87,"Kunai":19,"Cracked Core":0,"Symbiotic Virus":39,"Pocketwatch":30}],"Pocketwatch":[483]},"card_choices":[{"not_picked":["Auto Shields","Recycle"],"picked":"Lockon","floor":1},{"not_picked":["Skim","Coolheaded"],"picked":"Static Discharge","floor":2},{"not_picked":["Go for the Eyes","Stack"],"picked":"Hologram","floor":3},{"not_picked":["Steam","Gash"],"picked":"Beam Cell","floor":5},{"not_picked":["All For One","Stack"],"picked":"Ball Lightning","floor":7},{"not_picked":["Streamline","Sweeping Beam"],"picked":"Conserve Battery","floor":11},{"not_picked":["Beam Cell","Compile Driver","Meteor Strike"],"picked":"SKIP","floor":12},{"not_picked":["Sunder","Coolheaded"],"picked":"Cold Snap","floor":13},{"not_picked":["Static Discharge","Streamline"],"picked":"Cold Snap","floor":18},{"not_picked":["Cold Snap+1","Coolheaded","Rip and Tear+1"],"picked":"SKIP","floor":19},{"not_picked":["Beam Cell","Aggregate","Steam"],"picked":"SKIP","floor":20},{"not_picked":["Barrage","Gash"],"picked":"Core Surge","floor":23},{"not_picked":["Aggregate","Rebound","Hello World"],"picked":"SKIP","floor":25},{"not_picked":["Aggregate","Rebound","Hello World"],"picked":"SKIP","floor":25},{"not_picked":["Aggregate","Rebound","Hello World"],"picked":"SKIP","floor":25},{"not_picked":["Steam","Chill"],"picked":"Glacier+1","floor":28},{"not_picked":["Beam Cell","Melter","Steam"],"picked":"SKIP","floor":29},{"not_picked":["Cold Snap","FTL+1","Steam"],"picked":"SKIP","floor":31},{"not_picked":["Fusion+1","Ball Lightning+1","Hologram"],"picked":"SKIP","floor":35},{"not_picked":["Stack","Beam Cell+1","BootSequence"],"picked":"SKIP","floor":35},{"not_picked":["Lockon","Recycle"],"picked":"Defragment","floor":38},{"not_picked":["Rebound","Loop"],"picked":"Consume+1","floor":38},{"not_picked":["Beam Cell","Barrage","Chaos"],"picked":"SKIP","floor":41},{"not_picked":["Force Field+1","FTL"],"picked":"Undo","floor":42},{"not_picked":["Streamline","Recycle","Ball Lightning"],"picked":"SKIP","floor":42},{"not_picked":["Melter+1","Barrage"],"picked":"BootSequence+1","floor":44},{"not_picked":["Conserve Battery","Stack","Gash"],"picked":"SKIP","floor":44},{"not_picked":["Sweeping Beam+1","Static Discharge","Beam Cell"],"picked":"SKIP","floor":45},{"not_picked":["BootSequence+1","Hologram","Redo+1"],"picked":"SKIP","floor":45},{"not_picked":["Blizzard","Turbo+1"],"picked":"Go for the Eyes+1","floor":48},{"not_picked":["Core Surge","Streamline+1"],"picked":"Cold Snap+1","floor":55}],"player_experience":4106045,"relics_obtained":[{"floor":7,"key":"War Paint"},{"floor":9,"key":"Kunai"},{"floor":12,"key":"Pocketwatch"},{"floor":17,"key":"Strawberry"},{"floor":17,"key":"Symbiotic Virus"},{"floor":17,"key":"Incense Burner"},{"floor":23,"key":"Potion Belt"},{"floor":26,"key":"Shuriken"},{"floor":28,"key":"Prayer Wheel"},{"floor":28,"key":"Bottled Flame"},{"floor":29,"key":"Boot"},{"floor":30,"key":"Letter Opener"},{"floor":31,"key":"MealTicket"},{"floor":41,"key":"Blue Candle"},{"floor":48,"key":"Lantern"},{"floor":55,"key":"Akabeko"}],"event_choices":[{"damage_healed":0,"gold_gain":75,"player_choice":"Gather Gold","damage_taken":11,"max_hp_gain":0,"max_hp_loss":0,"event_name":"World of Goop","floor":4,"gold_loss":0},{"damage_healed":0,"gold_gain":0,"player_choice":"Grow","damage_taken":0,"max_hp_gain":0,"max_hp_loss":0,"event_name":"Living Wall","floor":14,"gold_loss":0,"cards_upgraded":["Static Discharge"]},{"damage_healed":0,"gold_gain":0,"player_choice":"Upgraded","damage_taken":0,"max_hp_gain":0,"max_hp_loss":0,"event_name":"Upgrade Shrine","floor":21,"gold_loss":0,"cards_upgraded":["Conserve Battery"]},{"damage_healed":0,"gold_gain":0,"player_choice":"Became a vampire","damage_taken":0,"max_hp_gain":0,"max_hp_loss":26,"event_name":"Vampires","floor":27,"gold_loss":0,"cards_obtained":["Bite","Bite","Bite","Bite","Bite"]},{"damage_healed":0,"gold_gain":0,"player_choice":"Fight","damage_taken":0,"max_hp_gain":0,"max_hp_loss":0,"event_name":"Colosseum","floor":28,"gold_loss":0},{"damage_healed":0,"gold_gain":0,"player_choice":"Fought Nobs","damage_taken":0,"max_hp_gain":0,"max_hp_loss":0,"event_name":"Colosseum","floor":28,"gold_loss":0},{"damage_healed":0,"gold_gain":0,"player_choice":"Max HP","damage_taken":0,"max_hp_gain":0,"max_hp_loss":3,"event_name":"Winding Halls","floor":36,"gold_loss":0},{"cards_removed":["Defend_B"],"damage_healed":0,"gold_gain":0,"player_choice":"Removed Skill","damage_taken":0,"max_hp_gain":0,"max_hp_loss":0,"event_name":"Falling","floor":37,"gold_loss":0},{"damage_healed":0,"gold_gain":0,"player_choice":"Got Potions","damage_taken":0,"max_hp_gain":0,"max_hp_loss":0,"event_name":"Lab","floor":39,"gold_loss":0}],"is_beta":true,"boss_relics":[{"not_picked":["SlaversCollar","Sozu"],"picked":"Calling Bell"},{"not_picked":["Fusion Hammer","Runic Dome"],"picked":"Empty Cage"}],"items_purged_floors":[47],"is_endless":false,"potions_floor_spawned":[1,3,16,19,20,23,28,29,35,41,42,44,55],"ascension_level":20}}