{"host":"7l2t4psy44vpcd9q","time":1613235743,"event":{"mods":["AchievementEnabler","BaseMod","DeckTracker","Minty Spire (QoL Compilation)","SuperFastMode"],"gold_per_floor":[117,117,133,147,158,158,187,187,187,187,199,210,221,50,50,124,124,135,50,50,50,66,66,80,106,106,106,106,106,120,133,133,133,133],"floor_reached":33,"language":"KOR","playtime":1112,"items_purged":[],"score":538,"play_id":"e7448ec8-8630-408a-8dbd-297baad3f66e","local_time":"20210214020223","is_ascension_mode":true,"campfire_choices":[{"data":"Perfected Strike","floor":6.0,"key":"SMITH"},{"floor":8.0,"key":"REST"},{"data":"Perfected Strike","floor":10.0,"key":"SMITH"},{"data":"Bash","floor":15.0,"key":"SMITH"},{"floor":23.0,"key":"REST"},{"floor":29,"key":"REST"},{"floor":32,"key":"REST"}],"circlet_count":0,"master_deck":["AscendersBane","Strike_R","Strike_R","Strike_R","Strike_R","Strike_R","Defend_R","Defend_R","Defend_R","Defend_R","Bash+1","Thunderclap","Burning Pact","Perfected Strike+1","Pommel Strike","Perfected Strike+1","Wild Strike","Shrug It Off","Double Tap","Wild Strike","Blood for Blood+1","Bloodletting"],"relics":["Burning Blood","Shuriken","Matryoshka","Vajra","Mark of Pain","Self Forming Clay","Omamori","PreservedInsect","Blood Vial"],"acts_visited":["Exordium","TheCity"],"potions_floor_usage":[25],"damage_taken":[{"damage":2.0,"enemies":"Cultist","floor":1.0,"turns":4.0},{"damage":14.0,"enemies":"Jaw Worm","floor":3.0,"turns":5.0},{"damage":7.0,"enemies":"2 Louse","floor":4.0,"turns":3.0},{"damage":23.0,"enemies":"Red Slaver","floor":5.0,"turns":3.0},{"damage":15.0,"enemies":"Lagavulin","floor":7.0,"turns":3.0},{"damage":3.0,"enemies":"Blue Slaver","floor":11.0,"turns":2.0},{"damage":10.0,"enemies":"Exordium Wildlife","floor":12.0,"turns":4.0},{"damage":0.0,"enemies":"Looter","floor":13.0,"turns":1.0},{"damage":25.0,"enemies":"The Guardian","floor":16.0,"turns":12.0},{"damage":30.0,"enemies":"Shell Parasite","floor":18.0,"turns":3.0},{"damage":19.0,"enemies":"Chosen","floor":22.0,"turns":4.0},{"damage":10.0,"enemies":"Sentry and Sphere","floor":24.0,"turns":4.0},{"damage":48,"enemies":"Gremlin Leader","floor":25,"turns":6},{"damage":5,"enemies":"Centurion and Healer","floor":30,"turns":5},{"damage":24,"enemies":"Snake Plant","floor":31,"turns":2},{"damage":44,"enemies":"Champ","floor":33,"turns":6}],"seed_played":"6599134142710633529","potions_obtained":[{"floor":5.0,"key":"AttackPotion"},{"floor":11.0,"key":"ElixirPotion"},{"floor":12.0,"key":"Dexterity Potion"},{"floor":13.0,"key":"ColorlessPotion"},{"floor":16.0,"key":"PowerPotion"},{"floor":22.0,"key":"DuplicationPotion"}],"is_trial":false,"path_per_floor":["M","?","M","M","M","R","E","R","T","R","M","M","M","$","R","B",null,"M","?","$","?","M","R","M","E","T","?","$","R","M","M","R","B"],"character_chosen":"IRONCLAD","items_purchased":["Vajra"],"campfire_rested":4,"item_purchase_floors":[14],"current_hp_per_floor":[72,72,64,63,46,46,37,59,59,59,62,58,64,64,64,45,68,44,44,44,44,31,53,49,7,7,7,7,29,32,16,38,0,0],"gold":133,"neow_bonus":"ONE_RANDOM_RARE_CARD","is_daily":false,"chose_seed":false,"campfire_upgraded":3,"win_rate":0.0,"timestamp":1613235743,"path_taken":["M","?","M","?","M","R","E","R","T","R","M","M","M","$","R","BOSS","M","?","$","?","M","R","?","E","T","?","?","R","M","M","R","BOSS"],"items_purchased_type":["Relic"],"build_version":"2020-12-22","purchased_purges":0,"victory":false,"max_hp_per_floor":[75,75,75,75,75,75,75,75,75,75,75,75,75,75,75,75,75,75,75,75,75,75,75,75,75,75,75,75,75,75,75,75,75,75],"card_choices":[{"not_picked":["Heavy Blade","Armaments"],"picked":"Thunderclap","floor":1.0},{"not_picked":["Searing Blow","Iron Wave"],"picked":"Perfected Strike","floor":3.0},{"not_picked":["Twin Strike","Cleave"],"picked":"Pommel Strike","floor":4.0},{"not_picked":["Berserk","Cleave"],"picked":"Perfected Strike","floor":5.0},{"not_picked":["Dark Embrace","Inflame"],"picked":"Wild Strike","floor":7.0},{"not_picked":["Armaments","True Grit"],"picked":"Shrug It Off","floor":11.0},{"not_picked":["Anger","Heavy Blade","Combust"],"picked":"SKIP","floor":12.0},{"not_picked":["Burning Pact","Shrug It Off","Sword Boomerang"],"picked":"SKIP","floor":13.0},{"not_picked":["Limit Break","Brutality"],"picked":"Double Tap","floor":16.0},{"not_picked":["Heavy Blade","Anger"],"picked":"Wild Strike","floor":18.0},{"not_picked":["Havoc","Cleave"],"picked":"Blood for Blood+1","floor":22.0},{"not_picked":["Cleave","Perfected Strike"],"picked":"Bloodletting","floor":24.0},{"not_picked":["Rampage","Anger","Infernal Blade"],"picked":"SKIP","floor":25},{"not_picked":["Feel No Pain","Heavy Blade","Warcry"],"picked":"SKIP","floor":30},{"not_picked":["Feel No Pain","Burning Pact","Metallicize"],"picked":"SKIP","floor":31}],"player_experience":1301881,"relics_obtained":[{"floor":7.0,"key":"Shuriken"},{"floor":9.0,"key":"Matryoshka"},{"floor":25,"key":"Omamori"},{"floor":26,"key":"PreservedInsect"},{"floor":26,"key":"Blood Vial"}],"event_choices":[{"damage_healed":0.0,"max_hp_gain":0.0,"max_hp_loss":0.0,"gold_gain":0.0,"cards_transformed":["Barricade"],"event_name":"Transmorgrifier","player_choice":"Transformed","floor":2.0,"gold_loss":0.0,"damage_taken":0.0,"cards_obtained":["Burning Pact"]},{"damage_healed":0.0,"max_hp_gain":0.0,"max_hp_loss":0.0,"gold_gain":0.0,"event_name":"Addict","player_choice":"Obtained Relic","floor":19.0,"gold_loss":85.0,"damage_taken":0.0,"relics_obtained":["Self Forming Clay"]},{"damage_healed":0.0,"max_hp_gain":0.0,"max_hp_loss":0.0,"gold_gain":0.0,"event_name":"FaceTrader","player_choice":"Leave","floor":21.0,"gold_loss":0.0,"damage_taken":0.0},{"damage_healed":0,"gold_gain":0,"player_choice":"Ignored","damage_taken":0,"max_hp_gain":0,"max_hp_loss":0,"event_name":"Cursed Tome","floor":27,"gold_loss":0}],"is_beta":false,"boss_relics":[{"not_picked":["Empty Cage","Calling Bell"],"picked":"Mark of Pain"}],"items_purged_floors":[],"is_endless":false,"potions_floor_spawned":[5,11,12,13,16,22],"killed_by":"Champ","ascension_level":20}}