{"host":"pypglfp8rzlfgxqw","time":1613204950,"event":{"mods":["Act Like it!","BaseMod","Beaked The Cultist","BetterRewards","Conspire","Downfall","Duelist Mod","Friendly Minions","Glutton Mod","Hallownest","Hubris","Infinite Spire","Jorbs\u0027s Wanderer Trilogy","Mad Scientist","Marisa????????","Mimic Mod","Minty Spire (QoL Compilation)","READ ME - Guardian Mod","Reliquary","Replay The Spire","Shop Mod","StSLib","The Administrix","The Animator","The Blackbeard","The Bug Knight","The Construct","The Cursed","The Disciple","The Elementalist","The Gatherer","The Jungle","The Marked","The Mystic","The Runesmith","The Servant 0.9.4","WarShipGirlsR/????R mod"],"gold_per_floor":[118,172,172,0,0,0,48,48,75,75,90,90,102,102,102,201,201,215,215,215,315,333,363,363,381,419,437,455,466,481,530,530,530,530],"floor_reached":33,"language":"ENG","playtime":14089,"items_purged":[],"score":305,"play_id":"017cb26d-a838-4ef4-b276-686d3a773b65","local_time":"20210213032910","is_ascension_mode":false,"campfire_choices":[{"data":"stsjorbsmod:FreshAdventure","floor":6,"key":"SMITH"},{"data":"stsjorbsmod:Feast","floor":8,"key":"SMITH"},{"data":"stsjorbsmod:EyeOfTheStorm","floor":10,"key":"SMITH"},{"data":"stsjorbsmod:Strike_Wanderer","floor":12,"key":"SMITH"},{"data":"infinitespire:Punishment","floor":24,"key":"SMITH"},{"data":"stsjorbsmod:IvoryTower","floor":32,"key":"SMITH"}],"circlet_count":0,"master_deck":["stsjorbsmod:ForbiddenGrimoire+1","stsjorbsmod:Strike_Wanderer+1","stsjorbsmod:Strike_Wanderer+1","stsjorbsmod:Strike_Wanderer","stsjorbsmod:Strike_Wanderer","stsjorbsmod:Defend_Wanderer","stsjorbsmod:Defend_Wanderer","stsjorbsmod:Defend_Wanderer","stsjorbsmod:Defend_Wanderer","stsjorbsmod:FreshAdventure+1","stsjorbsmod:EyeOfTheStorm+1","stsjorbsmod:Feast+1","stsjorbsmod:SmithingStrike","conspire:NecroticWound","stsjorbsmod:IvoryTower+1","Dramatic Entrance","infinitespire:Punishment+1","stsjorbsmod:Patron+1"],"relics":["stsjorbsmod:GrimoireRelic","NeowsBlessing","reliquary:TatteredRug","infinitespire:Beetle Shell","ReplayTheSpireMod:SealedPack","hubris:Icosahedron","Replay:Blank Codex","construct:FoamFinger","hubris:MysteriousPyramids","reliquary:TuningFork"],"acts_visited":["Exordium","TheCity"],"potions_floor_usage":[16,16,23,25,27,28,33,33,33],"damage_taken":[{"damage":0,"enemies":"Hallownest:2_Tiktiks_and_1_Crawlid","floor":1,"turns":2},{"damage":0,"enemies":"Hallownest:monsterHuskWarrior","floor":11,"turns":1},{"damage":0,"enemies":"Hallownest:monsterHuskGuard","floor":13,"turns":1},{"damage":18,"enemies":"Hallownest:BossFalseKnight","floor":16,"turns":11},{"damage":5,"enemies":"Chosen","floor":18,"turns":3},{"damage":0,"enemies":"Spheric Guardian","floor":22,"turns":3},{"damage":0,"enemies":"Slavers","floor":23,"turns":4},{"damage":0,"enemies":"Snake Plant","floor":25,"turns":2},{"damage":1,"enemies":"Centurion and Healer","floor":26,"turns":3},{"damage":6,"enemies":"Centurion and Healer","floor":27,"turns":4},{"damage":0,"enemies":"Sentry and Sphere","floor":28,"turns":3},{"damage":10,"enemies":"Snecko","floor":29,"turns":3},{"damage":0,"enemies":"3 Cultists","floor":30,"turns":2},{"damage":19,"enemies":"Collector","floor":33,"turns":4}],"seed_played":"4215830162612070660","potions_obtained":[{"floor":1,"key":"Adrenaline Potion"},{"floor":13,"key":"EssenceOfSteel"},{"floor":15,"key":"DistilledChaos"},{"floor":15,"key":"Doom Potion"},{"floor":22,"key":"construct:ShiftPotion"},{"floor":23,"key":"Swift Potion"},{"floor":25,"key":"infinitespire:BlackPotion"},{"floor":29,"key":"DuplicationPotion"},{"floor":31,"key":"construct:ShiftPotion"},{"floor":31,"key":"Energy Potion"}],"is_trial":false,"path_per_floor":["M","?","?","?","?","R","$","R","T","R","M","R","M","MIM","R","B",null,"M","?","?","?","M","E","R","M","MIM","M","M","M","M","?","R","B"],"character_chosen":"WANDERER","items_purchased":["stsjorbsmod:Feast"],"campfire_rested":0,"item_purchase_floors":[7],"current_hp_per_floor":[68,68,68,68,68,68,68,68,68,68,68,68,68,68,68,50,68,63,63,47,47,48,50,50,50,52,52,58,49,49,18,18,0,0],"gold":530,"neow_bonus":"THREE_ENEMY_KILL","is_daily":false,"chose_seed":false,"campfire_upgraded":6,"win_rate":0.0,"timestamp":1613204950,"path_taken":["M","?","?","?","?","R","$","R","T","R","M","R","M","?","R","BOSS","M","?","?","?","M","E","R","?","MIM","M","M","M","M","?","R","BOSS"],"items_purchased_type":["Card"],"build_version":"2020-12-22","purchased_purges":0,"victory":false,"max_hp_per_floor":[68,68,68,68,68,68,68,68,68,68,68,68,68,68,68,68,68,68,68,68,68,68,68,68,68,70,74,78,78,78,78,78,78,78],"card_choices":[{"not_picked":["stsjorbsmod:UnseenServant","stsjorbsmod:ChainLightning","stsjorbsmod:Message"],"picked":"SKIP","floor":1},{"not_picked":["stsjorbsmod:BlackTentacles","stsjorbsmod:DisguiseSelf","stsjorbsmod:DoubleCheck"],"picked":"SKIP","floor":11},{"not_picked":["stsjorbsmod:LoseGrip","stsjorbsmod:Thorns"],"picked":"stsjorbsmod:SmithingStrike","floor":13},{"not_picked":["stsjorbsmod:MirrorImage","stsjorbsmod:SiphonEnergy"],"picked":"stsjorbsmod:IvoryTower","floor":17},{"not_picked":["Blind","Trip"],"picked":"Dramatic Entrance","floor":17},{"not_picked":["infinitespire:TheBestDefense","infinitespire:Menacing"],"picked":"infinitespire:Punishment","floor":17},{"not_picked":["stsjorbsmod:LocateObject","stsjorbsmod:Prestidigitation","stsjorbsmod:BurningFlask"],"picked":"SKIP","floor":18},{"not_picked":["stsjorbsmod:Prestidigitation+1","stsjorbsmod:ChatteringStrike+1","stsjorbsmod:UnseenServant"],"picked":"SKIP","floor":22},{"not_picked":["stsjorbsmod:SmithingStrike","stsjorbsmod:MistyStep","stsjorbsmod:FlameWard"],"picked":"SKIP","floor":23},{"not_picked":["stsjorbsmod:FindFamiliar","stsjorbsmod:Materialize+1","stsjorbsmod:Channel"],"picked":"SKIP","floor":25},{"not_picked":["stsjorbsmod:MistyStep","stsjorbsmod:LoseGrip","stsjorbsmod:Prepare"],"picked":"SKIP","floor":27},{"not_picked":["stsjorbsmod:ParryingBlow+1","stsjorbsmod:Mending","stsjorbsmod:SiphonEnergy"],"picked":"SKIP","floor":28},{"not_picked":["stsjorbsmod:Message","stsjorbsmod:BlackTentacles+1"],"picked":"stsjorbsmod:Patron+1","floor":29},{"not_picked":["stsjorbsmod:MagicMirror","stsjorbsmod:Mending","stsjorbsmod:ScorchingRay"],"picked":"SKIP","floor":30}],"player_experience":496222,"relics_obtained":[{"floor":9,"key":"infinitespire:Beetle Shell"},{"floor":20,"key":"Replay:Blank Codex"},{"floor":23,"key":"construct:FoamFinger"},{"floor":26,"key":"hubris:MysteriousPyramids"},{"floor":31,"key":"reliquary:TuningFork"}],"event_choices":[{"damage_healed":0,"gold_gain":0,"player_choice":"Obtained Book","damage_taken":16,"max_hp_gain":0,"max_hp_loss":0,"event_name":"Cursed Tome","floor":20,"gold_loss":0},{"damage_healed":0,"gold_gain":100,"player_choice":"Pray","damage_taken":0,"max_hp_gain":0,"max_hp_loss":0,"event_name":"Golden Shrine","floor":21,"gold_loss":0}],"is_beta":false,"boss_relics":[{"not_picked":["reliquary:KinkedSpring","hubris:VirtuousBlindfold"],"picked":"ReplayTheSpireMod:SealedPack"}],"items_purged_floors":[],"is_endless":false,"potions_floor_spawned":[1,13,22,23,25,29],"killed_by":"Collector","ascension_level":0}}