{"host":"ix07nhfx4o3nf6kx","time":1613209860,"event":{"mods":["BaseMod","Hermit","Minty Spire (QoL Compilation)","StSLib","The Bug Knight","The Cursed","The Dragon Tamer","The Hierophant","The Jungle","The Runesmith"],"gold_per_floor":[107,121,31,43,60,58,58,30,30],"floor_reached":8,"language":"KOR","playtime":676,"items_purged":[],"score":58,"play_id":"5b50ce3b-48a2-4375-b7a5-9ee868bde42b","local_time":"20210213185100","is_ascension_mode":false,"campfire_choices":[{"floor":7,"key":"REST"}],"circlet_count":0,"master_deck":["hierophant:Strike_Hierophant","hierophant:Strike_Hierophant","hierophant:Strike_Hierophant","hierophant:Strike_Hierophant","hierophant:Punish","hierophant:Defend_Hierophant","hierophant:Defend_Hierophant","hierophant:Defend_Hierophant","hierophant:Defend_Hierophant","hierophant:ChurchCoffers","hierophant:Rebuild","hierophant:Empathy","hierophant:HolyVerse","hierophant:Smite","hierophant:ThreeLashes","hierophant:Doubloon","hierophant:RecallFunds","hierophant:BulkyChest"],"relics":["SacredBark","Bag of Preparation"],"acts_visited":["Exordium"],"potions_floor_usage":[6,6,6],"damage_taken":[{"damage":0,"enemies":"Cultist","floor":1,"turns":4},{"damage":0,"enemies":"Jaw Worm","floor":2,"turns":5},{"damage":0,"enemies":"Small Slimes","floor":4,"turns":3},{"damage":3,"enemies":"3 Louse","floor":5,"turns":3},{"damage":24,"enemies":"Gremlin Nob","floor":6,"turns":6},{"damage":71,"enemies":"Lagavulin","floor":8,"turns":8}],"seed_played":"-1167998905154792958","potions_obtained":[{"floor":1,"key":"Dexterity Potion"},{"floor":2,"key":"Dexterity Potion"},{"floor":5,"key":"Swift Potion"}],"is_trial":false,"path_per_floor":["M","M","$","M","M","E","R","E"],"character_chosen":"HIEROPHANT","items_purchased":["hierophant:HolyVerse","hierophant:Smite"],"campfire_rested":1,"item_purchase_floors":[3,3],"current_hp_per_floor":[75,75,75,75,72,48,70,0,0],"gold":30,"neow_bonus":"BOSS_RELIC","is_daily":false,"chose_seed":false,"campfire_upgraded":0,"win_rate":0.0,"timestamp":1613209860,"path_taken":["M","M","$","M","M","E","R","E"],"items_purchased_type":["Card","Card"],"build_version":"2020-12-22","purchased_purges":0,"victory":false,"max_hp_per_floor":[75,75,75,75,75,75,75,75,75],"card_choices":[{"not_picked":["hierophant:Purify","hierophant:Sermon"],"picked":"hierophant:Rebuild","floor":1},{"not_picked":["hierophant:SealAway","hierophant:OrnateBuckler"],"picked":"hierophant:Empathy","floor":2},{"not_picked":["hierophant:HammerAndAnvil","hierophant:Purify"],"picked":"hierophant:ThreeLashes","floor":4},{"not_picked":["hierophant:OrnateBuckler","hierophant:ThreeLashes"],"picked":"hierophant:RecallFunds","floor":5},{"not_picked":["hierophant:AuricBeam","hierophant:CoinFling"],"picked":"hierophant:BulkyChest","floor":6}],"player_experience":263351,"relics_obtained":[{"floor":6,"key":"Bag of Preparation"}],"event_choices":[],"is_beta":false,"boss_relics":[],"items_purged_floors":[],"is_endless":false,"potions_floor_spawned":[1,2,5],"killed_by":"Lagavulin","ascension_level":0}}