{"host":"qxeepl7ydvsgmfdb","time":1613228305,"event":{"mods":["AchievementEnabler","BaseMod","Colored Powertips","Minty Spire (QoL Compilation)","Quick Restart","slay the spire mod where everything is the same but ironclad has a cowboy hat"],"gold_per_floor":[117,21,21,21,37,64,124,124,124,137,137,152,8,43,43,43,43],"floor_reached":16,"language":"ENG","playtime":273,"items_purged":[],"score":158,"play_id":"045db98b-185d-4e46-bf3f-8839b701912c","local_time":"20210213095825","is_ascension_mode":false,"campfire_choices":[{"floor":11.0,"key":"RECALL"},{"data":"Cloak And Dagger","floor":15,"key":"SMITH"}],"circlet_count":0,"master_deck":["Strike_G","Strike_G","Strike_G","Strike_G","Strike_G","Defend_G+1","Defend_G","Defend_G","Defend_G","Defend_G","Survivor","Neutralize","Accuracy+1","Dramatic Entrance","Regret","Dramatic Entrance","Cloak And Dagger+1","Backstab","Dagger Spray","Cloak And Dagger","Slice"],"relics":["Ring of the Snake","NeowsBlessing","Strawberry","Gremlin Horn","Letter Opener","Orichalcum","Sundial"],"acts_visited":["Exordium"],"potions_floor_usage":[14],"damage_taken":[{"damage":0.0,"enemies":"Jaw Worm","floor":1.0,"turns":1.0},{"damage":0.0,"enemies":"Small Slimes","floor":5.0,"turns":1.0},{"damage":0.0,"enemies":"3 Sentries","floor":6.0,"turns":1.0},{"damage":1.0,"enemies":"Cultist","floor":10.0,"turns":3.0},{"damage":2.0,"enemies":"Large Slime","floor":12.0,"turns":4.0},{"damage":0,"enemies":"Gremlin Nob","floor":14,"turns":2},{"damage":59,"enemies":"Slime Boss","floor":16,"turns":9}],"seed_played":"4040882349309876932","potions_obtained":[{"floor":1.0,"key":"FearPotion"},{"floor":14,"key":"Energy Potion"}],"is_trial":false,"path_per_floor":["M","$","?","?","M","E","?","?","T","M","R","M","$","E","R","B"],"character_chosen":"THE_SILENT","items_purchased":["Dramatic Entrance","Orichalcum"],"campfire_rested":0,"item_purchase_floors":[2,13],"current_hp_per_floor":[70,70,77,77,77,77,77,62,62,61,61,59,59,59,59,0,0],"gold":43,"neow_bonus":"THREE_ENEMY_KILL","is_daily":false,"chose_seed":false,"campfire_upgraded":1,"win_rate":0.0,"timestamp":1613228305,"path_taken":["M","$","?","?","?","E","?","?","T","M","R","M","$","E","R","BOSS"],"items_purchased_type":["Card","Relic"],"build_version":"2020-12-22","purchased_purges":0,"victory":false,"max_hp_per_floor":[70,70,77,77,77,77,77,77,77,77,77,77,77,77,77,77,77],"card_choices":[{"not_picked":["Reflex","Bane"],"picked":"Accuracy","floor":1.0},{"not_picked":["Slice","PiercingWail"],"picked":"Cloak And Dagger","floor":5.0},{"not_picked":["Backflip","Corpse Explosion"],"picked":"Backstab","floor":6.0},{"not_picked":["Deflect","Outmaneuver"],"picked":"Dagger Spray","floor":10.0},{"not_picked":["Caltrops","Underhanded Strike"],"picked":"Cloak And Dagger","floor":12.0},{"not_picked":["Endless Agony","Deflect"],"picked":"Slice","floor":14}],"player_experience":137017,"relics_obtained":[{"floor":6.0,"key":"Gremlin Horn"},{"floor":9.0,"key":"Letter Opener"},{"floor":14,"key":"Sundial"}],"event_choices":[{"damage_healed":0.0,"max_hp_gain":0.0,"max_hp_loss":0.0,"gold_gain":0.0,"event_name":"Big Fish","player_choice":"Box","floor":3.0,"gold_loss":0.0,"damage_taken":0.0,"relics_obtained":["Strawberry"],"cards_obtained":["Regret"]},{"damage_healed":0.0,"max_hp_gain":0.0,"max_hp_loss":0.0,"gold_gain":0.0,"event_name":"Match and Keep!","player_choice":"1 cards matched","floor":4.0,"gold_loss":0.0,"damage_taken":0.0,"cards_obtained":["Dramatic Entrance"]},{"damage_healed":0.0,"max_hp_gain":0.0,"max_hp_loss":0.0,"gold_gain":60.0,"event_name":"Golden Wing","player_choice":"Gained Gold","floor":7.0,"gold_loss":0.0,"damage_taken":0.0},{"damage_healed":0.0,"max_hp_gain":0.0,"max_hp_loss":0.0,"gold_gain":0.0,"event_name":"Shining Light","player_choice":"Entered Light","floor":8.0,"gold_loss":0.0,"damage_taken":15.0,"cards_upgraded":["Accuracy","Defend_G"]}],"is_beta":false,"boss_relics":[],"items_purged_floors":[],"is_endless":false,"potions_floor_spawned":[1,14],"killed_by":"Slime Boss","ascension_level":0}}