{"host":"qdluzwl0w2iptkmi","time":1613192545,"event":{"mods":["AchievementEnabler","BaseMod","BetterRewards","DeckTracker","Keyboard Shortcuts","Minty Spire (QoL Compilation)","Quick Restart","Relic Stats","StSLib","SuperFastMode"],"gold_per_floor":[112,128,145,145,70,70,80,105,105,130,145,176,76,407,407,504,504,516,516,236,236,86,115,147,173,173,208,208,241,241,66,66,166,166,185,185,185,185,217,244,273,298,298,60,74,74,101,135,135,135],"floor_reached":51,"language":"KOR","playtime":2113,"items_purged":["Deflect","Dagger Throw","Writhe","Blade Dance","Blade Dance","Backflip+1"],"score":1641,"play_id":"dd708721-12d4-4dbd-b984-d9d2433c17e0","local_time":"20210213140225","daily_mods":["Draft","Green Cards","Heirloom","Time Dilation","Flight","DeadlyEvents","Elite Swarm"],"is_ascension_mode":false,"campfire_choices":[{"data":"Acrobatics","floor":6,"key":"SMITH"},{"data":"Reflex","floor":15,"key":"SMITH"},{"data":"Acrobatics","floor":28,"key":"SMITH"},{"data":"Prepared","floor":30,"key":"SMITH"},{"data":"Concentrate","floor":32,"key":"SMITH"},{"data":"Calculated Gamble","floor":49,"key":"SMITH"}],"circlet_count":0,"master_deck":["Acrobatics+1","Well Laid Plans+1","Acrobatics+1","Tactician+1","Prepared+1","Reflex+1","Prepared+1","Dagger Throw+1","After Image+1","Concentrate+1","Grand Finale+1","Grand Finale+1","Adrenaline","Calculated Gamble+1","Master of Strategy"],"relics":["Ring of the Snake","Pocketwatch","Ice Cream","Lizard Tail","Tough Bandages","Paper Crane","Old Coin","Empty Cage","HornCleat","Happy Flower","Akabeko","Blue Candle","Shuriken","Letter Opener","Bird Faced Urn","Whetstone","Sozu","Mark of the Bloom","Torii","Vajra","Du-Vu Doll","Strawberry","Pantograph","FossilizedHelix","Lantern"],"acts_visited":["Exordium","TheCity","TheBeyond"],"potions_floor_usage":[],"damage_taken":[{"damage":1,"enemies":"Small Slimes","floor":1,"turns":2},{"damage":0,"enemies":"Cultist","floor":2,"turns":2},{"damage":0,"enemies":"2 Louse","floor":3,"turns":1},{"damage":0,"enemies":"Exordium Thugs","floor":7,"turns":2},{"damage":0,"enemies":"Lagavulin","floor":8,"turns":1},{"damage":0,"enemies":"Gremlin Nob","floor":10,"turns":2},{"damage":0,"enemies":"Blue Slaver","floor":11,"turns":1},{"damage":0,"enemies":"Lagavulin","floor":12,"turns":2},{"damage":0,"enemies":"Gremlin Nob","floor":14,"turns":1},{"damage":0,"enemies":"Slime Boss","floor":16,"turns":1},{"damage":0,"enemies":"Shell Parasite","floor":18,"turns":1},{"damage":0,"enemies":"Slavers","floor":23,"turns":1},{"damage":0,"enemies":"Gremlin Leader","floor":24,"turns":1},{"damage":0,"enemies":"Book of Stabbing","floor":25,"turns":1},{"damage":0,"enemies":"Slavers","floor":27,"turns":1},{"damage":0,"enemies":"Book of Stabbing","floor":29,"turns":1},{"damage":0,"enemies":"Champ","floor":33,"turns":1},{"damage":0,"enemies":"Orb Walker","floor":35,"turns":1},{"damage":0,"enemies":"Nemesis","floor":39,"turns":1},{"damage":0,"enemies":"Reptomancer","floor":40,"turns":1},{"damage":0,"enemies":"Giant Head","floor":41,"turns":1},{"damage":0,"enemies":"Nemesis","floor":42,"turns":1},{"damage":0,"enemies":"3 Shapes","floor":45,"turns":1},{"damage":0,"enemies":"Reptomancer","floor":47,"turns":1},{"damage":0,"enemies":"Nemesis","floor":48,"turns":1},{"damage":0,"enemies":"Donu and Deca","floor":50,"turns":1}],"seed_played":"2724314502293277686","potions_obtained":[{"floor":7,"key":"Swift Potion"},{"floor":10,"key":"AttackPotion"},{"floor":11,"key":"Dexterity Potion"},{"floor":12,"key":"DuplicationPotion"}],"is_trial":true,"path_per_floor":["M","M","M","?","$","R","M","E","T","E","M","E","$","E","R","B",null,"M","?","$","?","$","E","E","E","T","E","R","E","R","$","R","B",null,"M","?","?","$","E","E","E","E","T","$","M","?","E","E","R","B",null],"character_chosen":"THE_SILENT","items_purchased":["Happy Flower","Calculated Gamble"],"campfire_rested":0,"item_purchase_floors":[20,44],"current_hp_per_floor":[69,69,69,69,69,69,69,69,69,69,69,69,69,69,69,69,70,70,70,70,54,54,54,54,54,54,54,54,54,54,54,54,58,70,70,70,70,70,70,70,70,70,70,70,70,70,70,70,70,70],"gold":135,"neow_bonus":"","is_daily":false,"chose_seed":false,"campfire_upgraded":6,"win_rate":0.0,"timestamp":1613192545,"path_taken":["M","M","M","?","?","R","?","E","T","E","M","E","$","E","R","BOSS","M","?","$","?","$","E","E","E","T","E","R","E","R","$","R","BOSS","M","?","?","$","?","E","E","E","T","$","?","?","E","E","R","BOSS"],"items_purchased_type":["Relic","Card"],"build_version":"2020-12-22","purchased_purges":6,"victory":true,"max_hp_per_floor":[70,70,70,70,70,70,70,70,70,70,70,70,70,70,70,70,70,70,70,70,70,70,70,70,70,70,70,70,70,70,70,70,70,70,70,70,70,70,70,70,70,77,77,77,77,77,77,77,77,77],"relic_stats":{"Mark of the Bloom":50,"Happy Flower":[5],"Torii":0,"counters":[26,31],"Blue Candle":[0],"Letter Opener":[128],"Whetstone":["Grand Finale","Dagger Throw"],"Sozu":2,"Lizard Tail":0,"Tough Bandages":[663],"Shuriken":[8],"Bird Faced Urn":[4],"Pantograph":0,"obtain_stats":[{"Ice Cream":8,"Mark of the Bloom":37,"Lantern":48,"Torii":39,"Vajra":40,"Whetstone":29,"Empty Cage":17,"Old Coin":14,"Sozu":34,"Lizard Tail":9,"Tough Bandages":10,"HornCleat":19,"Strawberry":42,"Pantograph":43,"Ring of the Snake":0,"Happy Flower":20,"Blue Candle":24,"Letter Opener":26,"Paper Crane":12,"Akabeko":23,"Du-Vu Doll":41,"Shuriken":25,"Bird Faced Urn":27,"FossilizedHelix":47,"Pocketwatch":0},{"Ice Cream":5,"Mark of the Bloom":18,"Lantern":25,"Torii":19,"Vajra":20,"Whetstone":16,"Empty Cage":10,"Old Coin":9,"Sozu":17,"Lizard Tail":5,"Tough Bandages":6,"HornCleat":11,"Strawberry":22,"Pantograph":22,"Ring of the Snake":0,"Happy Flower":11,"Blue Candle":13,"Letter Opener":14,"Paper Crane":8,"Akabeko":12,"Du-Vu Doll":21,"Shuriken":14,"Bird Faced Urn":15,"FossilizedHelix":24,"Pocketwatch":0},{"Ice Cream":8,"Mark of the Bloom":23,"Lantern":30,"Torii":24,"Vajra":25,"Whetstone":21,"Empty Cage":15,"Old Coin":14,"Sozu":22,"Lizard Tail":8,"Tough Bandages":10,"HornCleat":16,"Strawberry":27,"Pantograph":27,"Ring of the Snake":0,"Happy Flower":16,"Blue Candle":18,"Letter Opener":19,"Paper Crane":13,"Akabeko":17,"Du-Vu Doll":26,"Shuriken":19,"Bird Faced Urn":20,"FossilizedHelix":29,"Pocketwatch":0}],"Ring of the Snake":[52],"Pocketwatch":[0]},"card_choices":[{"not_picked":["Backflip","Flying Knee"],"picked":"Blade Dance","floor":0},{"not_picked":["Riddle With Holes","Poisoned Stab"],"picked":"PiercingWail","floor":0},{"not_picked":["Slice","Outmaneuver"],"picked":"Acrobatics","floor":0},{"not_picked":["Bane","Outmaneuver"],"picked":"Well Laid Plans","floor":0},{"not_picked":["Slice","Underhanded Strike"],"picked":"Cloak And Dagger","floor":0},{"not_picked":["Deadly Poison","Cloak And Dagger"],"picked":"Acrobatics","floor":0},{"not_picked":["Escape Plan","Cloak And Dagger"],"picked":"Tactician","floor":0},{"not_picked":["Setup","Accuracy"],"picked":"Prepared","floor":0},{"not_picked":["Deflect","Sucker Punch"],"picked":"Backflip","floor":0},{"not_picked":["Blade Dance","Backstab"],"picked":"Reflex","floor":0},{"not_picked":["Slice","Riddle With Holes"],"picked":"Deflect","floor":0},{"not_picked":["Deadly Poison","PiercingWail"],"picked":"Prepared","floor":0},{"not_picked":["Bane","Sucker Punch"],"picked":"Dagger Throw","floor":0},{"not_picked":["Dodge and Roll","Dagger Spray"],"picked":"Dagger Throw","floor":0},{"not_picked":["Quick Slash","Backflip"],"picked":"Blade Dance","floor":0},{"not_picked":["Dodge and Roll","Deadly Poison","Dagger Throw"],"picked":"SKIP","floor":1},{"not_picked":["Infinite Blades","Leg Sweep","Riddle With Holes"],"picked":"SKIP","floor":2},{"not_picked":["Quick Slash","Noxious Fumes","Deflect"],"picked":"SKIP","floor":3},{"not_picked":["Dodge and Roll","Blade Dance","Prepared"],"picked":"SKIP","floor":7},{"not_picked":["Phantasmal Killer","Tools of the Trade"],"picked":"After Image","floor":8},{"not_picked":["Glass Knife","Malaise","Envenom"],"picked":"SKIP","floor":10},{"not_picked":["Acrobatics","Distraction"],"picked":"Concentrate","floor":11},{"not_picked":["Corpse Explosion","Storm of Steel","Tools of the Trade"],"picked":"SKIP","floor":12},{"not_picked":["Malaise","Tools of the Trade","Corpse Explosion"],"picked":"SKIP","floor":14},{"not_picked":["A Thousand Cuts","After Image"],"picked":"Grand Finale","floor":16},{"not_picked":["Catalyst","Expertise","Underhanded Strike+1"],"picked":"SKIP","floor":18},{"not_picked":["Night Terror","Tools of the Trade","Bullet Time"],"picked":"SKIP","floor":23},{"not_picked":["Glass Knife","After Image","Malaise"],"picked":"SKIP","floor":24},{"not_picked":["Glass Knife","Unload"],"picked":"Grand Finale","floor":25},{"not_picked":["Die Die Die","Storm of Steel","Phantasmal Killer"],"picked":"SKIP","floor":27},{"not_picked":["After Image","Night Terror","Corpse Explosion"],"picked":"SKIP","floor":29},{"not_picked":["Bouncing Flask+1","Outmaneuver+1","Skewer"],"picked":"SKIP","floor":35},{"not_picked":["Corpse Explosion","Malaise","Tools of the Trade"],"picked":"SKIP","floor":39},{"not_picked":["Corpse Explosion","Malaise","Tools of the Trade"],"picked":"SKIP","floor":39},{"not_picked":["Malaise","Unload","Tools of the Trade"],"picked":"SKIP","floor":40},{"not_picked":["Night Terror","Phantasmal Killer"],"picked":"Adrenaline","floor":41},{"not_picked":["Bullet Time","Corpse Explosion","Tools of the Trade"],"picked":"SKIP","floor":42},{"not_picked":["PiercingWail+1","Deflect+1","Leg Sweep+1"],"picked":"SKIP","floor":45},{"not_picked":["PiercingWail+1","Deflect+1","Leg Sweep+1"],"picked":"SKIP","floor":45},{"not_picked":["Dark Shackles","Madness"],"picked":"Master of Strategy","floor":46},{"not_picked":["Burst","Storm of Steel","A Thousand Cuts"],"picked":"SKIP","floor":47},{"not_picked":["A Thousand Cuts","Envenom","Wraith Form v2"],"picked":"SKIP","floor":48}],"player_experience":1265919,"relics_obtained":[{"floor":8,"key":"Ice Cream"},{"floor":9,"key":"Lizard Tail"},{"floor":10,"key":"Tough Bandages"},{"floor":12,"key":"Paper Crane"},{"floor":14,"key":"Old Coin"},{"floor":23,"key":"Akabeko"},{"floor":24,"key":"Blue Candle"},{"floor":25,"key":"Shuriken"},{"floor":26,"key":"Letter Opener"},{"floor":27,"key":"Bird Faced Urn"},{"floor":29,"key":"Whetstone"},{"floor":39,"key":"Torii"},{"floor":40,"key":"Vajra"},{"floor":41,"key":"Du-Vu Doll"},{"floor":42,"key":"Strawberry"},{"floor":43,"key":"Pantograph"},{"floor":47,"key":"FossilizedHelix"},{"floor":48,"key":"Lantern"}],"event_choices":[{"damage_healed":0,"gold_gain":0,"player_choice":"Forge","damage_taken":0,"max_hp_gain":0,"max_hp_loss":0,"event_name":"Accursed Blacksmith","floor":4,"gold_loss":0,"cards_upgraded":["Tactician"]},{"damage_healed":0,"gold_gain":0,"player_choice":"Opened","damage_taken":0,"relics_obtained":["HornCleat"],"max_hp_gain":0,"max_hp_loss":0,"event_name":"The Mausoleum","floor":19,"gold_loss":0,"cards_obtained":["Writhe"]},{"damage_healed":0,"gold_gain":0,"player_choice":"Obtained Book","damage_taken":16,"max_hp_gain":0,"max_hp_loss":0,"event_name":"Cursed Tome","floor":21,"gold_loss":0},{"damage_healed":0,"gold_gain":0,"player_choice":"Ignored","damage_taken":0,"max_hp_gain":0,"max_hp_loss":0,"event_name":"Tomb of Lord Red Mask","floor":36,"gold_loss":0},{"damage_healed":0,"gold_gain":0,"player_choice":"Upgrade","damage_taken":0,"relics_obtained":["Mark of the Bloom"],"max_hp_gain":0,"max_hp_loss":0,"event_name":"MindBloom","floor":37,"gold_loss":0,"cards_upgraded":["Well Laid Plans","Backflip","Prepared","After Image","Grand Finale"]},{"damage_healed":0,"gold_gain":0,"player_choice":"Memory 1","damage_taken":0,"max_hp_gain":0,"max_hp_loss":0,"event_name":"SensoryStone","floor":46,"gold_loss":0}],"is_beta":false,"boss_relics":[{"not_picked":["Runic Pyramid","Ectoplasm"],"picked":"Empty Cage"},{"not_picked":["Calling Bell","Velvet Choker"],"picked":"Sozu"}],"items_purged_floors":[5,13,20,22,31,44],"is_endless":false,"potions_floor_spawned":[7,10,11,12,14,23,27,33,35,42,48],"ascension_level":0}}