{"host":"kg61lsvem4dxoat8","time":1613214276,"event":{"mods":["AchievementEnabler","BaseMod","Better Altar","Better Match","Better Sensory Stone","Better Skull","Block Reminder","Highlight Path","Minty Spire (QoL Compilation)","Quick Restart","Rare Cards Sparkle","Relic Sorter","Relic Stats","StSLib","Synergy Search","slay the spire mod where everything is the same but ironclad has a cowboy hat"],"gold_per_floor":[359,284,54,154,167,167,196,196,219,262,217,229,275,297,309,426,438,461,273,273,372,385,385,385],"floor_reached":23,"language":"ENG","playtime":690,"items_purged":["Injury","Strike_R"],"score":345,"play_id":"10358cd2-14a1-4114-97c9-a7d403debf58","local_time":"20210213190436","is_ascension_mode":true,"campfire_choices":[{"data":"Chrysalis","floor":6,"key":"SMITH"},{"data":"Bullet Time","floor":8,"key":"SMITH"},{"data":"Conserve Battery","floor":12,"key":"SMITH"},{"floor":15,"key":"REST"}],"circlet_count":0,"master_deck":["AscendersBane","Strike_R","Strike_R","Strike_R","Strike_R","Defend_R","Defend_R","Defend_R","Defend_R","Bash","Iron Wave","Dramatic Entrance+1","Chrysalis+1","Bullet Time+1","Conserve Battery+1","Judgement","Hemokinesis"],"relics":["Burning Blood","PrismaticShard","FossilizedHelix","MawBank","The Courier","Pen Nib","Bronze Scales","Runic Dome","Medical Kit"],"acts_visited":["Exordium","TheCity"],"potions_floor_usage":[16],"damage_taken":[{"damage":12.0,"enemies":"Jaw Worm","floor":1.0,"turns":3.0},{"damage":0,"enemies":"Cultist","floor":5,"turns":2},{"damage":28,"enemies":"Lagavulin","floor":7,"turns":7},{"damage":6,"enemies":"3 Sentries","floor":10,"turns":9},{"damage":23,"enemies":"Lagavulin","floor":13,"turns":9},{"damage":0,"enemies":"Small Slimes","floor":14,"turns":2},{"damage":50,"enemies":"Slime Boss","floor":16,"turns":22},{"damage":6,"enemies":"3 Byrds","floor":18,"turns":3},{"damage":25,"enemies":"Shell Parasite","floor":22,"turns":5},{"damage":52,"enemies":"Book of Stabbing","floor":23,"turns":4}],"seed_played":"-1967401182669077359","potions_obtained":[{"floor":1.0,"key":"PowerPotion"},{"floor":10,"key":"Energy Potion"},{"floor":18,"key":"ElixirPotion"}],"is_trial":false,"path_per_floor":["M","?","$","?","M","R","E","R","T","E","?","R","E","M","R","B",null,"M","$","?","?","M","E"],"character_chosen":"IRONCLAD","items_purchased":["PrismaticShard","Medical Kit"],"campfire_rested":1,"item_purchase_floors":[3,19],"current_hp_per_floor":[66,66,66,66,72,72,50,50,50,50,50,50,33,39,63,19,65,65,65,65,65,46,0,0],"gold":385,"neow_bonus":"TWO_FIFTY_GOLD","is_daily":false,"chose_seed":false,"campfire_upgraded":3,"win_rate":0.0,"timestamp":1613214276,"path_taken":["M","?","$","?","?","R","E","R","T","E","?","R","E","M","R","BOSS","M","?","?","?","M","E"],"items_purchased_type":["Relic","Relic"],"build_version":"2020-12-22","purchased_purges":2,"victory":false,"max_hp_per_floor":[80,80,80,80,80,80,80,80,80,80,80,80,80,80,80,80,80,80,80,80,80,80,80,80],"relic_stats":{"counters":[10,66],"Bronze Scales":[133],"Pen Nib":[7],"MawBank":120,"Medical Kit":[1],"obtain_stats":[{"Runic Dome":17,"Bronze Scales":13,"The Courier":10,"Pen Nib":11,"PrismaticShard":3,"MawBank":9,"Medical Kit":19,"Burning Blood":0,"FossilizedHelix":7},{"Runic Dome":7,"Bronze Scales":5,"The Courier":4,"Pen Nib":4,"PrismaticShard":1,"MawBank":3,"Medical Kit":8,"Burning Blood":0,"FossilizedHelix":3},{"Runic Dome":54,"Bronze Scales":30,"The Courier":21,"Pen Nib":21,"PrismaticShard":3,"MawBank":12,"Medical Kit":57,"Burning Blood":0,"FossilizedHelix":12}],"Burning Blood":54},"card_choices":[{"not_picked":["Dark Embrace","Cleave"],"picked":"Iron Wave","floor":1.0},{"not_picked":["Discovery+1","Purity+1"],"picked":"Dramatic Entrance+1","floor":2.0},{"not_picked":["Rampage","Stack"],"picked":"Chrysalis","floor":5},{"not_picked":["Consecrate","Deep Breath"],"picked":"Bullet Time","floor":7},{"not_picked":["All Out Attack","Blade Dance"],"picked":"Conserve Battery","floor":10},{"not_picked":["Cleave","Prostrate","Blasphemy"],"picked":"SKIP","floor":13},{"not_picked":["Clash","Redo","Protect"],"picked":"SKIP","floor":14},{"not_picked":["Brilliance","Magnetism"],"picked":"Judgement","floor":16},{"not_picked":["WreathOfFlame","Poisoned Stab","Fire Breathing"],"picked":"SKIP","floor":18},{"not_picked":["Body Slam","Steam","Static Discharge+1"],"picked":"SKIP","floor":22}],"player_experience":1526380,"relics_obtained":[{"floor":7,"key":"FossilizedHelix"},{"floor":9,"key":"MawBank"},{"floor":10,"key":"The Courier"},{"floor":13,"key":"Bronze Scales"}],"event_choices":[{"damage_healed":0.0,"max_hp_gain":0.0,"max_hp_loss":0.0,"gold_gain":0.0,"event_name":"betterMatch:BetterMatch","player_choice":"2","floor":2.0,"gold_loss":0.0,"damage_taken":0.0,"cards_obtained":["betterMatch:ColorlessUncommonCard"]},{"damage_healed":0.0,"max_hp_gain":0.0,"max_hp_loss":0.0,"gold_gain":100.0,"event_name":"Golden Shrine","player_choice":"Pray","floor":4.0,"gold_loss":0.0,"damage_taken":0.0},{"damage_healed":0,"gold_gain":0,"player_choice":"Paid Gold","damage_taken":0,"relics_obtained":["Pen Nib"],"max_hp_gain":0,"max_hp_loss":0,"event_name":"WeMeetAgain","floor":11,"gold_loss":57},{"damage_healed":0,"gold_gain":0,"player_choice":"Read","damage_taken":0,"max_hp_gain":0,"max_hp_loss":0,"event_name":"The Library","floor":20,"gold_loss":0,"cards_obtained":["Hemokinesis"]},{"damage_healed":0,"gold_gain":99,"player_choice":"Stole From Cult","damage_taken":0,"max_hp_gain":0,"max_hp_loss":0,"event_name":"Nest","floor":21,"gold_loss":0}],"is_beta":false,"boss_relics":[{"not_picked":["Coffee Dripper","SacredBark"],"picked":"Runic Dome"}],"items_purged_floors":[3,19],"is_endless":false,"potions_floor_spawned":[1,10,18],"killed_by":"Book of Stabbing","ascension_level":10}}