{"host":"y36bp6mnm73x3iob","time":1613202755,"event":{"mods":["2.2 Compatiblity","Aspiration","BaseMod","Bossed Relics","Downfall","GifTheSpireLib","Hermit","Minty Spire (QoL Compilation)","Reliquary","StSLib"],"gold_per_floor":[116,116,139,214,229,229,229,269,321,321,321],"floor_reached":10,"language":"ENG","playtime":258,"items_purged":[],"score":69,"play_id":"58e92583-1d8e-4aa5-a0ae-8ab8380f1bd6","local_time":"20210213095235","is_ascension_mode":true,"campfire_choices":[{"data":"Zap","floor":6,"key":"SMITH"}],"circlet_count":0,"master_deck":["Strike_B","Strike_B","Strike_B","Strike_B","Defend_B","Defend_B","Defend_B","Defend_B","Zap+1","Dualcast+1","Self Repair+1","Gash","Conserve Battery","Regret","Core Surge"],"relics":["Cracked Core","aspiration:Nostalgia","Ring of the Snake","Golden Idol","reliquary:Buckler","reliquary:TridentHead","reliquary:SilkGlove"],"acts_visited":["Exordium"],"potions_floor_usage":[3,8],"damage_taken":[{"damage":0,"enemies":"Small Slimes","floor":1,"turns":2},{"damage":1,"enemies":"Jaw Worm","floor":3,"turns":3},{"damage":6,"enemies":"2 Louse","floor":5,"turns":2},{"damage":40,"enemies":"Gremlin Nob","floor":8,"turns":5},{"damage":29,"enemies":"Lagavulin","floor":10,"turns":7}],"seed_played":"183555029394705245","potions_obtained":[{"floor":1,"key":"AttackPotion"},{"floor":3,"key":"FearPotion"}],"is_trial":false,"path_per_floor":["M","?","M","?","M","R","?","E","T","E"],"character_chosen":"DEFECT","items_purchased":[],"campfire_rested":0,"item_purchase_floors":[],"current_hp_per_floor":[75,69,69,58,59,59,59,29,29,0,0],"gold":321,"neow_bonus":"NOSTALGIA","is_daily":false,"chose_seed":false,"campfire_upgraded":1,"win_rate":0.0,"timestamp":1613202755,"path_taken":["M","?","M","?","?","R","?","E","T","E"],"items_purchased_type":[],"build_version":"2020-12-22","purchased_purges":0,"victory":false,"max_hp_per_floor":[75,69,69,69,69,69,69,69,69,69,69],"card_choices":[{"not_picked":["Gash","Redo"],"picked":"Self Repair","floor":1},{"not_picked":["Streamline","Go for the Eyes"],"picked":"Gash","floor":3},{"not_picked":["Compile Driver","Leap"],"picked":"Conserve Battery","floor":5},{"not_picked":["Storm","Streamline"],"picked":"Core Surge","floor":8}],"player_experience":562627,"relics_obtained":[{"floor":8,"key":"reliquary:TridentHead"},{"floor":9,"key":"reliquary:SilkGlove"}],"event_choices":[{"damage_healed":0,"gold_gain":0,"player_choice":"Lose Max HP","damage_taken":0,"relics_obtained":["Golden Idol"],"max_hp_gain":0,"max_hp_loss":6,"event_name":"Golden Idol","floor":2,"gold_loss":0},{"damage_healed":0,"gold_gain":75,"player_choice":"Gather Gold","damage_taken":11,"max_hp_gain":0,"max_hp_loss":0,"event_name":"World of Goop","floor":4,"gold_loss":0},{"damage_healed":0,"gold_gain":0,"player_choice":"Box","damage_taken":0,"relics_obtained":["reliquary:Buckler"],"max_hp_gain":0,"max_hp_loss":0,"event_name":"Big Fish","floor":7,"gold_loss":0,"cards_obtained":["Regret"]}],"is_beta":false,"boss_relics":[],"items_purged_floors":[],"is_endless":false,"potions_floor_spawned":[1,3],"killed_by":"Lagavulin","ascension_level":1}}