{"host":"a20qfyjn5xm2mdxh","time":1613206486,"event":{"mods":["BaseMod","Gremlin Mod","Hermit","Minty Spire (QoL Compilation)","Relic Stats","Reliquary","Replay The Spire","Shop Mod","StSLib","The Cursed"],"gold_per_floor":[118,118,135,149,163,197,197,207,207,267,296,421,421,437,437,533,533,548,625,637,687,705,705,705],"floor_reached":23,"language":"ZHS","playtime":2085,"items_purged":[],"score":230,"play_id":"2f9b4d0a-e01a-4436-8597-d6af8e70fedc","local_time":"20210213165446","is_ascension_mode":false,"campfire_choices":[{"data":"TheCursedMod:AntiAging","floor":13,"key":"SMITH"}],"circlet_count":0,"master_deck":["TheCursedMod:Strike_TheCursed","TheCursedMod:Strike_TheCursed","TheCursedMod:Strike_TheCursed","TheCursedMod:Strike_TheCursed","TheCursedMod:Defend_TheCursed","TheCursedMod:Defend_TheCursed","TheCursedMod:Defend_TheCursed","TheCursedMod:Defend_TheCursed","TheCursedMod:CursedWand","TheCursedMod:CleanUpWorkshop","TheCursedMod:Dregs","TheCursedMod:EmpowerCircles","Hallucinations","TheCursedMod:CircleOfAmplification","TheCursedMod:SoulCrush","TheCursedMod:AntiAging+1","TheCursedMod:CircleOfCorruption","TheCursedMod:CircleOfFlame","TheCursedMod:CursedShiv","TheCursedMod:FleshFromBone+1","TheCursedMod:SpitefulPray","TheCursedMod:CollectTribute","TheCursedMod:CircleOfFocus","TheCursedMod:CircleOfFlame","TheCursedMod:CircleOfCorruption"],"relics":["TheCursedMod:BlackMagic101","NeowsBlessing","Ring of Peace","Replay:Bottled Snecko","SsserpentHead","Mirror","reliquary:BoilingFlask","TheCursedMod:OminousMark","Red Mask"],"acts_visited":["Exordium","TheCity"],"potions_floor_usage":[11,11,18,19,20],"damage_taken":[{"damage":0,"enemies":"2 Louse","floor":1,"turns":1},{"damage":0,"enemies":"Jaw Worm","floor":3,"turns":1},{"damage":0,"enemies":"Cultist","floor":4,"turns":1},{"damage":0,"enemies":"Blue Slaver","floor":5,"turns":6},{"damage":34,"enemies":"Gremlin Nob","floor":6,"turns":6},{"damage":0,"enemies":"3 Louse","floor":8,"turns":4},{"damage":0,"enemies":"Large Slime","floor":10,"turns":7},{"damage":7,"enemies":"Lagavulin","floor":11,"turns":6},{"damage":0,"enemies":"Blue Slaver","floor":14,"turns":4},{"damage":15,"enemies":"Fading Forest","floor":16,"turns":11},{"damage":19,"enemies":"3 Byrds","floor":18,"turns":5},{"damage":62,"enemies":"Masked Bandits","floor":19,"turns":9},{"damage":15,"enemies":"Shell Parasite","floor":20,"turns":7},{"damage":2,"enemies":"Snecko","floor":22,"turns":8},{"damage":41,"enemies":"Slavers","floor":23,"turns":5}],"seed_played":"-7501965802421893202","potions_obtained":[{"floor":1,"key":"BlessingOfTheForge"},{"floor":4,"key":"SkillPotion"},{"floor":6,"key":"PowerPotion"},{"floor":11,"key":"CultistPotion"},{"floor":16,"key":"ColorlessPotion"},{"floor":18,"key":"Ancient Potion"},{"floor":19,"key":"SpeedPotion"}],"is_trial":false,"path_per_floor":["M","?","M","M","M","E","?","M","T","M","E","?","R","M","R","B",null,"M","?","M","?","M","E"],"character_chosen":"THE_CURSED","items_purchased":[],"campfire_rested":0,"item_purchase_floors":[],"current_hp_per_floor":[75,75,75,75,75,43,43,45,45,47,42,31,31,34,59,53,89,73,14,2,34,35,0,0],"gold":705,"neow_bonus":"THREE_ENEMY_KILL","is_daily":false,"chose_seed":false,"campfire_upgraded":1,"win_rate":0.0,"timestamp":1613206486,"path_taken":["M","?","M","M","M","E","?","M","T","?","E","?","R","M","R","BOSS","M","?","M","?","M","E"],"items_purchased_type":[],"build_version":"2020-12-22","purchased_purges":0,"victory":false,"max_hp_per_floor":[75,75,75,75,75,77,77,79,79,81,83,83,83,86,86,89,89,92,95,98,98,101,104,104],"relic_stats":{"SsserpentHead":200,"counters":[15,81],"obtain_stats":[{"TheCursedMod:BlackMagic101":0,"SsserpentHead":7,"NeowsBlessing":0,"TheCursedMod:OminousMark":17,"Ring of Peace":2,"reliquary:BoilingFlask":11,"Red Mask":19,"Replay:Bottled Snecko":6,"Mirror":9},{"TheCursedMod:BlackMagic101":0,"SsserpentHead":5,"NeowsBlessing":0,"TheCursedMod:OminousMark":10,"Ring of Peace":1,"reliquary:BoilingFlask":8,"Red Mask":12,"Replay:Bottled Snecko":5,"Mirror":6},{"TheCursedMod:BlackMagic101":0,"SsserpentHead":15,"NeowsBlessing":0,"TheCursedMod:OminousMark":47,"Ring of Peace":1,"reliquary:BoilingFlask":32,"Red Mask":61,"Replay:Bottled Snecko":15,"Mirror":19}]},"card_choices":[{"not_picked":["TheCursedMod:Obscuration","TheCursedMod:SmokeScreen"],"picked":"TheCursedMod:EmpowerCircles","floor":1},{"not_picked":["TheCursedMod:CursedMace","TheCursedMod:Stigma"],"picked":"TheCursedMod:CircleOfAmplification","floor":3},{"not_picked":["TheCursedMod:Obscuration","TheCursedMod:SmokeScreen"],"picked":"TheCursedMod:SoulCrush","floor":4},{"not_picked":["TheCursedMod:DoubleShield","TheCursedMod:CursedAmulet"],"picked":"TheCursedMod:AntiAging","floor":5},{"not_picked":["TheCursedMod:CircleOfFlame","TheCursedMod:CircleOfAmplification"],"picked":"TheCursedMod:CircleOfCorruption","floor":6},{"not_picked":["TheCursedMod:HellsGateOpen","TheCursedMod:Torture"],"picked":"TheCursedMod:CircleOfFlame","floor":8},{"not_picked":["TheCursedMod:CircleOfAmplification","TheCursedMod:UltimatePain"],"picked":"TheCursedMod:CursedShiv","floor":10},{"not_picked":["TheCursedMod:SmokeScreen","TheCursedMod:CircleOfAmplification"],"picked":"TheCursedMod:FleshFromBone","floor":11},{"not_picked":["TheCursedMod:CursedAmulet","TheCursedMod:TacticalStrike"],"picked":"TheCursedMod:SpitefulPray","floor":14},{"not_picked":["TheCursedMod:NeowsMight","TheCursedMod:DarkBarrier"],"picked":"TheCursedMod:CollectTribute","floor":16},{"not_picked":["TheCursedMod:Stigma","TheCursedMod:TroublousMinions"],"picked":"TheCursedMod:CircleOfFocus","floor":18},{"not_picked":["TheCursedMod:CursedBlade","TheCursedMod:CursedMace"],"picked":"TheCursedMod:CircleOfFlame","floor":19},{"not_picked":["TheCursedMod:WearCloak","TheCursedMod:CursedAmulet","TheCursedMod:Torture"],"picked":"SKIP","floor":20},{"not_picked":["TheCursedMod:DoubleShield","TheCursedMod:CursedBoomerang"],"picked":"TheCursedMod:CircleOfCorruption","floor":22}],"player_experience":246117,"relics_obtained":[{"floor":2,"key":"Ring of Peace"},{"floor":6,"key":"Replay:Bottled Snecko"},{"floor":9,"key":"Mirror"},{"floor":11,"key":"reliquary:BoilingFlask"},{"floor":19,"key":"Red Mask"}],"event_choices":[{"damage_healed":0,"gold_gain":0,"player_choice":"Trade","damage_taken":0,"relics_obtained":["SsserpentHead"],"max_hp_gain":0,"max_hp_loss":0,"event_name":"FaceTrader","floor":7,"gold_loss":0},{"damage_healed":0,"gold_gain":75,"player_choice":"Gather Gold","damage_taken":11,"max_hp_gain":0,"max_hp_loss":0,"event_name":"World of Goop","floor":12,"gold_loss":0},{"damage_healed":0,"gold_gain":0,"player_choice":"Fought Bandits","damage_taken":0,"max_hp_gain":0,"max_hp_loss":0,"event_name":"Masked Bandits","floor":19,"gold_loss":0},{"damage_healed":32,"gold_gain":0,"player_choice":"Heal","damage_taken":0,"max_hp_gain":0,"max_hp_loss":0,"event_name":"The Library","floor":21,"gold_loss":0}],"is_beta":false,"boss_relics":[{"not_picked":["reliquary:Ember","Cursed Key"],"picked":"TheCursedMod:OminousMark"}],"items_purged_floors":[],"is_endless":false,"potions_floor_spawned":[1,4,6,11,16,18,19],"killed_by":"Slavers","ascension_level":0}}