{"host":"xumidyqji6pg2yy3","time":1613218650,"event":{"mods":["BaseMod","Minty Spire (QoL Compilation)","StSLib","[功能]功能增强和修复MOD"],"gold_per_floor":[116,133,115,127,127,127,144,173,173,173,173,173,173,192,192,291,291,305,317,317,317,312,329,329,344,391,391,391,391,406,422,422,526,526,526,526],"floor_reached":35,"language":"ZHS","playtime":1183,"items_purged":["Defend_P","Defend_P","Strike_P","Defend_P","Shame"],"score":432,"play_id":"e9de4ab7-6f62-432d-aca8-ce548e70cfd8","local_time":"20210213201730","is_ascension_mode":false,"campfire_choices":[{"data":"Eruption","floor":6,"key":"SMITH"},{"data":"Vigilance","floor":11,"key":"SMITH"},{"data":"Strike_P","floor":15,"key":"SMITH"},{"data":"Strike_P","floor":24,"key":"SMITH"},{"data":"Strike_P","floor":27,"key":"SMITH"},{"floor":29,"key":"RECALL"},{"floor":32,"key":"REST"}],"circlet_count":0,"master_deck":["Strike_P+1","Strike_P+1","Strike_P+1","Defend_P+1","Eruption+1","Vigilance+1","MentalFortress+1","CurseOfTheBell"],"relics":["SacredBark","Membership Card","Darkstone Periapt","StrikeDummy","Gremlin Horn","Ice Cream","Pen Nib","Anchor","Matryoshka","Mummified Hand","Chemical X","VioletLotus","Potion Belt","Mango","Toy Ornithopter","Damaru","War Paint","Blood Vial","Pantograph","OrangePellets","Calling Bell","Dream Catcher","HornCleat","Thread and Needle"],"acts_visited":["Exordium","TheCity","TheBeyond"],"potions_floor_usage":[8,16,16,23,23,33,33],"damage_taken":[{"damage":7,"enemies":"Cultist","floor":1,"turns":3},{"damage":0,"enemies":"2 Louse","floor":2,"turns":4},{"damage":2,"enemies":"Small Slimes","floor":4,"turns":3},{"damage":13,"enemies":"3 Louse","floor":7,"turns":2},{"damage":5,"enemies":"Lagavulin","floor":8,"turns":5},{"damage":0,"enemies":"Blue Slaver","floor":14,"turns":2},{"damage":24,"enemies":"The Guardian","floor":16,"turns":7},{"damage":0,"enemies":"Spheric Guardian","floor":18,"turns":1},{"damage":0,"enemies":"Chosen","floor":19,"turns":2},{"damage":0,"enemies":"Snake Plant","floor":23,"turns":2},{"damage":0,"enemies":"Sentry and Sphere","floor":25,"turns":2},{"damage":0,"enemies":"Centurion and Healer","floor":30,"turns":4},{"damage":26,"enemies":"Snake Plant","floor":31,"turns":2},{"damage":0,"enemies":"Collector","floor":33,"turns":6},{"damage":0,"enemies":"3 Darklings","floor":35,"turns":1}],"seed_played":"-6865788400855579767","potions_obtained":[{"floor":2,"key":"SkillPotion"},{"floor":4,"key":"CultistPotion"},{"floor":4,"key":"LiquidBronze"},{"floor":7,"key":"AttackPotion"},{"floor":7,"key":"EssenceOfSteel"},{"floor":8,"key":"Explosive Potion"},{"floor":16,"key":"LiquidMemories"},{"floor":16,"key":"Ancient Potion"},{"floor":19,"key":"ColorlessPotion"},{"floor":23,"key":"Explosive Potion"},{"floor":25,"key":"Regen Potion"},{"floor":33,"key":"Block Potion"}],"is_trial":false,"path_per_floor":["M","M","$","M","?","R","M","E","T","$","R","$","?","M","R","B",null,"M","M","?","?","$","M","R","M","T","R","$","R","M","M","R","B",null,"M"],"character_chosen":"WATCHER","items_purchased":["Membership Card","Darkstone Periapt","StrikeDummy","Pen Nib","Anchor","Matryoshka","Mummified Hand","Chemical X","SkillPotion","EntropicBrew","Mango","Toy Ornithopter","StancePotion","LiquidMemories","Blood Vial","Pantograph","OrangePellets"],"campfire_rested":1,"item_purchase_floors":[3,3,3,10,10,12,12,12,12,12,22,22,22,22,28,28,28],"current_hp_per_floor":[65,65,65,63,63,63,50,45,45,45,45,45,45,45,45,21,72,72,72,72,78,92,92,92,92,92,92,92,92,92,66,92,92,98,98,98],"gold":526,"neow_bonus":"BOSS_RELIC","is_daily":false,"chose_seed":false,"campfire_upgraded":5,"win_rate":0.0,"timestamp":1613218650,"path_taken":["M","M","$","M","?","R","?","E","T","$","R","$","?","M","R","BOSS","M","M","?","?","$","M","R","M","T","R","$","R","M","M","R","BOSS","M"],"items_purchased_type":["Relic","Relic","Relic","Relic","Relic","Relic","Relic","Relic","Potion","Potion","Relic","Relic","Potion","Potion","Relic","Relic","Relic"],"build_version":"2020-12-22","purchased_purges":5,"victory":false,"max_hp_per_floor":[72,72,72,72,72,72,72,72,72,72,72,72,72,72,72,72,72,72,72,72,78,92,92,92,92,92,92,92,92,92,92,92,92,98,98,98],"card_choices":[{"not_picked":["EmptyBody","CrushJoints","Consecrate"],"picked":"SKIP","floor":1},{"not_picked":["Halt","SashWhip","BattleHymn"],"picked":"SKIP","floor":2},{"not_picked":["SignatureMove","SashWhip","Crescendo"],"picked":"SKIP","floor":4},{"not_picked":["Protect","JustLucky","Evaluate"],"picked":"SKIP","floor":7},{"not_picked":["Protect","JustLucky","Evaluate"],"picked":"SKIP","floor":7},{"not_picked":["DevaForm","Nirvana","Swivel"],"picked":"SKIP","floor":8},{"not_picked":["Prostrate","Wireheading","Pray"],"picked":"SKIP","floor":14},{"not_picked":["CutThroughFate","ClearTheMind","WindmillStrike"],"picked":"SKIP","floor":18},{"not_picked":["Vengeance+1","FollowUp+1","CarveReality"],"picked":"SKIP","floor":19},{"not_picked":["Crescendo+1","FollowUp"],"picked":"MentalFortress+1","floor":23},{"not_picked":["PathToVictory","CrushJoints","FlurryOfBlows"],"picked":"SKIP","floor":25},{"not_picked":["FlurryOfBlows","Meditate","Pray"],"picked":"SKIP","floor":30},{"not_picked":["Prostrate","FlurryOfBlows","ClearTheMind"],"picked":"SKIP","floor":31}],"player_experience":56027,"relics_obtained":[{"floor":8,"key":"Gremlin Horn"},{"floor":9,"key":"Ice Cream"},{"floor":26,"key":"Damaru"},{"floor":26,"key":"War Paint"},{"floor":34,"key":"Dream Catcher"},{"floor":34,"key":"HornCleat"},{"floor":34,"key":"Thread and Needle"}],"event_choices":[{"damage_healed":0,"gold_gain":0,"player_choice":"Ignored","damage_taken":0,"max_hp_gain":0,"max_hp_loss":0,"event_name":"NoteForYourself","floor":5,"gold_loss":0},{"damage_healed":0,"gold_gain":0,"player_choice":"Ignored","damage_taken":0,"max_hp_gain":0,"max_hp_loss":0,"event_name":"Golden Wing","floor":13,"gold_loss":0},{"damage_healed":0,"gold_gain":0,"player_choice":"Ignored","damage_taken":0,"max_hp_gain":0,"max_hp_loss":0,"event_name":"Cursed Tome","floor":20,"gold_loss":0},{"damage_healed":0,"gold_gain":0,"player_choice":"Stole Relic","damage_taken":0,"relics_obtained":["Potion Belt"],"max_hp_gain":0,"max_hp_loss":0,"event_name":"Addict","floor":21,"gold_loss":0,"cards_obtained":["Shame"]}],"is_beta":false,"boss_relics":[{"not_picked":["Runic Dome","Astrolabe"],"picked":"VioletLotus"},{"not_picked":["Empty Cage","Coffee Dripper"],"picked":"Calling Bell"}],"items_purged_floors":[3,3,3,3,22],"is_endless":false,"potions_floor_spawned":[2,4,4,7,7,8,14,14,16,16,18,19,19,23,25,30,30,33],"killed_by":"3 Darklings","ascension_level":0}}