{"host":"m8w71g8uphjy649i","time":1613184156,"event":{"mods":["AchievementEnabler","Act Like it!","BaseMod","BetterRewards","Colored Map","Colored Powertips","Energized Spire","Gensokyo","Googly Eyes","Hallownest","Hubris","Infinite Spire","Lobotomy","Minty Spire (QoL Compilation)","Rare Cards Sparkle","Replay The Spire","Shop Mod","StSLib","The Animator","The Jungle","Uncapped","everything is the same but u backflip on backflip"],"gold_per_floor":[118,118,133,143,143,171,171,182,182,217,243,243,243,263,263,364,364,384,90,108,108,108,108,121,121,148,148,166,185,185,26,26,26,26],"floor_reached":33,"language":"ZHS","playtime":2249,"items_purged":[],"score":308,"play_id":"209c7d5f-e0cf-424c-95ee-0a243a18d21d","local_time":"20210213104236","is_ascension_mode":true,"campfire_choices":[{"data":"Toxin Wave","floor":7.0,"key":"SMITH"},{"floor":13.0,"key":"REST"},{"floor":15.0,"key":"RECALL"},{"data":"Adrenaline","floor":23.0,"key":"SMITH"},{"floor":25.0,"key":"REST"},{"floor":30.0,"key":"REST"}],"circlet_count":0,"master_deck":["Strike_G","Strike_G","Strike_G","Strike_G","Strike_G","Defend_G","Defend_G","Defend_G","Defend_G","Defend_G","Survivor","Neutralize","Deadly Poison+1","Toxin Wave+1","Backstab","Dodge and Roll+1","Backstab","Envenom+1","Adrenaline+1","Outmaneuver+1","Deflect+1","Corpse Explosion"],"relics":["Ring of the Serpent","hubris:TenFootPole","infinitespire:Bottled Soul","hubris:SlimyHat","Pantograph","Mummified Hand","Odd Mushroom","Bird Faced Urn","Replay:Baseball","ReplayTheSpireMod:Ring of Exchange","Ring of Misfortune"],"acts_visited":["Exordium","TheCity"],"potions_floor_usage":[33],"damage_taken":[{"damage":6.0,"enemies":"2 Louse","floor":1.0,"turns":3.0},{"damage":1.0,"enemies":"Cultist","floor":3.0,"turns":3.0},{"damage":0.0,"enemies":"Jaw Worm","floor":4.0,"turns":3.0},{"damage":12.0,"enemies":"Gremlin Nob","floor":6.0,"turns":2.0},{"damage":0.0,"enemies":"Large Slime","floor":8.0,"turns":4.0},{"damage":10.0,"enemies":"Replay:BlueRogue","floor":10.0,"turns":5.0},{"damage":10.0,"enemies":"The Mushroom Lair","floor":11.0,"turns":3.0},{"damage":0.0,"enemies":"Gremlin Gang","floor":14.0,"turns":3.0},{"damage":32.0,"enemies":"The Guardian","floor":16.0,"turns":9.0},{"damage":12.0,"enemies":"2 Thieves","floor":18.0,"turns":4.0},{"damage":0.0,"enemies":"Chosen","floor":20.0,"turns":4.0},{"damage":33.0,"enemies":"Snake Plant","floor":24.0,"turns":4.0},{"damage":27.0,"enemies":"Sentry and Sphere","floor":28.0,"turns":7.0},{"damage":17.0,"enemies":"Centurion and Healer","floor":29.0,"turns":4.0},{"damage":74,"enemies":"Champ","floor":33,"turns":12}],"seed_played":"118592586220432886","potions_obtained":[{"floor":3.0,"key":"Death Potion"},{"floor":6.0,"key":"Adrenaline Potion"},{"floor":11.0,"key":"Dexterity Potion"},{"floor":14.0,"key":"DuplicationPotion"},{"floor":20.0,"key":"Energy Potion"},{"floor":28.0,"key":"Explosive Potion"}],"is_trial":false,"path_per_floor":["M","?","M","M","T","E","R","M","T","E","?","?","R","M","R","B",null,"M","$","M","AVR","?","R","M","R","T","?","M","M","R","$","R_BF","B"],"character_chosen":"THE_SILENT","items_purchased":["Bird Faced Urn","Corpse Explosion"],"campfire_rested":3,"item_purchase_floors":[19,31],"current_hp_per_floor":[64,64,63,63,63,51,51,51,51,41,31,31,52,52,52,38,70,58,58,60,60,60,60,29,50,50,50,25,10,31,31,52,0,0],"gold":26,"neow_bonus":"RANDOM_COMMON_RELIC","is_daily":false,"chose_seed":false,"campfire_upgraded":2,"win_rate":0.0,"timestamp":1613184156,"path_taken":["M","?","?","M","?","E","R","M","T","E","?","?","R","M","R","BOSS","M","$","?","AVR","?","R","M","R","T","?","M","?","R","$","R_BF","BOSS"],"items_purchased_type":["Relic","Card"],"build_version":"2020-12-22","purchased_purges":0,"victory":false,"max_hp_per_floor":[70,70,70,70,70,70,70,70,70,70,70,70,70,70,70,70,70,70,70,70,70,70,70,70,70,70,70,70,70,70,70,70,70,70],"card_choices":[{"not_picked":["Terror","Hidden Blade"],"picked":"Deadly Poison","floor":1.0},{"not_picked":["Terror","Flying Knee"],"picked":"Toxin Wave","floor":3.0},{"not_picked":["Backflip","Bane"],"picked":"Backstab","floor":4.0},{"not_picked":["Calculated Gamble","Accuracy"],"picked":"Dodge and Roll","floor":6.0},{"not_picked":["Backflip","Slice","Cloak And Dagger"],"picked":"SKIP","floor":8.0},{"not_picked":["Quick Slash","Slice"],"picked":"Backstab","floor":10.0},{"not_picked":["Prepared","Bane"],"picked":"Envenom","floor":11.0},{"not_picked":["ReplayTheSpireMod:Exploit Weakness","Sucker Punch","Reflex"],"picked":"SKIP","floor":14.0},{"not_picked":["Replay:Bag of Tricks","Glass Knife"],"picked":"Adrenaline","floor":16.0},{"not_picked":["ReplayTheSpireMod:The Works","Backstab+1"],"picked":"Outmaneuver","floor":18.0},{"not_picked":["PiercingWail","Acrobatics","Dash"],"picked":"SKIP","floor":20.0},{"not_picked":["Cloak And Dagger","Quick Slash"],"picked":"Deflect+1","floor":24.0},{"not_picked":["Cloak And Dagger+1","Infinite Blades","Quick Slash"],"picked":"SKIP","floor":28.0},{"not_picked":["Bane","Dash","Cloak And Dagger"],"picked":"SKIP","floor":29.0}],"player_experience":260335,"relics_obtained":[{"floor":5.0,"key":"infinitespire:Bottled Soul"},{"floor":6.0,"key":"hubris:SlimyHat"},{"floor":9.0,"key":"Pantograph"},{"floor":10.0,"key":"Mummified Hand"},{"floor":11.0,"key":"Odd Mushroom"},{"floor":22.0,"key":"ReplayTheSpireMod:Ring of Exchange"},{"floor":22.0,"key":"Ring of Misfortune"}],"event_choices":[{"damage_healed":0.0,"max_hp_gain":0.0,"max_hp_loss":0.0,"gold_gain":0.0,"event_name":"Upgrade Shrine","player_choice":"Upgraded","floor":2.0,"gold_loss":0.0,"damage_taken":0.0,"cards_upgraded":["Deadly Poison"]},{"damage_healed":0.0,"max_hp_gain":0.0,"max_hp_loss":0.0,"gold_gain":0.0,"event_name":"Mushrooms","player_choice":"Fought Mushrooms","floor":11.0,"gold_loss":0.0,"damage_taken":0.0},{"damage_healed":0.0,"max_hp_gain":0.0,"max_hp_loss":0.0,"gold_gain":0.0,"event_name":"Upgrade Shrine","player_choice":"Upgraded","floor":12.0,"gold_loss":0.0,"damage_taken":0.0,"cards_upgraded":["Envenom"]}],"is_beta":false,"boss_relics":[{"not_picked":["hubris:RunicObelisk","energizedSpire:MagnifyingGlass"],"picked":"Ring of the Serpent"}],"items_purged_floors":[],"is_endless":false,"potions_floor_spawned":[3,6,11,14,20,28],"killed_by":"Champ","ascension_level":2}}