{"host":"wz9xchfsxwfj1bs2","time":1613211481,"event":{"mods":["BaseMod","Minty Spire (QoL Compilation)","Quick Restart","StSLib"],"gold_per_floor":[117,117,42,55,5,5,40,50,77,77,93,268,268,268,268,366,366,385,402,144,69,87,120,136,136,159,190,190,190],"floor_reached":28,"language":"ZHS","playtime":2246,"items_purged":["Pain","Doubt"],"score":260,"play_id":"49a3b804-2130-4e04-b381-728e7989d5c3","local_time":"20210213181801","is_ascension_mode":true,"campfire_choices":[{"data":"Defragment","floor":6.0,"key":"SMITH"},{"data":"Chaos","floor":10.0,"key":"SMITH"},{"floor":15.0,"key":"RECALL"},{"data":"Amplify","floor":25,"key":"SMITH"}],"circlet_count":0,"master_deck":["Strike_B","Strike_B","Defend_B","Defend_B","Defend_B","Defend_B","Zap+1","Dualcast","Defragment+1","Chaos+1","Self Repair","Cold Snap","Amplify+1","Capacitor","Genetic Algorithm","Machine Learning","Hologram+1"],"relics":["Cracked Core","WarpedTongs","MealTicket","Bronze Scales","Sozu","Vajra","Red Mask"],"acts_visited":["Exordium","TheCity"],"potions_floor_usage":[],"damage_taken":[{"damage":5.0,"enemies":"2 Louse","floor":1.0,"turns":3.0},{"damage":0.0,"enemies":"Cultist","floor":4.0,"turns":4.0},{"damage":13.0,"enemies":"3 Sentries","floor":7.0,"turns":6.0},{"damage":7.0,"enemies":"Jaw Worm","floor":8.0,"turns":4.0},{"damage":8.0,"enemies":"Blue Slaver","floor":11.0,"turns":4.0},{"damage":21.0,"enemies":"The Guardian","floor":16.0,"turns":10.0},{"damage":2.0,"enemies":"Spheric Guardian","floor":18.0,"turns":4.0},{"damage":9.0,"enemies":"3 Byrds","floor":19.0,"turns":3.0},{"damage":9.0,"enemies":"Centurion and Healer","floor":22.0,"turns":5.0},{"damage":56,"enemies":"Gremlin Leader","floor":23,"turns":8},{"damage":9,"enemies":"Snecko","floor":24,"turns":6},{"damage":30,"enemies":"Masked Bandits","floor":27,"turns":5},{"damage":44,"enemies":"Slavers","floor":28,"turns":4}],"seed_played":"-1724141971768117712","potions_obtained":[{"floor":0.0,"key":"Regen Potion"},{"floor":0.0,"key":"PowerPotion"},{"floor":0.0,"key":"LiquidBronze"},{"floor":7.0,"key":"PotionOfCapacity"}],"is_trial":false,"path_per_floor":["M","?","$","M","?","R","E","M","T","R","M","?","?","?","R","B",null,"M","M","$","?","M","E","M","R","T","?","E"],"character_chosen":"DEFECT","items_purchased":["Capacitor","Genetic Algorithm"],"campfire_rested":0,"item_purchase_floors":[20,20],"current_hp_per_floor":[70,70,70,70,70,70,57,57,57,57,56,56,61,61,61,50,80,80,80,80,80,80,38,49,49,49,39,0,0],"gold":190,"neow_bonus":"THREE_SMALL_POTIONS","is_daily":false,"chose_seed":false,"campfire_upgraded":3,"win_rate":0.0,"timestamp":1613211481,"path_taken":["M","?","?","M","?","R","E","?","T","R","M","?","?","?","R","BOSS","M","?","$","?","M","E","M","R","T","?","E"],"items_purchased_type":["Card","Card"],"build_version":"2020-12-22","purchased_purges":2,"victory":false,"max_hp_per_floor":[75,75,75,75,75,75,75,75,75,75,75,75,80,80,80,80,80,80,80,80,80,80,80,80,80,80,80,80,80],"card_choices":[{"not_picked":["Beam Cell","Gash"],"picked":"Defragment","floor":1.0},{"not_picked":["Turbo","Tempest"],"picked":"Chaos","floor":4.0},{"not_picked":["Rip and Tear","Hologram"],"picked":"Self Repair","floor":7.0},{"not_picked":["Barrage","Steam"],"picked":"Cold Snap","floor":8.0},{"not_picked":["Barrage","Ball Lightning","Conserve Battery"],"picked":"SKIP","floor":11.0},{"not_picked":["Fission","Thunder Strike"],"picked":"Amplify","floor":16.0},{"not_picked":["Beam Cell","Doom and Gloom+1","Gash"],"picked":"SKIP","floor":18.0},{"not_picked":["Leap","Turbo+1","Doom and Gloom+1"],"picked":"SKIP","floor":19.0},{"not_picked":["Steam","Gash","Conserve Battery"],"picked":"SKIP","floor":22.0},{"not_picked":["Static Discharge+1","Go for the Eyes"],"picked":"Machine Learning","floor":23},{"not_picked":["Go for the Eyes+1","Blizzard"],"picked":"Hologram+1","floor":24}],"player_experience":131727,"relics_obtained":[{"floor":7.0,"key":"MealTicket"},{"floor":9.0,"key":"Bronze Scales"},{"floor":23,"key":"Vajra"},{"floor":27,"key":"Red Mask"}],"event_choices":[{"damage_healed":0.0,"max_hp_gain":0.0,"max_hp_loss":0.0,"gold_gain":0.0,"event_name":"Accursed Blacksmith","player_choice":"Rummage","floor":2.0,"gold_loss":0.0,"damage_taken":0.0,"relics_obtained":["WarpedTongs"],"cards_obtained":["Pain"]},{"cards_removed":["Strike_B"],"damage_healed":0.0,"max_hp_gain":0.0,"max_hp_loss":0.0,"gold_gain":0.0,"event_name":"The Cleric","player_choice":"Card Removal","floor":5.0,"gold_loss":50.0,"damage_taken":0.0},{"damage_healed":0.0,"max_hp_gain":0.0,"max_hp_loss":0.0,"gold_gain":175.0,"event_name":"Liars Game","player_choice":"AGREE","floor":12.0,"gold_loss":0.0,"damage_taken":0.0,"cards_obtained":["Doubt"]},{"damage_healed":0.0,"max_hp_gain":5.0,"max_hp_loss":0.0,"gold_gain":0.0,"event_name":"Big Fish","player_choice":"Donut","floor":13.0,"gold_loss":0.0,"damage_taken":0.0},{"damage_healed":0.0,"max_hp_gain":0.0,"max_hp_loss":0.0,"gold_gain":0.0,"event_name":"Upgrade Shrine","player_choice":"Upgraded","floor":14.0,"gold_loss":0.0,"damage_taken":0.0,"cards_upgraded":["Zap"]},{"cards_removed":["Strike_B"],"damage_healed":0.0,"max_hp_gain":0.0,"max_hp_loss":0.0,"gold_gain":0.0,"event_name":"Beggar","player_choice":"Gave Gold","floor":21.0,"gold_loss":75.0,"damage_taken":0.0},{"damage_healed":0,"gold_gain":0,"player_choice":"Fought Bandits","damage_taken":0,"max_hp_gain":0,"max_hp_loss":0,"event_name":"Masked Bandits","floor":27,"gold_loss":0}],"is_beta":false,"boss_relics":[{"not_picked":["Velvet Choker","Runic Dome"],"picked":"Sozu"}],"items_purged_floors":[3,20],"is_endless":false,"potions_floor_spawned":[1,7,16,19,23,27],"killed_by":"Slavers","ascension_level":2}}