{"host":"ZYF","time":1613189064,"event":{"mods":["BaseMod","GungeonMod","Minty Spire (QoL Compilation)","Reliquary","Replay The Spire","StSLib"],"gold_per_floor":[111,111,111,111,127,127,154,166,212,226,242,242,242,254,254,254,254],"floor_reached":16,"language":"ZHS","playtime":1815,"items_purged":[],"score":102,"play_id":"49dbef50-c460-4089-8346-f95690ff0c92","local_time":"20210213120424","is_ascension_mode":false,"campfire_choices":[{"data":"DemoMod:BattleInHaste","floor":6,"key":"SMITH"},{"data":"DemoMod:DarkMarker","floor":15,"key":"SMITH"}],"circlet_count":0,"master_deck":["DemoMod:Strike_Huntress","DemoMod:Defend_Huntress+1","DemoMod:Defend_Huntress+1","DemoMod:Defend_Huntress","DemoMod:Roll","DemoMod:ManualReload","DemoMod:RustySidearm","DemoMod:CrossBow","DemoMod:GunShield","DemoMod:BattleInHaste+1","DemoMod:DirectionalPad","DemoMod:DarkMarker+1","DemoMod:DirectionalPad+1","DemoMod:JK47","DemoMod:RadGun"],"relics":["DemoMod:Dog","Potion Belt","reliquary:Aerogel"],"acts_visited":["Exordium"],"potions_floor_usage":[],"damage_taken":[{"damage":4,"enemies":"Small Slimes","floor":1,"turns":5},{"damage":0,"enemies":"2 Louse","floor":5,"turns":3},{"damage":15,"enemies":"3 Sentries","floor":7,"turns":13},{"damage":0,"enemies":"Cultist","floor":8,"turns":4},{"damage":0,"enemies":"Blue Slaver","floor":10,"turns":4},{"damage":0,"enemies":"3 Louse","floor":11,"turns":3},{"damage":0,"enemies":"Lots of Slimes","floor":14,"turns":3},{"damage":63,"enemies":"Fading Forest","floor":16,"turns":9}],"seed_played":"6755927153703632757","potions_obtained":[{"floor":5,"key":"Swift Potion"},{"floor":10,"key":"Swift Potion"},{"floor":14,"key":"BlessingOfTheForge"}],"is_trial":false,"path_per_floor":["M","?","?","?","M","R","E","M","T","M","M","?","?","M","R","B"],"character_chosen":"HUNTRESS","items_purchased":[],"campfire_rested":0,"item_purchase_floors":[],"current_hp_per_floor":[66,52,45,70,70,70,55,55,55,55,55,55,55,55,55,0,0],"gold":254,"neow_bonus":"TRANSFORM_CARD","is_daily":false,"chose_seed":false,"campfire_upgraded":2,"win_rate":0.0,"timestamp":1613189064,"path_taken":["M","?","?","?","?","R","E","M","T","M","M","?","?","?","R","BOSS"],"items_purchased_type":[],"build_version":"2020-12-18","purchased_purges":0,"victory":false,"max_hp_per_floor":[70,70,70,70,70,70,70,70,70,70,70,70,70,70,70,70,70],"card_choices":[{"not_picked":["DemoMod:JK47","DemoMod:MegaHand","DemoMod:TeaPot"],"picked":"SKIP","floor":1},{"not_picked":["DemoMod:MachoBrace","DemoMod:HardPowerCard"],"picked":"DemoMod:BattleInHaste","floor":5},{"not_picked":["DemoMod:GunShield","DemoMod:AC15"],"picked":"DemoMod:DirectionalPad","floor":7},{"not_picked":["DemoMod:TeaPot","DemoMod:EasyReloadBullets","DemoMod:SAA"],"picked":"SKIP","floor":8},{"not_picked":["DemoMod:SAA","DemoMod:Ejector"],"picked":"DemoMod:DarkMarker","floor":10},{"not_picked":["DemoMod:StickyCrossBow","DemoMod:BattleInHaste"],"picked":"DemoMod:DirectionalPad","floor":11},{"not_picked":["DemoMod:CursedBullets","DemoMod:MegaHand"],"picked":"DemoMod:RadGun","floor":14}],"player_experience":38127,"relics_obtained":[{"floor":7,"key":"Potion Belt"},{"floor":9,"key":"reliquary:Aerogel"}],"event_choices":[{"damage_healed":0,"gold_gain":0,"player_choice":"Entered Light","damage_taken":14,"max_hp_gain":0,"max_hp_loss":0,"event_name":"Shining Light","floor":2,"gold_loss":0,"cards_upgraded":["DemoMod:Defend_Huntress","DemoMod:Defend_Huntress"]},{"cards_removed":["DemoMod:Defend_Huntress"],"damage_healed":0,"gold_gain":0,"player_choice":"Card Removal","damage_taken":7,"max_hp_gain":0,"max_hp_loss":0,"event_name":"Golden Wing","floor":3,"gold_loss":0},{"damage_healed":25,"gold_gain":0,"player_choice":"Full Heal","damage_taken":0,"max_hp_gain":0,"max_hp_loss":0,"event_name":"Wheel of Change","floor":4,"gold_loss":0},{"damage_healed":0,"gold_gain":0,"cards_transformed":["DemoMod:Strike_Huntress"],"player_choice":"Transformed","damage_taken":0,"max_hp_gain":0,"max_hp_loss":0,"event_name":"Transmorgrifier","floor":13,"gold_loss":0,"cards_obtained":["DemoMod:JK47"]}],"is_beta":true,"boss_relics":[],"items_purged_floors":[],"is_endless":false,"potions_floor_spawned":[5,10,14],"killed_by":"Fading Forest","ascension_level":0}}