{"host":"lyo9h96uobfb5wm4","time":1613192383,"event":{"mods":["Aspiration","BaseMod","Beaked The Cultist","Colored Powertips","Conspire","DeckTracker","Downfall","Googly Eyes","Highlight Path","Minty Spire (QoL Compilation)","Quick Restart","StSLib","SuperFastMode","The Mystic"],"gold_per_floor":[99,119,119,119,119,150,150,135,154,173,207,223,223,233,246,348,348,348,366,366,32,32,32,107,107,123,153,166,166,66,85,96,193,193,193,213,230,230,1229,1260,1286,1286,1286,1286],"floor_reached":42,"language":"ENG","playtime":2834,"items_purged":[],"score":526,"play_id":"7bf8c150-0b1f-4384-9e0a-d3802146d570","local_time":"20210212225943","is_ascension_mode":false,"campfire_choices":[{"data":"champ:Taunt","floor":1,"key":"SMITH"},{"data":"1","floor":18,"key":"LIFT"},{"data":"2","floor":30,"key":"LIFT"},{"data":"3","floor":35,"key":"LIFT"}],"circlet_count":0,"master_deck":["champ:Strike+1","champ:Strike+1","champ:Strike+1","champ:Strike+1","champ:Defend+1","champ:Defend+1","champ:Defend+1","champ:Defend+1","champ:Execute","champ:Taunt+1","champ:FanOfKnives","champ:DeathBlow","champ:ShieldWall","champ:Endure","champ:LastStand","champ:Circumvent","champ:FanOfKnives","champ:ShieldSlam","champ:BringItOn","champ:CheapShot","champ:Circumvent+1","champ:CrownThrow","sneckomod:UnknownClassMYSTIC_PURPLE","Jack Of All Trades","Slimebound:CheckThePlaybook+1","downfall:Icky","champ:TornadoPunch","champ:GladiatorStyle+1","sneckomod:Unknown1Cost+1","Body Slam","sneckomod:UnknownDraw","CurseOfTheBell","CarveReality","Normality","Normality","sneckomod:UnknownClassGREEN"],"relics":["champ:ChampionCrown","champ:LiftRelic","Potion Belt","Mummified Hand","Ice Cream","Girya","SlaversCollar","PrismaticShard","HandDrill","aspiration:FrozenJewel","Happy Flower","downfall:HeartBlessingBlue","Calling Bell","PreservedInsect","conspire:DecoderRing","Bird Faced Urn","aspiration:Lifesprig","conspire:TopHat"],"acts_visited":["Exordium","TheCity","TheBeyond"],"potions_floor_usage":[15,27,27,27,33,33],"damage_taken":[{"damage":10,"enemies":"2 Louse","floor":2,"turns":2},{"damage":37,"enemies":"3 Sentries","floor":6,"turns":7},{"damage":30,"enemies":"downfall:FleeingMerchant","floor":8,"turns":4},{"damage":11,"enemies":"Small Slimes","floor":9,"turns":2},{"damage":26,"enemies":"Jaw Worm","floor":10,"turns":4},{"damage":48,"enemies":"Lagavulin","floor":11,"turns":6},{"damage":5,"enemies":"3 Louse","floor":12,"turns":3},{"damage":0,"enemies":"Gremlin Gang","floor":14,"turns":1},{"damage":10,"enemies":"Exordium Thugs","floor":15,"turns":3},{"damage":58,"enemies":"SI_SHIV_ARCHETYPE","floor":16,"turns":8},{"damage":47,"enemies":"Shell Parasite","floor":19,"turns":6},{"damage":30,"enemies":"downfall:FleeingMerchant","floor":21,"turns":5},{"damage":34,"enemies":"3 Cultists","floor":26,"turns":5},{"damage":13,"enemies":"Book of Stabbing","floor":27,"turns":4},{"damage":28,"enemies":"Shelled Parasite and Fungi","floor":28,"turns":4},{"damage":24,"enemies":"Snake Plant","floor":31,"turns":2},{"damage":15,"enemies":"Chosen and Byrds","floor":32,"turns":5},{"damage":55,"enemies":"DF_ARCHETYPE_CLAW","floor":33,"turns":7},{"damage":8,"enemies":"Orb Walker","floor":36,"turns":4},{"damage":18,"enemies":"3 Shapes","floor":37,"turns":4},{"damage":102,"enemies":"conspire:MimicChest","floor":40,"turns":8},{"damage":20,"enemies":"Spire Growth","floor":42,"turns":2}],"seed_played":"-8794488237098797338","potions_obtained":[{"floor":6,"key":"sneckomod:MuddlingPotion"},{"floor":12,"key":"GamblersBrew"},{"floor":14,"key":"Block Potion"},{"floor":16,"key":"Energy Potion"},{"floor":26,"key":"Block Potion"},{"floor":28,"key":"ColorlessPotion"},{"floor":32,"key":"champ:TechniquePotion"},{"floor":40,"key":"SteroidPotion"}],"is_trial":false,"path_per_floor":["R","M","?","?","?","E","T","$","M","M","E","M","?","M","M","B",null,"R","M","?","$","?","?","T","?","M","E","M","?","R","M","M","B",null,"R","M","M","?","?","?","T","M"],"character_chosen":"THE_CHAMP","items_purchased":["Jack Of All Trades","HandDrill","DistilledChaos"],"campfire_rested":0,"item_purchase_floors":[21,21,21],"current_hp_per_floor":[99,99,99,99,74,57,57,52,51,40,27,27,27,27,27,4,99,99,77,69,69,69,69,69,99,85,82,74,66,76,57,42,6,109,109,106,105,105,105,15,15,0,0,0],"gold":1286,"neow_bonus":"TEN_PERCENT_HP_BONUS","is_daily":false,"chose_seed":false,"campfire_upgraded":1,"win_rate":0.0,"timestamp":1613192383,"path_taken":["R","M","?","?","?","E","T","?","M","M","E","M","?","M","M","BOSS","R","M","?","$","?","?","T","?","?","E","M","?","R","M","M","BOSS","R","M","M","?","?","?","T","?"],"items_purchased_type":["Card","Relic","Potion"],"build_version":"2020-12-22","purchased_purges":0,"victory":false,"max_hp_per_floor":[99,99,99,99,99,99,99,99,99,99,99,99,99,99,99,99,99,99,99,99,99,99,99,99,99,99,99,99,99,109,109,109,109,109,109,109,109,109,109,109,109,109,109,109],"card_choices":[{"not_picked":["champ:SkillfulDodge","champ:BerserkersShout"],"picked":"champ:FanOfKnives","floor":2},{"not_picked":["champ:HeartStrike","champ:Circumvent"],"picked":"champ:DeathBlow","floor":6},{"not_picked":["champ:FalseCounter","champ:PreciseThrust"],"picked":"champ:ShieldWall","floor":8},{"not_picked":["champ:BringItOn","champ:TornadoPunch"],"picked":"champ:Endure","floor":9},{"not_picked":["champ:Circumvent","champ:EndlessRage"],"picked":"champ:LastStand","floor":10},{"not_picked":["champ:FlashCut","champ:StanceDance"],"picked":"champ:Circumvent","floor":11},{"not_picked":["champ:DefensiveShout","champ:SetATrap"],"picked":"champ:FanOfKnives","floor":12},{"not_picked":["champ:FanOfKnives","champ:SkillfulDodge"],"picked":"champ:ShieldSlam","floor":14},{"not_picked":["champ:FlashCut","champ:PreemptiveStrike"],"picked":"champ:BringItOn","floor":15},{"not_picked":["champ:DancingMaster","champ:Improvising"],"picked":"champ:CheapShot","floor":16},{"not_picked":["champ:FanOfKnives","champ:ArenaPreparation"],"picked":"champ:Circumvent+1","floor":19},{"not_picked":["champ:PerfectedStrike","champ:FalseCounter"],"picked":"champ:CrownThrow","floor":20},{"not_picked":["Well Laid Plans","bronze:WildBeam"],"picked":"sneckomod:UnknownClassMYSTIC_PURPLE","floor":21},{"not_picked":["Hologram","Guardian:ShieldSpikes"],"picked":"champ:TornadoPunch","floor":26},{"not_picked":["Skewer","DeceiveReality+1"],"picked":"champ:GladiatorStyle+1","floor":27},{"not_picked":["Clothesline","Slimebound:LeechEnergy+1"],"picked":"sneckomod:Unknown1Cost","floor":28},{"not_picked":["Swivel","Rainbow"],"picked":"Body Slam","floor":31},{"not_picked":["beaked:TuckingFeathers","beaked:BloodForTheGods","mysticmod:Daze"],"picked":"SKIP","floor":31},{"not_picked":["Acrobatics+1","Thunderclap"],"picked":"sneckomod:UnknownDraw","floor":32},{"not_picked":["mysticmod:Lunge","Guardian:StasisStrike"],"picked":"champ:StrikeOfGenius","floor":33},{"not_picked":["champ:EnGarde","Pommel Strike"],"picked":"CarveReality","floor":36},{"not_picked":["Guardian:Gem_Lightblue","sneckomod:QuickMove+1","mysticmod:HeavyStrike+1"],"picked":"SKIP","floor":37},{"not_picked":["champ:FalseCounter","hexamod:RadiantFlame+1"],"picked":"sneckomod:UnknownClassGREEN","floor":40}],"player_experience":10999,"relics_obtained":[{"floor":6,"key":"Mummified Hand"},{"floor":11,"key":"Ice Cream"},{"floor":20,"key":"PrismaticShard"},{"floor":24,"key":"aspiration:FrozenJewel"},{"floor":27,"key":"Happy Flower"},{"floor":34,"key":"PreservedInsect"},{"floor":34,"key":"conspire:DecoderRing"},{"floor":34,"key":"Bird Faced Urn"},{"floor":40,"key":"aspiration:Lifesprig"},{"floor":41,"key":"conspire:TopHat"}],"event_choices":[{"damage_healed":0,"gold_gain":0,"player_choice":"Success","damage_taken":25,"relics_obtained":["Potion Belt"],"max_hp_gain":0,"max_hp_loss":0,"event_name":"Scrap Ooze","floor":5,"gold_loss":0},{"damage_healed":30,"gold_gain":0,"player_choice":"Full Heal","damage_taken":0,"max_hp_gain":0,"max_hp_loss":0,"event_name":"Wheel of Change","floor":25,"gold_loss":0},{"cards_removed":["champ:StrikeOfGenius"],"damage_healed":0,"gold_gain":0,"player_choice":"Removed Power","damage_taken":0,"max_hp_gain":0,"max_hp_loss":0,"event_name":"Falling","floor":38,"gold_loss":0}],"is_beta":false,"boss_relics":[{"not_picked":["Philosopher\u0027s Stone","aspiration:WatcherSkillbook"],"picked":"SlaversCollar"},{"not_picked":["beaked:MawFillet","conspire:SpecialSausage"],"picked":"Calling Bell"}],"items_purged_floors":[],"is_endless":false,"potions_floor_spawned":[6,12,14,16,26,28,32,40],"killed_by":"Spire Growth","ascension_level":0}}