{"host":"diogo","time":1613238633,"event":{"mods":["BaseMod","Minty Spire (QoL Compilation)","StSLib","SuperFastMode"],"gold_per_floor":[111,39,39,114,39,65,65,98,121,155,155,181,195,227,227,331,331,343,33,43,43,61,96,125,153,204,231,231,231,256,256,256,357,357,367,237,237,237,2,32,58,93,93,10,10,40,40,73,73,73],"floor_reached":51,"language":"ENG","playtime":3544,"items_purged":["Regret","SashWhip"],"score":1803,"play_id":"0eba39e2-f134-4a13-a290-5070ac913ba0","local_time":"20210213185033","daily_mods":["Draft","Flight","Binary"],"is_ascension_mode":true,"campfire_choices":[{"data":"MasterReality","floor":7,"key":"SMITH"},{"data":"Evaluate","floor":11,"key":"SMITH"},{"data":"Evaluate","floor":15,"key":"SMITH"},{"data":"Establishment","floor":28,"key":"SMITH"},{"data":"BattleHymn","floor":32,"key":"SMITH"},{"data":"Collect","floor":45,"key":"SMITH"},{"data":"DeusExMachina","floor":49,"key":"SMITH"}],"circlet_count":0,"master_deck":["ReachHeaven+1","Evaluate+1","Evaluate+1","CutThroughFate+1","ClearTheMind+1","Crescendo+1","EmptyFist+1","Protect+1","Evaluate+1","EmptyFist+1","MasterReality+1","Establishment+1","Perseverance+1","Study+1","BattleHymn+1","DevaForm+1","Fasting2+1","Dramatic Entrance+1","Panacea+1","Collect+1","Purity+1","DeusExMachina+1"],"relics":["PureWater","Happy Flower","Bottled Tornado","Potion Belt","Strawberry","FossilizedHelix","Boot","Nunchaku","Astrolabe","Dead Branch","Torii","Singing Bowl","Frozen Egg 2","Akabeko","Ancient Tea Set","Question Card","MutagenicStrength","Empty Cage","Sundial","Whetstone","White Beast Statue","InkBottle","War Paint","Mark of the Bloom","Bag of Preparation"],"acts_visited":["Exordium","TheCity","TheBeyond"],"potions_floor_usage":[10,14,23,24,25,27,27,35,35,40,50,50,50,50,50],"damage_taken":[{"damage":0,"enemies":"2 Louse","floor":1,"turns":2},{"damage":14,"enemies":"Lagavulin","floor":6,"turns":3},{"damage":8,"enemies":"3 Sentries","floor":8,"turns":3},{"damage":8,"enemies":"Lagavulin","floor":10,"turns":3},{"damage":0,"enemies":"Gremlin Nob","floor":12,"turns":2},{"damage":0,"enemies":"Cultist","floor":13,"turns":2},{"damage":0,"enemies":"3 Sentries","floor":14,"turns":4},{"damage":0,"enemies":"Slime Boss","floor":16,"turns":3},{"damage":13,"enemies":"2 Thieves","floor":18,"turns":3},{"damage":4,"enemies":"Chosen","floor":20,"turns":3},{"damage":0,"enemies":"Centurion and Healer","floor":22,"turns":3},{"damage":0,"enemies":"Slavers","floor":23,"turns":4},{"damage":0,"enemies":"Gremlin Leader","floor":24,"turns":3},{"damage":0,"enemies":"Book of Stabbing","floor":25,"turns":4},{"damage":0,"enemies":"Slavers","floor":27,"turns":3},{"damage":7,"enemies":"Book of Stabbing","floor":30,"turns":3},{"damage":0,"enemies":"Automaton","floor":33,"turns":6},{"damage":7,"enemies":"3 Darklings","floor":35,"turns":5},{"damage":9,"enemies":"Reptomancer","floor":40,"turns":4},{"damage":0,"enemies":"Giant Head","floor":41,"turns":4},{"damage":0,"enemies":"Reptomancer","floor":42,"turns":3},{"damage":0,"enemies":"Nemesis","floor":46,"turns":3},{"damage":0,"enemies":"Giant Head","floor":48,"turns":4},{"damage":0,"enemies":"Awakened One","floor":50,"turns":4}],"seed_played":"-8937935580159731663","potions_obtained":[{"floor":1,"key":"Regen Potion"},{"floor":10,"key":"AttackPotion"},{"floor":13,"key":"FearPotion"},{"floor":16,"key":"EssenceOfSteel"},{"floor":20,"key":"Block Potion"},{"floor":23,"key":"Explosive Potion"},{"floor":25,"key":"Block Potion"},{"floor":30,"key":"ColorlessPotion"},{"floor":33,"key":"AttackPotion"},{"floor":35,"key":"Ancient Potion"},{"floor":41,"key":"Fruit Juice"},{"floor":46,"key":"LiquidBronze"},{"floor":48,"key":"BlessingOfTheForge"}],"is_trial":true,"path_per_floor":["M","$","?","?","$","E","R","E","T","E","R","E","M","E","R","B",null,"M","$","M","?","M","E","E","E","T","E","R","?","E","?","R","B",null,"M","$","?","$","$","E","E","E","T","$","R","E","?","E","R","B",null],"character_chosen":"WATCHER","items_purchased":["MasterReality","Dead Branch","BottledMiracle","Fasting2+1","Panacea","PowerPotion","Purity"],"campfire_rested":0,"item_purchase_floors":[2,19,36,36,39,39,44],"current_hp_per_floor":[72,72,72,65,65,51,51,43,50,51,51,51,51,51,51,51,72,59,59,55,55,55,55,57,59,59,61,61,85,80,80,80,80,85,80,80,74,74,74,67,67,69,69,69,69,71,71,71,71,71],"gold":73,"neow_bonus":"","is_daily":false,"chose_seed":false,"campfire_upgraded":7,"win_rate":0.0,"timestamp":1613238633,"path_taken":["M","$","?","?","$","E","R","E","T","E","R","E","?","E","R","BOSS","M","$","?","?","?","E","E","E","T","E","R","?","E","?","R","BOSS","M","$","?","?","$","E","E","E","T","$","R","E","?","E","R","BOSS"],"items_purchased_type":["Card","Relic","Potion","Card","Card","Potion","Card"],"build_version":"2020-12-18","purchased_purges":2,"victory":true,"max_hp_per_floor":[72,72,72,72,72,72,72,72,79,79,79,79,79,79,79,79,79,79,79,79,79,79,79,81,83,83,85,85,85,87,87,87,87,87,89,89,93,93,93,95,95,97,97,97,97,99,99,99,99,104],"card_choices":[{"not_picked":["SashWhip","CrushJoints"],"picked":"ReachHeaven","floor":0},{"not_picked":["Nirvana","MentalFortress"],"picked":"WheelKick","floor":0},{"not_picked":["BattleHymn","FlurryOfBlows"],"picked":"SashWhip","floor":0},{"not_picked":["BattleHymn","Prostrate"],"picked":"Evaluate","floor":0},{"not_picked":["FlurryOfBlows","Weave"],"picked":"Evaluate","floor":0},{"not_picked":["Evaluate","SandsOfTime"],"picked":"BowlingBash","floor":0},{"not_picked":["PathToVictory","FlyingSleeves"],"picked":"EmptyBody","floor":0},{"not_picked":["ThirdEye","EmptyBody"],"picked":"CutThroughFate","floor":0},{"not_picked":["Protect","WaveOfTheHand"],"picked":"FollowUp","floor":0},{"not_picked":["Fasting2","FollowUp"],"picked":"ClearTheMind","floor":0},{"not_picked":["Sanctity","FlyingSleeves"],"picked":"Crescendo","floor":0},{"not_picked":["FlurryOfBlows","FlyingSleeves"],"picked":"EmptyFist","floor":0},{"not_picked":["CrushJoints","EmptyBody"],"picked":"Protect","floor":0},{"not_picked":["Nirvana","WreathOfFlame"],"picked":"Evaluate","floor":0},{"not_picked":["FlurryOfBlows","Protect"],"picked":"EmptyFist","floor":0},{"not_picked":["FlyingSleeves","SashWhip"],"picked":"SKIP","floor":1},{"not_picked":["Worship","Protect"],"picked":"SKIP","floor":6},{"not_picked":["BowlingBash","Adaptation"],"picked":"SKIP","floor":8},{"not_picked":["CutThroughFate","Crescendo"],"picked":"SKIP","floor":10},{"not_picked":["CrushJoints","DeceiveReality"],"picked":"SKIP","floor":12},{"not_picked":["PathToVictory","DeceiveReality"],"picked":"SKIP","floor":13},{"not_picked":["MasterReality"],"picked":"Establishment","floor":14},{"not_picked":["Sanctity","Consecrate"],"picked":"SKIP","floor":18},{"not_picked":["Weave"],"picked":"BattleHymn","floor":20},{"not_picked":["EmptyFist","PathToVictory"],"picked":"SKIP","floor":22},{"not_picked":["PathToVictory","FlyingSleeves+1"],"picked":"SKIP","floor":23},{"not_picked":["LikeWater+1","Perseverance"],"picked":"Singing Bowl","floor":24},{"not_picked":["CutThroughFate","Evaluate"],"picked":"Singing Bowl","floor":25},{"not_picked":["PathToVictory","WaveOfTheHand"],"picked":"Singing Bowl","floor":27},{"not_picked":["Nirvana+1","WheelKick"],"picked":"Singing Bowl","floor":30},{"not_picked":["Brilliance","Scrawl"],"picked":"DevaForm+1","floor":33},{"not_picked":["CutThroughFate","BowlingBash","Consecrate+1"],"picked":"Singing Bowl","floor":35},{"not_picked":["Chrysalis","Jack Of All Trades"],"picked":"Dramatic Entrance","floor":37},{"not_picked":["Impatience","Transmutation","Secret Technique"],"picked":"Singing Bowl","floor":37},{"not_picked":["HandOfGreed","Madness","Finesse"],"picked":"Singing Bowl","floor":37},{"not_picked":["WaveOfTheHand+1","Prostrate","BowlingBash"],"picked":"Singing Bowl","floor":40},{"not_picked":["Conclude+1","FlurryOfBlows"],"picked":"Collect","floor":41},{"not_picked":["FlyingSleeves","SandsOfTime+1","EmptyMind"],"picked":"Singing Bowl","floor":42},{"not_picked":["FlyingSleeves","Prostrate","Nirvana+1"],"picked":"Singing Bowl","floor":46},{"not_picked":["Halt","WaveOfTheHand+1"],"picked":"DeusExMachina","floor":48}],"player_experience":373151,"relics_obtained":[{"floor":6,"key":"Bottled Tornado"},{"floor":8,"key":"Potion Belt"},{"floor":9,"key":"Strawberry"},{"floor":10,"key":"FossilizedHelix"},{"floor":12,"key":"Boot"},{"floor":14,"key":"Nunchaku"},{"floor":23,"key":"Torii"},{"floor":24,"key":"Singing Bowl"},{"floor":25,"key":"Frozen Egg 2"},{"floor":26,"key":"Akabeko"},{"floor":27,"key":"Ancient Tea Set"},{"floor":30,"key":"Question Card"},{"floor":40,"key":"Sundial"},{"floor":41,"key":"Whetstone"},{"floor":42,"key":"White Beast Statue"},{"floor":43,"key":"InkBottle"},{"floor":46,"key":"War Paint"},{"floor":48,"key":"Bag of Preparation"}],"event_choices":[{"damage_healed":0,"gold_gain":0,"player_choice":"Box","damage_taken":0,"relics_obtained":["Happy Flower"],"max_hp_gain":0,"max_hp_loss":0,"event_name":"Big Fish","floor":3,"gold_loss":0,"cards_obtained":["Regret"]},{"damage_healed":0,"gold_gain":75,"player_choice":"Touch","damage_taken":7,"max_hp_gain":0,"max_hp_loss":0,"event_name":"FaceTrader","floor":4,"gold_loss":0},{"damage_healed":0,"gold_gain":0,"player_choice":"Ignored","damage_taken":0,"max_hp_gain":0,"max_hp_loss":0,"event_name":"NoteForYourself","floor":21,"gold_loss":0},{"damage_healed":28,"gold_gain":0,"player_choice":"Heal","damage_taken":0,"max_hp_gain":0,"max_hp_loss":0,"event_name":"The Library","floor":29,"gold_loss":0},{"damage_healed":0,"gold_gain":0,"player_choice":"Inject Mutagens","damage_taken":0,"relics_obtained":["MutagenicStrength"],"max_hp_gain":0,"max_hp_loss":0,"event_name":"Drug Dealer","floor":31,"gold_loss":0},{"damage_healed":0,"gold_gain":0,"player_choice":"Memory 3","damage_taken":10,"max_hp_gain":0,"max_hp_loss":0,"event_name":"SensoryStone","floor":37,"gold_loss":0},{"damage_healed":0,"gold_gain":0,"player_choice":"Upgrade","damage_taken":0,"relics_obtained":["Mark of the Bloom"],"max_hp_gain":0,"max_hp_loss":0,"event_name":"MindBloom","floor":47,"gold_loss":0,"cards_upgraded":["CutThroughFate","ClearTheMind","Crescendo","EmptyFist","Evaluate","Dramatic Entrance","Purity"]}],"is_beta":true,"boss_relics":[{"not_picked":["SlaversCollar","Snecko Eye"],"picked":"Astrolabe"},{"not_picked":["SacredBark","Runic Pyramid"],"picked":"Empty Cage"}],"items_purged_floors":[5,39],"is_endless":false,"potions_floor_spawned":[1,10,13,16,20,23,25,30,33,35,41,46,48],"ascension_level":5}}