{"host":"w8xisjf5mgmfjvmt","time":1613193736,"event":{"mods":["ATMod(°¢èªMod)","BaseMod","BetterRewards","Challenge The Spire","Conspire","Energized Spire","Filter the Spire","Minty Spire (QoL Compilation)","Quarter Circle Forward PUNCH!","Quick Restart","Relic Filter Mod","Relic Stats","Reliquary","Replay The Spire","Say the Spire","Shop Mod","Spicy Shops","StSLib","Thieving Mod","¡¾ÒÅÎï¿¨ÅÆ¡¿REMEMod","óô»ðÖ¸ÄÏ"],"gold_per_floor":[114,124,4,17,167,197,24,54,101,63,89,123,182,223,223,345,345,378,407,447,447,462,462],"floor_reached":22,"language":"ZHS","playtime":1039,"items_purged":["Shame"],"score":537,"play_id":"503210ec-9b6f-4107-947f-ab11559d5a88","local_time":"20210213132216","is_ascension_mode":true,"campfire_choices":[{"data":"Juggernaut","floor":15.0,"key":"SMITH"}],"circlet_count":0,"master_deck":["AscendersBane","Strike_G","Strike_G","Strike_G","Strike_G","Strike_G","Defend_G","Defend_G","Defend_G","Defend_G","Defend_G","Survivor","Neutralize","AT_FamilyPortrait","Juggernaut+1","Escape Plan","Dagger Spray","Panacea","Predator","Infinite Blades","Calculated Gamble","Mayhem","Cloak And Dagger","Doubt","Master of Strategy","Noxious Fumes","Backflip","Blade Dance","Terror","Master of Strategy","Die Die Die","Deflect","Hidden Blade","Acrobatics","Backflip","Escape Plan"],"relics":["AT_ATBox","REME_LowDesire","qcfpunch:Not_Strongest_Fighting_Style_Guidebook","Happy Flower","Orrery","Eternal Feather","Membership Card","Art of War","Blood Vial","Prayer Wheel","AT_Kusabimaru","REME_ArchaeologicalTools","reliquary:RedCape","Nloth\u0027s Gift"],"acts_visited":["Exordium","TheCity"],"potions_floor_usage":[],"damage_taken":[{"damage":6.0,"enemies":"Small Slimes","floor":1.0,"turns":5.0},{"damage":0.0,"enemies":"2 Louse","floor":2.0,"turns":2.0},{"damage":0.0,"enemies":"Jaw Worm","floor":4.0,"turns":3.0},{"damage":5.0,"enemies":"Gremlin Nob","floor":6.0,"turns":3.0},{"damage":6.0,"enemies":"3 Sentries","floor":8.0,"turns":6.0},{"damage":21.0,"enemies":"Lagavulin","floor":11.0,"turns":8.0},{"damage":18.0,"enemies":"conspire:MimicChest","floor":12.0,"turns":8.0},{"damage":0.0,"enemies":"Blue Slaver","floor":13.0,"turns":2.0},{"damage":5.0,"enemies":"Lots of Slimes","floor":14.0,"turns":2.0},{"damage":0.0,"enemies":"Slime Boss","floor":16.0,"turns":6.0},{"damage":12,"enemies":"Spheric Guardian","floor":18,"turns":4},{"damage":29,"enemies":"2 Thieves","floor":19,"turns":3},{"damage":9,"enemies":"Shelled Parasite and Fungi","floor":20,"turns":9},{"damage":4,"enemies":"Snake Plant","floor":22,"turns":4}],"seed_played":"1546402263521383712","potions_obtained":[{"floor":2.0,"key":"CunningPotion"},{"floor":4.0,"key":"Energy Potion"},{"floor":8.0,"key":"Ancient Potion"},{"floor":11.0,"key":"Strength Potion"},{"floor":14.0,"key":"Poison Potion"},{"floor":19,"key":"Block Potion"}],"is_trial":false,"path_per_floor":["M","M","$","M","?","E","R","E","T","R","E","?","M","M","R","B",null,"M","M","M","?","M"],"character_chosen":"THE_SILENT","items_purchased":["Orrery","Cloak And Dagger","Membership Card"],"campfire_rested":0,"item_purchase_floors":[3,3,7],"current_hp_per_floor":[53,53,53,53,53,48,63,57,57,66,45,29,31,28,46,48,62,52,25,18,18,16,16],"gold":462,"neow_bonus":"BOSS_RELIC","is_daily":false,"chose_seed":false,"campfire_upgraded":1,"win_rate":0.0,"timestamp":1613193736,"path_taken":["M","M","$","M","?","E","R","E","T","R","E","?","M","M","R","BOSS","M","M","M","?","?"],"items_purchased_type":["Relic","Card","Relic"],"build_version":"2020-12-22","purchased_purges":1,"victory":false,"max_hp_per_floor":[66,66,66,66,66,66,66,66,66,66,66,66,66,66,66,66,66,66,66,66,66,66,66],"relic_stats":{"Blood Vial":16,"Happy Flower":[21],"counters":[14,65],"Eternal Feather":42,"Prayer Wheel":5,"Art of War":[6],"Nloth\u0027s Gift":0,"obtain_stats":[{"AT_ATBox":0,"Happy Flower":0,"qcfpunch:Not_Strongest_Fighting_Style_Guidebook":0,"Eternal Feather":6,"reliquary:RedCape":17,"Blood Vial":9,"AT_Kusabimaru":11,"Orrery":3,"Prayer Wheel":11,"Art of War":8,"REME_ArchaeologicalTools":12,"Nloth\u0027s Gift":21,"Membership Card":7,"REME_LowDesire":0,"Ring of the Snake":0,"REME_ComplimentaryCards":0},{"AT_ATBox":0,"Happy Flower":0,"qcfpunch:Not_Strongest_Fighting_Style_Guidebook":0,"Eternal Feather":4,"reliquary:RedCape":10,"Blood Vial":5,"AT_Kusabimaru":6,"Orrery":2,"Prayer Wheel":6,"Art of War":5,"REME_ArchaeologicalTools":7,"Nloth\u0027s Gift":13,"Membership Card":4,"REME_LowDesire":0,"Ring of the Snake":0,"REME_ComplimentaryCards":0},{"AT_ATBox":0,"Happy Flower":0,"qcfpunch:Not_Strongest_Fighting_Style_Guidebook":0,"Eternal Feather":13,"reliquary:RedCape":45,"Blood Vial":19,"AT_Kusabimaru":27,"Orrery":7,"Prayer Wheel":21,"Art of War":19,"REME_ArchaeologicalTools":35,"Nloth\u0027s Gift":61,"Membership Card":13,"REME_LowDesire":0,"Ring of the Snake":0,"REME_ComplimentaryCards":0}]},"card_choices":[{"not_picked":["Prepared","Underhanded Strike","REME_ShortnessOfBreath"],"picked":"Escape Plan","floor":1.0},{"not_picked":["Escape Plan","Dagger Throw","Sadistic Nature"],"picked":"Dagger Spray","floor":2.0},{"not_picked":["Dagger Throw","Dagger Spray","Night Terror"],"picked":"Panacea","floor":3.0},{"not_picked":["Endless Agony","REME_GreenPollution","AT_BreakingExtremeWeapon"],"picked":"Predator","floor":3.0},{"not_picked":["Slice","Dagger Throw","AT_TearsDenial"],"picked":"Infinite Blades","floor":3.0},{"not_picked":["Deadly Poison","Wraith Form v2","Thinking Ahead"],"picked":"Calculated Gamble","floor":3.0},{"not_picked":["Catalyst","Reflex","Underhanded Strike"],"picked":"Mayhem","floor":3.0},{"not_picked":["PiercingWail","Flying Knee","Crippling Poison","REME_BuildACard"],"picked":"SKIP","floor":4.0},{"not_picked":["Quick Slash","Concentrate","Crippling Poison","AT_Homeward"],"picked":"SKIP","floor":6.0},{"not_picked":["Deflect","Phantasmal Killer","Flechettes"],"picked":"Master of Strategy","floor":8.0},{"not_picked":["Riddle With Holes","Poisoned Stab","AT_PowerWithin"],"picked":"Noxious Fumes","floor":11.0},{"not_picked":["Cloak And Dagger","PiercingWail","Dark Shackles"],"picked":"Backflip","floor":12.0},{"not_picked":["Slice","Backflip","REME_ShortnessOfBreath"],"picked":"Blade Dance","floor":13.0},{"not_picked":["All Out Attack","Hidden Blade","Forethought"],"picked":"Terror","floor":13.0},{"not_picked":["Endless Agony","Concentrate","Deadly Poison"],"picked":"Master of Strategy","floor":14.0},{"not_picked":["Quick Slash","Bane","Dodge and Roll","AT_PowerWithin"],"picked":"SKIP","floor":14.0},{"not_picked":["Night Terror","Unload","Mayhem"],"picked":"Die Die Die","floor":16.0},{"not_picked":["Poisoned Stab","Grand Finale","ReplayTheSpireMod:Necrogeddon"],"picked":"Deflect","floor":18},{"not_picked":["Bane","Dagger Spray","AT_EmpoweredMortalDraw"],"picked":"Hidden Blade","floor":18},{"not_picked":["Dagger Throw","Underhanded Strike","Enlightenment"],"picked":"Acrobatics","floor":19},{"not_picked":["Terror+1","Deadly Poison","Prepared","AT_LightSaberMaster"],"picked":"SKIP","floor":19},{"not_picked":["Prepared","Cloak And Dagger","REME_HeartOfCthun"],"picked":"Backflip","floor":20},{"not_picked":["Acrobatics","Dagger Spray","Blind"],"picked":"Escape Plan","floor":20}],"player_experience":1350749,"relics_obtained":[{"floor":0.0,"key":"qcfpunch:Not_Strongest_Fighting_Style_Guidebook"},{"floor":0.0,"key":"Happy Flower"},{"floor":6.0,"key":"Eternal Feather"},{"floor":8.0,"key":"Art of War"},{"floor":9.0,"key":"Blood Vial"},{"floor":11.0,"key":"AT_Kusabimaru"},{"floor":12.0,"key":"REME_ArchaeologicalTools"}],"event_choices":[{"damage_healed":0.0,"max_hp_gain":0.0,"max_hp_loss":0.0,"gold_gain":150.0,"event_name":"Liars Game","player_choice":"AGREE","floor":5.0,"gold_loss":0.0,"damage_taken":0.0,"cards_obtained":["Doubt"]},{"damage_healed":0,"gold_gain":0,"player_choice":"Traded Relic","damage_taken":0,"relics_obtained":["Nloth\u0027s Gift"],"max_hp_gain":0,"max_hp_loss":0,"event_name":"N\u0027loth","floor":21,"relics_lost":["REME_ComplimentaryCards"],"gold_loss":0}],"is_beta":false,"boss_relics":[{"not_picked":["AT_MortalBlade","conspire:RoyalGoblet"],"picked":"reliquary:RedCape"}],"items_purged_floors":[10],"is_endless":false,"potions_floor_spawned":[2,4,8,11,14,19,20],"killed_by":"Snake Plant","ascension_level":20}}