{"host":"o5jvvi5yapo90aia","time":1613239428,"event":{"mods":["BaseMod","CapriCore","Minty Spire (QoL Compilation)","MostiFishMod","Prisma Mod","Spicy Shops","StSLib","TestMod","The Immortal","Yakumo Yukari mod","【人物mod】游戏王New YuGiOh mod","【功能Mod】Neow奖励"],"gold_per_floor":[116,41,52,52,52,77,77,77,77],"floor_reached":8,"language":"ZHS","playtime":4733,"items_purged":[],"score":108,"play_id":"ad5a773b-d5c9-4c31-a5fa-ac8a3966e7e2","local_time":"20210214020348","is_ascension_mode":true,"campfire_choices":[{"data":"Defend_P","floor":7,"key":"PURGE"}],"circlet_count":0,"master_deck":["AscendersBane","Strike_P","Strike_P","Strike_P+1","Strike_P","Defend_P","Defend_P","Eruption+1","Vigilance","BowlingBash"],"relics":["DaveBox","testmod-TestBox","Runic Dome","The Courier","testmod-Charity","SynthV:TestCard","testmod-Antiphasic"],"acts_visited":["Exordium"],"potions_floor_usage":[8],"damage_taken":[{"damage":9,"enemies":"2 Louse","floor":1,"turns":2},{"damage":0,"enemies":"Small Slimes","floor":3,"turns":3},{"damage":16,"enemies":"Gremlin Nob","floor":6,"turns":3},{"damage":22,"enemies":"Lagavulin","floor":8,"turns":5}],"seed_played":"3898511583056271138","potions_obtained":[{"floor":6,"key":"DuplicationPotion"}],"is_trial":false,"path_per_floor":["M","?","M","?","?","E","R","E"],"character_chosen":"WATCHER","items_purchased":[],"campfire_rested":0,"item_purchase_floors":[],"current_hp_per_floor":[54,54,56,35,35,21,21,0,0],"gold":77,"neow_bonus":"BOSS_RELIC","is_daily":false,"chose_seed":false,"campfire_upgraded":0,"win_rate":0.0,"timestamp":1613239428,"path_taken":["M","?","M","?","?","E","R","E"],"items_purchased_type":[],"build_version":"2020-12-22","purchased_purges":0,"victory":false,"max_hp_per_floor":[69,69,70,70,70,71,71,71,71],"card_choices":[{"not_picked":["PathToVictory","EmptyBody","Halt"],"picked":"SKIP","floor":1},{"not_picked":["Sanctity","Halt","Consecrate","EmptyFist","Weave"],"picked":"SKIP","floor":3},{"not_picked":["Sanctity","Evaluate","CutThroughFate","MostiFishMod:Pointsdynamics"],"picked":"BowlingBash","floor":5},{"not_picked":["Protect","EmptyBody","MostiFishMod:PathToVictory","Evaluate","ReachHeaven"],"picked":"SKIP","floor":6}],"player_experience":1527151,"relics_obtained":[{"floor":1,"key":"SynthV:TestCard"},{"floor":6,"key":"testmod-Antiphasic"}],"event_choices":[{"cards_removed":["Defend_P"],"damage_healed":0,"gold_gain":0,"player_choice":"Card Removal","damage_taken":0,"max_hp_gain":0,"max_hp_loss":0,"event_name":"The Cleric","floor":2,"gold_loss":75},{"damage_healed":0,"gold_gain":0,"player_choice":"Entered Light","damage_taken":21,"max_hp_gain":0,"max_hp_loss":0,"event_name":"Shining Light","floor":4,"gold_loss":0,"cards_upgraded":["Eruption","Strike_P"]},{"damage_healed":0,"gold_gain":0,"player_choice":"Swap Relic","damage_taken":0,"relics_obtained":["Orrery"],"max_hp_gain":0,"max_hp_loss":0,"event_name":"给自己的盒子","floor":5,"relics_lost":["Orrery"],"gold_loss":0}],"is_beta":false,"boss_relics":[],"items_purged_floors":[],"is_endless":false,"potions_floor_spawned":[6],"killed_by":"Lagavulin","ascension_level":20}}