{"host":"sc0o2qwpf9j16a4i","time":1613226340,"event":{"mods":["AchievementEnabler","BaseMod","BetterRewards","Block Reminder","Colored Map","Colored Powertips","Custom Start","Highlight Path","Minty Spire (QoL Compilation)","Relic Stats"],"gold_per_floor":[117,128,140,140,56,86,155,175,175,208,208,264,264,289,289,365,365,382,400,23,23,33,33,33,33],"floor_reached":24,"language":"ENG","playtime":527,"items_purged":[],"score":408,"play_id":"bf0ca4b1-583c-4cd7-92fb-d816d0a7c697","local_time":"20210213162540","is_ascension_mode":true,"campfire_choices":[{"floor":11.0,"key":"REST"},{"data":"Whirlwind","floor":13.0,"key":"SMITH"},{"data":"Sword Boomerang","floor":15.0,"key":"SMITH"},{"floor":23.0,"key":"REST"}],"circlet_count":0,"master_deck":["AscendersBane","Strike_R","Strike_R","Strike_R","Strike_R","Strike_R","Defend_R","Defend_R","Defend_R","Defend_R","Bash","Twin Strike","Wild Strike","Iron Wave","Whirlwind+1","Sword Boomerang+1","Fire Breathing","Impervious","Wild Strike","Clothesline","Shrug It Off","Battle Trance"],"relics":["Burning Blood","NeowsBlessing","Smiling Mask","Mercury Hourglass","InkBottle","Toy Ornithopter","Blood Vial","Akabeko","SlaversCollar","Medical Kit","Red Skull","Magic Flower"],"acts_visited":["Exordium","TheCity"],"potions_floor_usage":[],"damage_taken":[{"damage":0.0,"enemies":"Cultist","floor":1.0,"turns":1.0},{"damage":0.0,"enemies":"2 Louse","floor":2.0,"turns":1.0},{"damage":0.0,"enemies":"Jaw Worm","floor":3.0,"turns":1.0},{"damage":55.0,"enemies":"3 Sentries","floor":6.0,"turns":12.0},{"damage":13.0,"enemies":"3 Louse","floor":8.0,"turns":2.0},{"damage":20.0,"enemies":"Lagavulin","floor":10.0,"turns":7.0},{"damage":0.0,"enemies":"3 Sentries","floor":12.0,"turns":2.0},{"damage":32.0,"enemies":"Slime Boss","floor":16.0,"turns":7.0},{"damage":43.0,"enemies":"Shell Parasite","floor":18.0,"turns":6.0},{"damage":15.0,"enemies":"Chosen","floor":19.0,"turns":4.0},{"damage":25.0,"enemies":"Sentry and Sphere","floor":22.0,"turns":4.0},{"damage":40,"enemies":"Book of Stabbing","floor":24,"turns":4}],"seed_played":"6158972989187525051","potions_obtained":[{"floor":1.0,"key":"Swift Potion"},{"floor":3.0,"key":"FearPotion"},{"floor":10.0,"key":"AttackPotion"},{"floor":19.0,"key":"FearPotion"}],"is_trial":false,"path_per_floor":["M","M","M","?","$","E","T","M","T","E","R","?","R","T","R","B",null,"M","M","$","?","M","R","E"],"character_chosen":"IRONCLAD","items_purchased":["Whirlwind","Medical Kit","Red Skull","Shrug It Off"],"campfire_rested":2,"item_purchase_floors":[5,20,20,20],"current_hp_per_floor":[74,75,75,80,80,31,31,24,24,10,34,45,45,45,45,21,65,30,23,23,23,10,34,0,0],"gold":33,"neow_bonus":"THREE_ENEMY_KILL","is_daily":false,"chose_seed":false,"campfire_upgraded":2,"win_rate":0.0,"timestamp":1613226340,"path_taken":["M","M","?","?","$","E","?","M","T","E","R","?","R","?","R","BOSS","M","M","$","?","?","R","E"],"items_purchased_type":["Card","Relic","Relic","Card"],"build_version":"2020-12-22","purchased_purges":0,"victory":false,"max_hp_per_floor":[75,75,75,80,80,80,80,80,80,80,80,80,80,80,80,80,80,80,80,80,80,80,80,80,80],"relic_stats":{"Blood Vial":12,"counters":[12,51],"Magic Flower":[5],"Smiling Mask":0,"Medical Kit":[0],"obtain_stats":[{"Blood Vial":12,"SlaversCollar":17,"NeowsBlessing":0,"Magic Flower":21,"Smiling Mask":6,"Medical Kit":20,"Burning Blood":0,"InkBottle":9,"Toy Ornithopter":10,"Akabeko":14,"Red Skull":20,"Mercury Hourglass":7},{"Blood Vial":7,"SlaversCollar":8,"NeowsBlessing":0,"Magic Flower":10,"Smiling Mask":4,"Medical Kit":10,"Burning Blood":0,"InkBottle":5,"Toy Ornithopter":6,"Akabeko":7,"Red Skull":10,"Mercury Hourglass":4},{"Blood Vial":26,"SlaversCollar":33,"NeowsBlessing":0,"Magic Flower":43,"Smiling Mask":15,"Medical Kit":43,"Burning Blood":0,"InkBottle":17,"Toy Ornithopter":24,"Akabeko":26,"Red Skull":43,"Mercury Hourglass":15}],"Burning Blood":58,"InkBottle":[8],"Toy Ornithopter":5,"Mercury Hourglass":[115]},"card_choices":[{"not_picked":["Shrug It Off","Second Wind"],"picked":"Twin Strike","floor":1.0},{"not_picked":["Intimidate","Perfected Strike"],"picked":"Wild Strike","floor":2.0},{"not_picked":["Flex","Warcry"],"picked":"Iron Wave","floor":3.0},{"not_picked":["Double Tap","Cleave"],"picked":"Sword Boomerang","floor":6.0},{"not_picked":["True Grit","Flex"],"picked":"Fire Breathing","floor":8.0},{"not_picked":["Havoc","Double Tap","Perfected Strike"],"picked":"SKIP","floor":10.0},{"not_picked":["Berserk","Demon Form"],"picked":"Impervious","floor":16.0},{"not_picked":["Sentinel","Cleave"],"picked":"Wild Strike","floor":18.0},{"not_picked":["Thunderclap","Havoc"],"picked":"Clothesline","floor":19.0},{"not_picked":["Warcry","Reckless Charge"],"picked":"Battle Trance","floor":22.0}],"player_experience":1401924,"relics_obtained":[{"floor":6.0,"key":"Smiling Mask"},{"floor":7.0,"key":"Mercury Hourglass"},{"floor":9.0,"key":"InkBottle"},{"floor":10.0,"key":"Toy Ornithopter"},{"floor":12.0,"key":"Blood Vial"},{"floor":14.0,"key":"Akabeko"}],"event_choices":[{"damage_healed":0.0,"max_hp_gain":5.0,"max_hp_loss":0.0,"gold_gain":0.0,"event_name":"Big Fish","player_choice":"Donut","floor":4.0,"gold_loss":0.0,"damage_taken":0.0},{"damage_healed":0.0,"max_hp_gain":0.0,"max_hp_loss":0.0,"gold_gain":0.0,"event_name":"Dead Adventurer","player_choice":"Searched \u00271\u0027 times","floor":12.0,"gold_loss":0.0,"damage_taken":0.0},{"damage_healed":0.0,"max_hp_gain":0.0,"max_hp_loss":0.0,"gold_gain":0.0,"event_name":"WeMeetAgain","player_choice":"Gave Potion","floor":21.0,"gold_loss":0.0,"damage_taken":0.0,"relics_obtained":["Magic Flower"]}],"is_beta":false,"boss_relics":[{"not_picked":["Empty Cage","Black Blood"],"picked":"SlaversCollar"}],"items_purged_floors":[],"is_endless":false,"potions_floor_spawned":[1,3,10,19],"killed_by":"Book of Stabbing","ascension_level":20}}