{"host":"bvp2uifzy1c463d9","time":1613199848,"event":{"mods":["AchievementEnabler","BaseMod","Block Reminder","Bossed Relics","ChefMod","Colored Map","Colored Powertips","Energized Spire","Hermit","Highlight Path","Hubris","Infinite Spire","Minty Spire (QoL Compilation)","Random Character Button","Relic Sorter","Relic Stats","Reliquary","Replay The Spire","StSLib","The Blue Laboratory","The Jungle","The Servant 0.9.4","Wandering Minibosses"],"gold_per_floor":[118,4,4,15,15,50,50,50,50,50,89,89,109,184,184,297,306,331,331,344,344,344],"floor_reached":21,"language":"ENG","playtime":922,"items_purged":[],"score":231,"play_id":"d463b832-1081-4e8d-966d-1de3fe90df71","local_time":"20210213010408","is_ascension_mode":true,"campfire_choices":[{"data":"hermit:HoleUp","floor":8,"key":"SMITH"},{"data":"hermit:Quickdraw","floor":10,"key":"SMITH"},{"data":"hermit:Manifest","floor":15,"key":"SMITH"}],"circlet_count":0,"master_deck":["hermit:Strike_Hermit","hermit:Strike_Hermit","hermit:Strike_Hermit","hermit:Defend_Hermit","hermit:Defend_Hermit","hermit:Defend_Hermit","hermit:Defend_Hermit","hermit:Snapshot","hermit:Covet","hermit:Quickdraw+1","hermit:Grudge","hermit:Manifest+1","hermit:LowProfile","hermit:HoleUp+1","hermit:HeroicBravado","hermit:Manifest+1","hermit:FinalCanter","AbeCurse","hermit:Roulette"],"relics":["hermit:Momento","NeowsBlessing","CeramicFish","infinitespire:Bottled Soul","Counterbalance","Abe\u0027s Treasure","infinitespire:Beetle Shell"],"acts_visited":["Exordium","TheCity"],"potions_floor_usage":[11,18,21],"damage_taken":[{"damage":0,"enemies":"Small Slimes","floor":1,"turns":2},{"damage":0,"enemies":"2 Louse","floor":4,"turns":1},{"damage":0,"enemies":"Lagavulin","floor":6,"turns":1},{"damage":15,"enemies":"Gremlin Nob","floor":11,"turns":5},{"damage":0,"enemies":"Jaw Worm","floor":13,"turns":4},{"damage":28,"enemies":"The Guardian","floor":16,"turns":27},{"damage":48,"enemies":"Spheric Guardian","floor":18,"turns":12},{"damage":0,"enemies":"Chosen","floor":20,"turns":4},{"damage":36,"enemies":"3 Cultists","floor":21,"turns":6}],"seed_played":"-4651955308169008961","potions_obtained":[{"floor":1,"key":"DistilledChaos"},{"floor":11,"key":"blueLaboratory:Moonshine"},{"floor":16,"key":"Fire Potion"},{"floor":20,"key":"SkillPotion"}],"is_trial":false,"path_per_floor":["M","$","?","M","?","E","$","R","T","R","E","?","M","?","R","B",null,"M","?","M","M"],"character_chosen":"HERMIT","items_purchased":["hermit:Grudge","hermit:Manifest"],"campfire_rested":0,"item_purchase_floors":[2,2],"current_hp_per_floor":[75,75,75,75,75,75,75,75,75,75,60,60,60,49,49,21,75,27,27,27,0,0],"gold":344,"neow_bonus":"THREE_ENEMY_KILL","is_daily":false,"chose_seed":false,"campfire_upgraded":3,"win_rate":0.0,"timestamp":1613199848,"path_taken":["M","$","?","M","?","E","$","R","T","R","E","?","?","?","R","BOSS","M","?","M","M"],"items_purchased_type":["Card","Card"],"build_version":"2020-12-22","purchased_purges":0,"victory":false,"max_hp_per_floor":[75,75,75,75,75,75,75,75,75,75,75,75,75,75,75,75,75,75,75,75,75,75],"relic_stats":{"counters":[9,62],"CeramicFish":54,"obtain_stats":[{"NeowsBlessing":0,"infinitespire:Bottled Soul":9,"CeramicFish":6,"Counterbalance":11,"infinitespire:Beetle Shell":19,"hermit:Momento":0,"Abe\u0027s Treasure":17},{"NeowsBlessing":0,"infinitespire:Bottled Soul":3,"CeramicFish":3,"Counterbalance":4,"infinitespire:Beetle Shell":7,"hermit:Momento":0,"Abe\u0027s Treasure":6},{"NeowsBlessing":0,"infinitespire:Bottled Soul":4,"CeramicFish":4,"Counterbalance":9,"infinitespire:Beetle Shell":52,"hermit:Momento":0,"Abe\u0027s Treasure":40}]},"card_choices":[{"not_picked":["hermit:Horror","hermit:ItchyTrigger"],"picked":"hermit:Quickdraw","floor":1},{"not_picked":["hermit:EyeOfTheStorm","hermit:Enervate"],"picked":"hermit:LowProfile","floor":4},{"not_picked":["hermit:Ricochet","hermit:Coalescence"],"picked":"hermit:HoleUp","floor":6},{"not_picked":["hermit:ItchyTrigger","hermit:Ricochet"],"picked":"hermit:HeroicBravado","floor":11},{"not_picked":["hermit:Headshot","hermit:TakeCover"],"picked":"hermit:Manifest","floor":13},{"not_picked":["hermit:Gambit","hermit:HighNoon"],"picked":"hermit:FinalCanter","floor":16},{"not_picked":["hermit:HighCaliber","hermit:Vantage"],"picked":"hermit:Roulette","floor":18},{"not_picked":["hermit:TakeAim+1","hermit:ItchyTrigger","hermit:Roulette"],"picked":"SKIP","floor":20}],"player_experience":330484,"relics_obtained":[{"floor":6,"key":"CeramicFish"},{"floor":9,"key":"infinitespire:Bottled Soul"},{"floor":11,"key":"Counterbalance"}],"event_choices":[{"damage_healed":0,"gold_gain":75,"player_choice":"Gather Gold","damage_taken":11,"max_hp_gain":0,"max_hp_loss":0,"event_name":"World of Goop","floor":14,"gold_loss":0},{"damage_healed":0,"gold_gain":0,"player_choice":"Gave Potion","damage_taken":0,"relics_obtained":["infinitespire:Beetle Shell"],"max_hp_gain":0,"max_hp_loss":0,"event_name":"WeMeetAgain","floor":19,"gold_loss":0}],"is_beta":false,"boss_relics":[{"not_picked":["energizedSpire:RedRose","energizedSpire:SpiderWeb"],"picked":"Abe\u0027s Treasure"}],"items_purged_floors":[],"is_endless":false,"potions_floor_spawned":[1,11,16,20],"killed_by":"3 Cultists","ascension_level":2}}