{"host":"jruzzdd1waq9u00d","time":1613230410,"event":{"mods":["BaseMod","Colored Map","Colored Powertips","DeckTracker","Downfall","Minty Spire (QoL Compilation)","Quick Restart","Relic Stats","StSLib","SuperFastMode"],"gold_per_floor":[99,199,199,199,299,331,331,344,344,344,97,108,108,126,144,246,246,246,259,275,275,275,275],"floor_reached":21,"language":"ENG","playtime":4219,"items_purged":["sneckomod:Strike"],"score":252,"play_id":"65eb7813-52f8-4dd9-a952-d9dfa9fbde4d","local_time":"20210214003330","is_ascension_mode":false,"campfire_choices":[{"data":"sneckomod:Unknown","floor":1,"key":"SMITH"},{"data":"sneckomod:SnekBite","floor":9,"key":"SMITH"},{"data":"sneckomod:MorePower","floor":18,"key":"SMITH"}],"circlet_count":0,"master_deck":["sneckomod:Defend","sneckomod:TailWhip+1","sneckomod:SnekBite+1","sneckomod:Unknown+1","sneckomod:Unknown+1","sneckomod:CheapStock","sneckomod:RainOfDice","sneckomod:Unknown2Cost","sneckomod:SoulRoll","sneckomod:MorePower+1","sneckomod:UnknownStrike+1","sneckomod:UnknownClassRED+1","sneckomod:UnknownClassPURPLE+1"],"relics":["sneckomod:SneckoSoul","downfall:HeartsMalice","Bag of Marbles","Shuriken","OrangePellets","Anchor","Empty Cage"],"acts_visited":["Exordium","TheCity"],"potions_floor_usage":[],"damage_taken":[{"damage":0,"enemies":"2 Louse","floor":4,"turns":1},{"damage":0,"enemies":"downfall:Heads","floor":5,"turns":1},{"damage":0,"enemies":"Lagavulin","floor":6,"turns":1},{"damage":8,"enemies":"Jaw Worm","floor":8,"turns":2},{"damage":0,"enemies":"Cultist","floor":10,"turns":1},{"damage":5,"enemies":"downfall:FleeingMerchant","floor":11,"turns":4},{"damage":24,"enemies":"Exordium Thugs","floor":12,"turns":5},{"damage":10,"enemies":"Exordium Wildlife","floor":14,"turns":3},{"damage":0,"enemies":"Gremlin Gang","floor":15,"turns":3},{"damage":0,"enemies":"DF_ARCHETYPE_STREAMLINE","floor":16,"turns":9},{"damage":27,"enemies":"Spheric Guardian","floor":19,"turns":4},{"damage":28,"enemies":"3 Byrds","floor":20,"turns":5},{"damage":38,"enemies":"3 Cultists","floor":21,"turns":4}],"seed_played":"-822908814167030399","potions_obtained":[{"floor":5,"key":"CultistPotion"},{"floor":6,"key":"SpeedPotion"},{"floor":12,"key":"SkillPotion"},{"floor":16,"key":"AttackPotion"}],"is_trial":false,"path_per_floor":["R","?","?","M","?","E","T","M","R","M","$","M","T","M","M","B",null,"R","M","M","M"],"character_chosen":"THE_SNECKO","items_purchased":["OrangePellets"],"campfire_rested":0,"item_purchase_floors":[11],"current_hp_per_floor":[90,90,90,90,90,90,90,82,82,82,77,53,53,43,43,43,90,90,63,35,0,0,0],"gold":275,"neow_bonus":"THREE_ENEMY_KILL","is_daily":false,"chose_seed":false,"campfire_upgraded":3,"win_rate":0.0,"timestamp":1613230410,"path_taken":["R","?","?","M","?","E","T","M","R","?","?","M","?","M","M","BOSS","R","M","M","M"],"items_purchased_type":["Relic"],"build_version":"2020-12-22","purchased_purges":1,"victory":false,"max_hp_per_floor":[90,90,90,90,90,90,90,90,90,90,90,90,90,90,90,90,90,90,90,90,90,90,90],"relic_stats":{"OrangePellets":[0],"counters":[13,40],"Shuriken":[16],"obtain_stats":[{"OrangePellets":11,"Anchor":13,"downfall:BrokenWingStatue":3,"Shuriken":7,"downfall:HeartsMalice":0,"Bag of Marbles":6,"sneckomod:SneckoSoul":0,"Empty Cage":17},{"OrangePellets":6,"Anchor":7,"downfall:BrokenWingStatue":0,"Shuriken":3,"downfall:HeartsMalice":0,"Bag of Marbles":3,"sneckomod:SneckoSoul":0,"Empty Cage":10},{"OrangePellets":7,"Anchor":12,"downfall:BrokenWingStatue":0,"Shuriken":0,"downfall:HeartsMalice":0,"Bag of Marbles":0,"sneckomod:SneckoSoul":0,"Empty Cage":27}]},"card_choices":[{"not_picked":["sneckomod:UnknownClassGUARDIAN","sneckomod:UnknownClassRED"],"picked":"sneckomod:CheapStock","floor":4},{"not_picked":["sneckomod:QuickBite","sneckomod:UnknownUncommonAttack","sneckomod:UnknownClassPURPLE"],"picked":"SKIP","floor":6},{"not_picked":["sneckomod:IronFang","sneckomod:Unknown1Cost","sneckomod:DefensiveFlair"],"picked":"SKIP","floor":8},{"not_picked":["sneckomod:DiceBlock","sneckomod:WideSting"],"picked":"sneckomod:Unknown2Cost","floor":10},{"not_picked":["sneckomod:QuickBite","sneckomod:SnekBeam","sneckomod:UnendingSupply"],"picked":"SKIP","floor":11},{"not_picked":["sneckomod:Transmogrify","sneckomod:UnknownClassRED","sneckomod:UnknownClassGUARDIAN"],"picked":"SKIP","floor":12},{"not_picked":["sneckomod:QuickBite","sneckomod:UnknownDraw","sneckomod:QuickMove"],"picked":"SKIP","floor":14},{"not_picked":["sneckomod:TrashToTreasure","sneckomod:UnknownClassTHE_CHAMP_GRAY"],"picked":"sneckomod:SoulRoll","floor":15},{"not_picked":["sneckomod:Transmogrify","sneckomod:SerpentMind"],"picked":"sneckomod:MorePower","floor":16},{"not_picked":["sneckomod:UnknownX+1","sneckomod:UnknownVulnerable+1"],"picked":"sneckomod:UnknownStrike+1","floor":19},{"not_picked":["sneckomod:Unknown0Cost","sneckomod:SlitherStrike"],"picked":"sneckomod:UnknownClassRED+1","floor":19},{"not_picked":["sneckomod:UnknownDraw+1","sneckomod:UnknownX+1"],"picked":"sneckomod:UnknownClassPURPLE+1","floor":20},{"not_picked":["sneckomod:UnknownWeak","sneckomod:MixItUp","sneckomod:UnknownClassPURPLE"],"picked":"SKIP","floor":20}],"player_experience":468121,"relics_obtained":[{"floor":6,"key":"Bag of Marbles"},{"floor":7,"key":"Shuriken"},{"floor":13,"key":"Anchor"}],"event_choices":[],"is_beta":false,"boss_relics":[{"not_picked":["bronze:MakeshiftBattery","SacredBark"],"picked":"Empty Cage"}],"items_purged_floors":[11],"is_endless":false,"potions_floor_spawned":[5,6,12,16],"killed_by":"3 Cultists","ascension_level":0}}