{"host":"tr12w2fixbnujl15","time":1613243219,"event":{"mods":["100% Spire Juice","2.2 Compatiblity","A Penny For Your Troubles","BaseMod","Better Skull","Better Vampires","BetterRewards","CapriCore","Clockwork Mod","Colored Powertips","Evolution","Gremlin Skip","Hermit","Hubris","Infinite Spire","JesterMod","Kalas","KinomotoSakuraMod(????)","Koishi","Mad Scientist","Magitek Elite","Mathematician","Minty Spire (QoL Compilation)","Permanent Neow","Quick Restart","Reimu??????","Relic Filter","Remilia_Scarlet Moed?????·?????3.3.5","Replay The Spire","Shop Mod","StSLib","SuperFastMode","The Accelerator","The Bug Knight","The Construct","The Cursed","The Hayseed","The Hierophant","The Immortal","The Mystic","The Necromancer","The Runesmith","The Sage","The Senshi","The Servant 0.9.4","The Spell Scribe","The Vixen","TheFirefly","TheSwordswoman","TheVelvet","Transform Curses","WarShipGirlsR/????R mod","Yakumo Yukari mod","[IsaacMod]????"],"gold_per_floor":[110,110,122,46,62,62,62,73,73,89,107,107,120,133,133,235,235,252,252,233,233,233],"floor_reached":21,"language":"ENG","playtime":546,"items_purged":[],"score":275,"play_id":"61160ffc-ecfc-4229-ba18-1b9590afc250","local_time":"20210213140659","is_ascension_mode":false,"campfire_choices":[{"data":"Tornado","floor":6,"key":"SMITH"},{"floor":12,"key":"REST"},{"data":"Thunder_P","floor":15,"key":"SMITH"}],"circlet_count":0,"master_deck":["Flare","Flare","Flare","Defend_L","Defend_L","Defend_L","Defend_L","Defend_L","Fire2","Cure","Thunder_P","Blood_Hilt","Tornado+1","Meteor","Thunder_Blade","Drain","Gladius","Magnus_Hat","Osmosis","Aero","Dark"],"relics":["Pendant","EVO:Axolotl","HushsDoor","SteamSale","MerchantsRug","infinitespire:Lychee Nut","hubris:Metronome","SlaversCollar"],"acts_visited":["Exordium","TheCity"],"potions_floor_usage":[13,16,16,20,21],"damage_taken":[{"damage":0,"enemies":"2 Louse","floor":1,"turns":2},{"damage":0,"enemies":"Cultist","floor":3,"turns":2},{"damage":18,"enemies":"Jaw Worm","floor":5,"turns":3},{"damage":0,"enemies":"Large Slime","floor":8,"turns":4},{"damage":11,"enemies":"Red Slaver","floor":10,"turns":3},{"damage":11,"enemies":"Lots of Slimes","floor":11,"turns":4},{"damage":3,"enemies":"Exordium Wildlife","floor":13,"turns":3},{"damage":6,"enemies":"Large Slime","floor":14,"turns":4},{"damage":30,"enemies":"Hexaghost","floor":16,"turns":7},{"damage":17,"enemies":"Spheric Guardian","floor":18,"turns":4},{"damage":29,"enemies":"2 Thieves","floor":20,"turns":4},{"damage":15,"enemies":"Centurion and Healer","floor":21,"turns":3}],"seed_played":"3344906745605433653","potions_obtained":[{"floor":3,"key":"PowerPotion"},{"floor":5,"key":"MagicPotion:ReiMu"},{"floor":11,"key":"DistilledChaos"},{"floor":13,"key":"ZuzhouPotion:ReiMu"},{"floor":16,"key":"Adrenaline Potion"},{"floor":18,"key":"Regen Potion"}],"is_trial":false,"path_per_floor":["M","?","M","$","M","R","?","M","T","M","M","R","M","M","R","B",null,"M","?","M","M"],"character_chosen":"MAGITEKELITE","items_purchased":["MerchantsRug"],"campfire_rested":1,"item_purchase_floors":[4],"current_hp_per_floor":[63,63,63,63,53,53,41,47,47,38,36,47,46,47,47,32,47,32,32,30,29,29],"gold":233,"neow_bonus":"","is_daily":false,"chose_seed":false,"campfire_upgraded":2,"win_rate":0.0,"timestamp":1613243219,"path_taken":["M","?","M","$","M","R","?","M","T","?","M","R","M","M","R","BOSS","M","?","M","M"],"items_purchased_type":["Relic"],"build_version":"2020-12-22","purchased_purges":0,"victory":false,"max_hp_per_floor":[63,63,63,63,63,63,47,47,47,47,47,47,47,47,47,47,47,47,47,47,47,47],"card_choices":[{"not_picked":[],"picked":"ChaosCard","floor":0},{"not_picked":["Magnus_Hat","Flare"],"picked":"Thunder_P","floor":1},{"not_picked":["Gravity","Water"],"picked":"Blood_Hilt","floor":3},{"not_picked":["Falchion","Shell"],"picked":"Tornado","floor":5},{"not_picked":["Icebrand","Flametongue"],"picked":"Meteor","floor":8},{"not_picked":["Water","Gaia_Gear"],"picked":"Thunder_Blade","floor":10},{"not_picked":["Thunder_Blade","Icebrand"],"picked":"Drain","floor":11},{"not_picked":["Heavy_Shield","Man_Eater"],"picked":"Gladius","floor":13},{"not_picked":["Dark","Crystal_Sword"],"picked":"Magnus_Hat","floor":14},{"not_picked":["Might","Quick"],"picked":"Osmosis","floor":16},{"not_picked":["Circlet","Meltdown+1"],"picked":"Aero","floor":18},{"not_picked":["Circlet","Falchion"],"picked":"Dark","floor":20}],"player_experience":106112,"relics_obtained":[{"floor":9,"key":"hubris:Metronome"}],"event_choices":[{"cards_removed":["Flare"],"damage_healed":0,"gold_gain":0,"player_choice":"Purged","damage_taken":0,"max_hp_gain":0,"max_hp_loss":0,"event_name":"Purifier","floor":2,"gold_loss":0},{"damage_healed":0,"gold_gain":0,"player_choice":"Success","damage_taken":12,"relics_obtained":["infinitespire:Lychee Nut"],"max_hp_gain":0,"max_hp_loss":0,"event_name":"Scrap Ooze","floor":7,"gold_loss":0}],"is_beta":false,"boss_relics":[{"not_picked":["hubris:GrandSneckoEye","Abe\u0027s Treasure"],"picked":"SlaversCollar"},{"not_picked":[]}],"items_purged_floors":[],"is_endless":false,"potions_floor_spawned":[3,5,11,13,16,18],"killed_by":"Centurion and Healer","ascension_level":0}}