{"host":"onjcd8pn3ar4eq0z","time":1613214482,"event":{"mods":["2.2 Compatiblity","AchievementEnabler","Act Like it!","Aspiration","BaseMod","Beaked The Cultist","Become a monster ???","Bestiary","Better Note","Better Third Choice","BetterRewards","CapriCore","ChefMod","Colored Map","Colored Powertips","Conspire","Curses Come First","Downfall","Friendly Minions","Gensokyo","GifTheSpireLib","Gremlin Mod","Hallownest","Hermit","Highlight Path","Hubris","Infinite Spire","Jorbs\u0027s Wanderer Trilogy","Koishi","Lobotomy","LobotomyExtend","Marisa????????","Mimic Mod","Minty Spire (QoL Compilation)","Pale of the Ancients","Potionbrewer","Quick Restart","Relic Sorter","Reliquary","Remilia??????","Replay The Spire","Shop Mod","Spicy Shops","StSLib","Synergy Search","The Administrix","The Animator","The Blue Laboratory","The Bug Knight","The Construct","The Cursed","The Disciple","The Gatherer","The Hierophant","The Immortal","The Mystic","The Necromancer","The Runesmith","The Sage","The Servant 0.9.4","TheBandit","TheSwordswoman","Waifu the Spire","Wandering Minibosses","Yuyuko","noobMod"],"gold_per_floor":[99,267,435,435,435,639,639,47,290,359,480,579,817,1006,1198,1525,1525,1525,1525,1525,1618,1684,1708,1921,2083,2317,2117,2273,2173,2408,2559,2756,2885,3113,3263,3263,3263,3445,2762,2952,3130,3130,3130,3398,3588,3588,3663,3336,3607,3835,4219,4219,4479,4339,4339,3666,3666,3666,3666],"floor_reached":58,"language":"ENG","playtime":8477,"items_purged":["hierophant:Remorse","hierophant:AuricBeam"],"score":1917,"play_id":"33f51ba8-50c2-4be5-b971-04e8590cc85e","local_time":"20210213050802","daily_mods":["SealedDeck","Hoarder","DeadlyEvents","Elite Swarm","Midas","downfall:ExchangeController","Binary"],"is_ascension_mode":false,"campfire_choices":[{"floor":1.0,"key":"RECALL"},{"floor":27.0,"key":"REST"},{"floor":29.0,"key":"REST"},{"floor":36.0,"key":"DIG"},{"floor":57.0,"key":"DIG"}],"circlet_count":0,"master_deck":["hierophant:Charity","hierophant:Charity+1","hierophant:Charity+1","hierophant:Shelter","hierophant:Shelter","hierophant:Shelter","hierophant:Endure","hierophant:Endure","hierophant:Endure","hierophant:HolyVerse","hierophant:HolyVerse","hierophant:HolyVerse","hierophant:HolyVerse","hierophant:HolyVerse","hierophant:HolyVerse","hierophant:MorningPrayer","hierophant:MorningPrayer","hierophant:MorningPrayer","hierophant:Zeal","hierophant:Zeal","hierophant:Zeal","hierophant:RustyCrate","hierophant:RustyCrate","hierophant:RustyCrate","hierophant:RustyCrate","hierophant:RustyCrate","hierophant:RustyCrate","hierophant:RepressedViolence+1","hierophant:RepressedViolence","hierophant:RepressedViolence","hierophant:Doubloon","hierophant:Doubloon+1","hierophant:Doubloon","hierophant:Doubloon+1","hierophant:Doubloon","hierophant:Doubloon","hierophant:Doubloon+1","hierophant:Doubloon","hierophant:Doubloon","hierophant:Doubloon","hierophant:Doubloon","hierophant:Doubloon","hierophant:Doubloon+1","hierophant:Doubloon","hierophant:Doubloon","Midas Touch+1","Midas Touch","Midas Touch","hubris:NaturalOne","hubris:NaturalOne","hubris:NaturalOne","hierophant:Doubloon","hierophant:Doubloon","hierophant:Doubloon","hierophant:Remorse","hierophant:Remorse","hierophant:Remorse+1","ReplayTheSpireMod:Necrogeddon","ReplayTheSpireMod:Necrogeddon","ReplayTheSpireMod:Necrogeddon","hierophant:Mercenaries","hierophant:Mercenaries","hierophant:Mercenaries","hierophant:Remorse","hierophant:Remorse","hierophant:Remorse","hierophant:Doubloon","hierophant:Doubloon","hierophant:Doubloon","hierophant:Community","hierophant:Community","hierophant:Community","infinitespire:Fortify","infinitespire:Fortify","infinitespire:Fortify","ReplayTheSpireMod:Chaos Vortex","ReplayTheSpireMod:Chaos Vortex","ReplayTheSpireMod:Chaos Vortex","Shame","Shame","Shame","expansioncontent:StudyTheSpire","expansioncontent:StudyTheSpire","expansioncontent:StudyTheSpire","hierophant:Remorse","hierophant:Remorse","hierophant:Remorse","hierophant:Remorse","hierophant:Remorse","hierophant:Remorse","hierophant:Doubloon","hierophant:Doubloon","hierophant:Doubloon","hierophant:Doubloon","hierophant:Doubloon","hierophant:Doubloon","hierophant:Kindle","hierophant:Kindle","hierophant:Kindle","hierophant:Charity","hierophant:Charity","hierophant:Charity","hierophant:Doubloon","hierophant:Doubloon","hierophant:Doubloon","expansioncontent:StudyTheSpire","expansioncontent:StudyTheSpire","expansioncontent:StudyTheSpire"],"relics":["hierophant:PropheticMaskRelic","Incense Burner","Moonlight_r","hubris:Icosahedron","Busted Crown","downfall:NeowBlessing_Player","Ring of Chaos","replay:Trail_Library","ice","LetterFromLob","infinitespire:EmpoweringShard","Shovel","MerchantsRug","reliquary:ExpiredCoupon","reliquary:ExpiredCoupon","hubris:AstralHammer","reliquary:PorcupineQuills","Sozu","Matryoshka","Bottled Tornado","infinitespire:FocusingShard","downfall:HeartBlessingRed","downfall:HeartBlessingBlue","Boot","downfall:HeartBlessingGreen","Slimebound:PreparedRelic","aspiration:HiddenCompartment","Tiny House","aspiration:Nostalgia","Vampire_Amulet","Lantern","Centennial Puzzle","Orrery","Girya","sneckomod:BlankCard","potionbrewer:RamsHorn","infinitespire:Golems Mask","hubris:Towel","Ginger","Membership Card","BargainBundle","infinitespire:Midas Blood","hubris:GlazedTorus","reliquary:HotPoker","Letter Opener","Turnip","ChewingGum","paleoftheancients:Timepiece","paleoftheancients:KeyRelic","Bronze Scales","CultistMask","paleoftheancients:SoulOfTheGuardian","reliquary:SharkskinSheath","hubris:ToyBattleship","Anchor","sagemod:The_Guidebook_Guide","Replay:Baseball","ReplayFunnel"],"acts_visited":["Exordium","TheCity","TheBeyond","paleoftheancients:PaleOfTheAncients"],"potions_floor_usage":[],"damage_taken":[{"damage":13.0,"enemies":"Jaw Worm","floor":2.0,"turns":4.0},{"damage":0.0,"enemies":"Small Slimes","floor":3.0,"turns":2.0},{"damage":0.0,"enemies":"2 Louse","floor":6.0,"turns":1.0},{"damage":0.0,"enemies":"downfall:FleeingMerchant","floor":8.0,"turns":4.0},{"damage":11.0,"enemies":"3 Sentries","floor":9.0,"turns":4.0},{"damage":28.0,"enemies":"Lagavulin","floor":11.0,"turns":5.0},{"damage":19.0,"enemies":"Exordium Thugs","floor":12.0,"turns":7.0},{"damage":34.0,"enemies":"Gremlin Nob","floor":13.0,"turns":4.0},{"damage":0.0,"enemies":"Gremlin Gang","floor":14.0,"turns":2.0},{"damage":0.0,"enemies":"Lots of Slimes","floor":15.0,"turns":1.0},{"damage":43.0,"enemies":"WA_ARCHETYPE_RETAIN","floor":16.0,"turns":7.0},{"damage":49.0,"enemies":"Gremlin Leader","floor":21.0,"turns":5.0},{"damage":58.0,"enemies":"conspire:SneckoGhost","floor":22.0,"turns":10.0},{"damage":12.0,"enemies":"Shell Parasite","floor":23.0,"turns":5.0},{"damage":0.0,"enemies":"Spheric Guardian","floor":24.0,"turns":1.0},{"damage":11.0,"enemies":"Shelled Parasite and Fungi","floor":25.0,"turns":5.0},{"damage":51.0,"enemies":"Slavers","floor":26.0,"turns":4.0},{"damage":55.0,"enemies":"Book of Stabbing","floor":28.0,"turns":5.0},{"damage":0.0,"enemies":"Gremlin Leader","floor":30.0,"turns":4.0},{"damage":25.0,"enemies":"Shelled Parasite and Fungi","floor":31.0,"turns":5.0},{"damage":51.0,"enemies":"Book of Stabbing","floor":32.0,"turns":4.0},{"damage":25.0,"enemies":"Cultist and Chosen","floor":33.0,"turns":5.0},{"damage":55.0,"enemies":"SI_MIRROR_ARCHETYPE","floor":34.0,"turns":8.0},{"damage":0.0,"enemies":"3 Darklings","floor":38.0,"turns":2.0},{"damage":15.0,"enemies":"downfall:FleeingMerchant","floor":39.0,"turns":4.0},{"damage":17.0,"enemies":"infinitespire:Three Voidlings","floor":40.0,"turns":2.0},{"damage":58.0,"enemies":"Nightmare_Alpha","floor":40.0,"turns":6.0},{"damage":0.0,"enemies":"3 Shapes","floor":41.0,"turns":2.0},{"damage":32.0,"enemies":"Nemesis","floor":44.0,"turns":3.0},{"damage":5.0,"enemies":"Sphere and 2 Shapes","floor":45.0,"turns":3.0},{"damage":43.0,"enemies":"Nightmare","floor":47.0,"turns":9.0},{"damage":0.0,"enemies":"downfall:FleeingMerchant","floor":48.0,"turns":4.0},{"damage":12.0,"enemies":"beaked:SuperParasite","floor":49.0,"turns":6.0},{"damage":6.0,"enemies":"Spire Growth","floor":50.0,"turns":4.0},{"damage":0.0,"enemies":"IC_BLOCK_ARCHETYPE","floor":51.0,"turns":7.0},{"damage":0.0,"enemies":"IC_BLOCK_ARCHETYPE","floor":53.0,"turns":3.0},{"damage":3.0,"enemies":"IC_BLOCK_ARCHETYPE","floor":54.0,"turns":2.0},{"damage":0,"enemies":"IC_BLOCK_ARCHETYPE","floor":58,"turns":1}],"seed_played":"-8577393496929179622","potions_obtained":[{"floor":6.0,"key":"potionbrewer:ToxicPotion"},{"floor":9.0,"key":"Reflective Coating"},{"floor":11.0,"key":"blueLaboratory:LouseDecoction"},{"floor":12.0,"key":"Toxic Potion"},{"floor":15.0,"key":"Elixir"}],"is_trial":true,"path_per_floor":["R","M","M","?","?","M","T","$","E","T","E","M","E","M","M","B",null,"R_BF","PTL","?","E","E","M","M","MIM","E","R","E","R","E","M","E","M","B",null,"R_BF","M","M","$","?","M","T","AVR","E","M","?","NM","$","E","M","B",null,"M","M","?","$","R","M"],"character_chosen":"HIEROPHANT","items_purchased":["Midas Touch","Shovel","MerchantsRug","aspiration:Nostalgia","ReplayTheSpireMod:Necrogeddon","hierophant:Mercenaries","hierophant:Remorse","hierophant:Community","Lantern","Centennial Puzzle","Orrery","Membership Card","BargainBundle","infinitespire:Midas Blood","hubris:GlazedTorus","reliquary:HotPoker","Letter Opener","expansioncontent:StudyTheSpire","hierophant:Remorse","hierophant:Kindle","reliquary:SharkskinSheath","hubris:ToyBattleship","Anchor","sagemod:The_Guidebook_Guide","Replay:Baseball","hierophant:Charity","expansioncontent:StudyTheSpire"],"campfire_rested":2,"item_purchase_floors":[8,8,8,39,39,39,39,39,39,39,39,48,48,48,48,48,48,48,48,48,56,56,56,56,56,56,56],"current_hp_per_floor":[175,162,162,162,150,150,150,150,139,139,111,92,58,58,58,15,275,275,275,275,226,168,156,156,145,94,189,134,219,219,194,143,118,63,390,390,157,157,142,79,85,85,85,55,56,56,15,17,7,3,391,491,493,493,493,493,493,494,494],"gold":3666,"neow_bonus":"","is_daily":false,"chose_seed":false,"campfire_upgraded":0,"win_rate":0.0,"timestamp":1613214482,"path_taken":["R","M","M","?","?","M","T","$","?","?","E","M","E","?","M","BOSS","R_BF","PTL","?","?","?","M","M","MIM","?","R","E","R","?","M","E","M","BOSS","R_BF","M","M","$","?","M","T","AVR","E","M","?","NM","?","E","M","BOSS","M","M","?","$","R","M"],"items_purchased_type":["Card","Relic","Relic","Relic","Card","Card","Card","Card","Card","Relic","Relic","Relic","Relic","Relic","Relic","Relic","Relic","Card","Card","Card","Relic","Relic","Relic","Relic","Relic","Card","Card"],"build_version":"2020-12-22","purchased_purges":2,"victory":false,"max_hp_per_floor":[175,175,175,175,175,175,175,175,175,175,175,175,175,175,175,175,275,275,275,275,275,275,275,275,275,275,285,285,285,285,285,285,285,285,390,390,390,390,390,390,390,390,390,390,390,390,390,390,390,390,391,491,493,494,494,494,494,494,494],"card_choices":[{"not_picked":["infinitespire:Collect","infinitespire:Gouge"],"picked":"infinitespire:Fortify","floor":40.0}],"player_experience":585111,"relics_obtained":[{"floor":2.0,"key":"LetterFromLob"},{"floor":9.0,"key":"reliquary:ExpiredCoupon"},{"floor":10.0,"key":"reliquary:SculptingSteel"},{"floor":11.0,"key":"hubris:AstralHammer"},{"floor":13.0,"key":"reliquary:PorcupineQuills"},{"floor":21.0,"key":"Matryoshka"},{"floor":22.0,"key":"Bottled Tornado"},{"floor":25.0,"key":"infinitespire:FocusingShard"},{"floor":25.0,"key":"HollowMod:PaleOreRelic"},{"floor":26.0,"key":"Incense Burner"},{"floor":28.0,"key":"Boot"},{"floor":30.0,"key":"Slimebound:PreparedRelic"},{"floor":32.0,"key":"aspiration:HiddenCompartment"},{"floor":36.0,"key":"Whetstone"},{"floor":40.0,"key":"Girya"},{"floor":42.0,"key":"sneckomod:BlankCard"},{"floor":42.0,"key":"potionbrewer:RamsHorn"},{"floor":44.0,"key":"infinitespire:Golems Mask"},{"floor":47.0,"key":"Ginger"},{"floor":49.0,"key":"Turnip"},{"floor":54.0,"key":"paleoftheancients:SoulOfTheGuardian"},{"floor":57.0,"key":"ReplayFunnel"}],"event_choices":[{"damage_healed":0.0,"max_hp_gain":0.0,"max_hp_loss":0.0,"gold_gain":1.0,"event_name":"betterThird:BetterScrap","player_choice":"Relic ","floor":5.0,"gold_loss":0.0,"damage_taken":12.0,"cards_obtained":["Battle Trance"]},{"damage_healed":0.0,"max_hp_gain":0.0,"max_hp_loss":0.0,"gold_gain":0.0,"event_name":"betterNote:BetterNote","player_choice":"Ignored","floor":20.0,"gold_loss":0.0,"damage_taken":0.0,"cards_obtained":["JA"]}],"is_beta":false,"boss_relics":[{"not_picked":["aspiration:SecretTechniqueScroll","SacredBark"],"picked":"Sozu"},{"not_picked":["reliquary:Craggleroot","reliquary:KinkedSpring"],"picked":"Tiny House"},{"not_picked":["Replay:Ancient Bell","Empty Cage"],"picked":"ChewingGum"}],"items_purged_floors":[8,43],"is_endless":true,"potions_floor_spawned":[6,9,11,12,15,22,26,30,31,33,34,40,41,45,49,50],"killed_by":"IC_BLOCK_ARCHETYPE","ascension_level":0}}