{"host":"rb2p2z6v6vieend5","time":1613180402,"event":{"mods":["BaseMod","Block Reminder","Colored Map","DeckTracker","Highlight Path","Minty Spire (QoL Compilation)","Random Character Button","Relic Stats"],"gold_per_floor":[117,292,292,140,153,153,186,210,235,262,281,325,325,349,361,456,468,500,527,556,568,568],"floor_reached":21,"language":"ENG","playtime":877,"items_purged":[],"score":325,"play_id":"3fb0b2a2-8a78-446b-9885-5198fadabddf","local_time":"20210213024002","is_ascension_mode":true,"campfire_choices":[{"data":"Dagger Spray","floor":6,"key":"SMITH"},{"floor":13,"key":"REST"},{"floor":15,"key":"REST"}],"circlet_count":0,"master_deck":["AscendersBane","Strike_G","Strike_G","Strike_G","Strike_G","Strike_G","Defend_G","Defend_G","Defend_G","Defend_G","Defend_G","Survivor","Neutralize","CurseOfTheBell","Blur","Doubt","Backstab","After Image","Dagger Spray+1","Bouncing Flask","Dash","All Out Attack","Caltrops","Backstab","Die Die Die","Noxious Fumes"],"relics":["Calling Bell","Akabeko","Pear","Tough Bandages","Tiny Chest","Orrery","Oddly Smooth Stone","CeramicFish","Anchor","Art of War","Nunchaku","MawBank","Philosopher\u0027s Stone"],"acts_visited":["Exordium","TheCity"],"potions_floor_usage":[16],"damage_taken":[{"damage":0,"enemies":"Cultist","floor":1,"turns":5},{"damage":2,"enemies":"Jaw Worm","floor":5,"turns":3},{"damage":18,"enemies":"Gremlin Nob","floor":7,"turns":4},{"damage":9,"enemies":"3 Sentries","floor":10,"turns":6},{"damage":0,"enemies":"Small Slimes","floor":11,"turns":1},{"damage":29,"enemies":"Gremlin Nob","floor":12,"turns":5},{"damage":24,"enemies":"The Guardian","floor":16,"turns":10},{"damage":7,"enemies":"Shell Parasite","floor":18,"turns":4},{"damage":12,"enemies":"2 Thieves","floor":19,"turns":3},{"damage":43,"enemies":"Chosen and Byrds","floor":20,"turns":6},{"damage":5,"enemies":"Snake Plant","floor":21,"turns":1}],"seed_played":"458581886270105607","potions_obtained":[{"floor":5,"key":"SkillPotion"},{"floor":7,"key":"DuplicationPotion"},{"floor":11,"key":"Energy Potion"},{"floor":19,"key":"SpeedPotion"}],"is_trial":false,"path_per_floor":["M","?","?","$","M","R","E","T","T","E","M","E","R","T","R","B",null,"M","M","M","M"],"character_chosen":"THE_SILENT","items_purchased":["Orrery"],"campfire_rested":2,"item_purchase_floors":[4],"current_hp_per_floor":[73,73,61,61,59,59,41,41,41,32,32,3,27,27,51,27,67,60,48,5,0,0],"gold":568,"neow_bonus":"BOSS_RELIC","is_daily":false,"chose_seed":false,"campfire_upgraded":1,"win_rate":0.0,"timestamp":1613180402,"path_taken":["M","?","?","?","M","R","E","?","T","E","?","E","R","?","R","BOSS","M","M","?","M"],"items_purchased_type":["Relic"],"build_version":"2020-12-22","purchased_purges":0,"victory":false,"max_hp_per_floor":[80,80,80,80,80,80,80,80,80,80,80,80,80,80,80,80,80,80,80,80,80,80],"relic_stats":{"Tough Bandages":[36],"Nunchaku":[4],"counters":[11,48],"CeramicFish":36,"Tiny Chest":1,"Art of War":[3],"MawBank":84,"obtain_stats":[{"Pear":0,"CeramicFish":8,"Oddly Smooth Stone":7,"MawBank":14,"Akabeko":0,"Calling Bell":0,"Tough Bandages":0,"Anchor":9,"Nunchaku":12,"Orrery":4,"Tiny Chest":3,"Philosopher\u0027s Stone":17,"Art of War":10,"Ring of the Snake":0},{"Pear":0,"CeramicFish":3,"Oddly Smooth Stone":3,"MawBank":6,"Akabeko":0,"Calling Bell":0,"Tough Bandages":0,"Anchor":3,"Nunchaku":6,"Orrery":1,"Tiny Chest":1,"Philosopher\u0027s Stone":7,"Art of War":4,"Ring of the Snake":0},{"Pear":0,"CeramicFish":12,"Oddly Smooth Stone":12,"MawBank":24,"Akabeko":0,"Calling Bell":0,"Tough Bandages":0,"Anchor":12,"Nunchaku":24,"Orrery":5,"Tiny Chest":5,"Philosopher\u0027s Stone":34,"Art of War":18,"Ring of the Snake":0}]},"card_choices":[{"not_picked":["Underhanded Strike","Acrobatics"],"picked":"Blur","floor":1},{"not_picked":["Outmaneuver","Prepared"],"picked":"Backstab","floor":4},{"not_picked":["Backflip","Catalyst"],"picked":"After Image","floor":4},{"not_picked":["Infinite Blades","Escape Plan"],"picked":"Dagger Spray","floor":4},{"not_picked":["Crippling Poison","Bane"],"picked":"Bouncing Flask","floor":4},{"not_picked":["All Out Attack","Escape Plan"],"picked":"Dash","floor":4},{"not_picked":["Cloak And Dagger","Quick Slash","Sucker Punch"],"picked":"SKIP","floor":5},{"not_picked":["Acrobatics","Cloak And Dagger"],"picked":"All Out Attack","floor":7},{"not_picked":["Flechettes","Dagger Throw","Endless Agony"],"picked":"SKIP","floor":10},{"not_picked":["Deflect","Skewer"],"picked":"Caltrops","floor":11},{"not_picked":["Slice","Deflect"],"picked":"Backstab","floor":12},{"not_picked":["A Thousand Cuts","Venomology"],"picked":"Die Die Die","floor":16},{"not_picked":["Predator","Infinite Blades+1"],"picked":"Noxious Fumes","floor":18},{"not_picked":["Dagger Throw","PiercingWail","Dagger Spray"],"picked":"SKIP","floor":19},{"not_picked":["Prepared","Cloak And Dagger","Outmaneuver+1"],"picked":"SKIP","floor":20}],"player_experience":728331,"relics_obtained":[{"floor":0,"key":"Akabeko"},{"floor":0,"key":"Pear"},{"floor":0,"key":"Tough Bandages"},{"floor":7,"key":"Oddly Smooth Stone"},{"floor":8,"key":"CeramicFish"},{"floor":9,"key":"Anchor"},{"floor":10,"key":"Art of War"},{"floor":12,"key":"Nunchaku"},{"floor":14,"key":"MawBank"}],"event_choices":[{"damage_healed":0,"gold_gain":175,"player_choice":"AGREE","damage_taken":0,"max_hp_gain":0,"max_hp_loss":0,"event_name":"Liars Game","floor":2,"gold_loss":0,"cards_obtained":["Doubt"]},{"damage_healed":0,"gold_gain":0,"player_choice":"Success","damage_taken":12,"relics_obtained":["Tiny Chest"],"max_hp_gain":0,"max_hp_loss":0,"event_name":"Scrap Ooze","floor":3,"gold_loss":0}],"is_beta":false,"boss_relics":[{"not_picked":["SacredBark","Empty Cage"],"picked":"Philosopher\u0027s Stone"}],"items_purged_floors":[],"is_endless":false,"potions_floor_spawned":[5,7,11,19],"killed_by":"Snake Plant","ascension_level":13}}