{"host":"djoj10dqzzvtkauc","time":1613223095,"event":{"mods":["2.2 Compatiblity","BaseMod","Colored Map","DeckTracker","Highlight Path","Keyboard Shortcuts","Marisa£¨Ùöéë¡¡Øª×âÞÞ£©","Minty Spire (QoL Compilation)","Permanent Neow","Quick Restart","Random Character Button","StSLib","SuperFastMode","everything is the same but u backflip on backflip"],"gold_per_floor":[110,121,137,155,155,174,174,193,218,74,105,105,105,117,117,194,194,205,221,0,12,12,12,32,32,32,49,67,67,78,98,98,98,98],"floor_reached":33,"language":"KOR","playtime":819,"items_purged":[],"score":459,"play_id":"d1eba85c-7742-4430-ae18-b021d303a3ef","local_time":"20210213223135","is_ascension_mode":true,"campfire_choices":[{"data":"Sucker Punch","floor":7.0,"key":"SMITH"},{"data":"Glass Knife","floor":13.0,"key":"SMITH"},{"data":"Cloak And Dagger","floor":15.0,"key":"SMITH"},{"data":"Cloak And Dagger","floor":23.0,"key":"SMITH"},{"data":"Cloak And Dagger","floor":25.0,"key":"SMITH"},{"data":"Footwork","floor":29.0,"key":"SMITH"},{"floor":32.0,"key":"REST"}],"circlet_count":0,"master_deck":["AscendersBane","Strike_G","Strike_G","Strike_G","Strike_G","Defend_G","Defend_G","Defend_G","Defend_G","Defend_G","Survivor","Neutralize","Dagger Spray","Cloak And Dagger+1","Sucker Punch+1","Deflect","Heel Hook","Glass Knife+1","Infinite Blades","Cloak And Dagger+1","Poisoned Stab","Backflip","Unload","Blade Dance+1","Cloak And Dagger+1","Footwork+1","Acrobatics","Terror","PiercingWail+1","Accuracy"],"relics":["Ring of the Snake","Nunchaku","Bag of Marbles","Ninja Scroll","WristBlade","Membership Card","Singing Bowl"],"acts_visited":["Exordium","TheCity"],"potions_floor_usage":[33],"damage_taken":[{"damage":2.0,"enemies":"Small Slimes","floor":1.0,"turns":4.0},{"damage":5.0,"enemies":"Cultist","floor":2.0,"turns":5.0},{"damage":8.0,"enemies":"Jaw Worm","floor":3.0,"turns":4.0},{"damage":0.0,"enemies":"Exordium Wildlife","floor":4.0,"turns":2.0},{"damage":0.0,"enemies":"2 Fungi Beasts","floor":6.0,"turns":2.0},{"damage":6.0,"enemies":"Blue Slaver","floor":8.0,"turns":4.0},{"damage":5.0,"enemies":"Lagavulin","floor":11.0,"turns":4.0},{"damage":0.0,"enemies":"3 Louse","floor":14.0,"turns":2.0},{"damage":30.0,"enemies":"Hexaghost","floor":16.0,"turns":11.0},{"damage":0.0,"enemies":"Shell Parasite","floor":18.0,"turns":2.0},{"damage":2.0,"enemies":"Spheric Guardian","floor":19.0,"turns":3.0},{"damage":6.0,"enemies":"Centurion and Healer","floor":21.0,"turns":2.0},{"damage":10.0,"enemies":"Snake Plant","floor":24.0,"turns":3.0},{"damage":0.0,"enemies":"Snecko","floor":27.0,"turns":2.0},{"damage":4.0,"enemies":"Shelled Parasite and Fungi","floor":28.0,"turns":4.0},{"damage":5.0,"enemies":"Snake Plant","floor":30.0,"turns":2.0},{"damage":5.0,"enemies":"Cultist and Chosen","floor":31.0,"turns":4.0},{"damage":58,"enemies":"Automaton","floor":33,"turns":6}],"seed_played":"5288277637141245068","potions_obtained":[{"floor":2.0,"key":"Swift Potion"},{"floor":4.0,"key":"AttackPotion"},{"floor":8.0,"key":"AttackPotion"},{"floor":14.0,"key":"CunningPotion"},{"floor":18.0,"key":"AttackPotion"},{"floor":21.0,"key":"Weak Potion"},{"floor":24.0,"key":"SteroidPotion"},{"floor":28.0,"key":"Ancient Potion"},{"floor":31.0,"key":"Poison Potion"}],"is_trial":false,"path_per_floor":["M","M","M","M","?","M","R","M","T","$","E","?","R","M","R","B",null,"M","M","$","M","$","R","M","R","T","M","M","R","M","M","R","B"],"character_chosen":"THE_SILENT","items_purchased":["Infinite Blades","Cloak And Dagger","Membership Card","Footwork","Acrobatics"],"campfire_rested":1,"item_purchase_floors":[10,10,20,20,20],"current_hp_per_floor":[57,52,44,44,44,44,44,38,38,38,33,33,33,33,33,3,50,50,48,48,42,42,42,32,32,32,32,30,30,27,24,45,0,0],"gold":98,"neow_bonus":"RANDOM_COMMON_RELIC","is_daily":false,"chose_seed":false,"campfire_upgraded":6,"win_rate":0.0,"timestamp":1613223095,"path_taken":["M","M","M","M","?","M","R","M","T","$","E","?","R","M","R","BOSS","M","M","$","M","$","R","M","R","T","M","M","R","M","M","R","BOSS"],"items_purchased_type":["Card","Card","Relic","Card","Card"],"build_version":"2020-12-22","purchased_purges":0,"victory":false,"max_hp_per_floor":[66,66,66,66,66,66,66,66,66,66,66,66,66,66,66,66,66,66,66,66,66,66,66,66,66,66,66,68,68,70,72,72,72,72],"card_choices":[{"not_picked":["Caltrops","Blade Dance"],"picked":"Dagger Spray","floor":1.0},{"not_picked":["Blur","Dagger Throw"],"picked":"Cloak And Dagger","floor":2.0},{"not_picked":["Distraction","Skewer"],"picked":"Sucker Punch","floor":3.0},{"not_picked":["Riddle With Holes","Bane"],"picked":"Deflect","floor":4.0},{"not_picked":["Tactician","Backstab"],"picked":"Heel Hook","floor":6.0},{"not_picked":["Cloak And Dagger","Catalyst"],"picked":"Glass Knife","floor":8.0},{"not_picked":["Slice","Sucker Punch"],"picked":"Poisoned Stab","floor":11.0},{"not_picked":["Underhanded Strike","Prepared"],"picked":"Backflip","floor":14.0},{"not_picked":["Grand Finale","Tools of the Trade"],"picked":"Unload","floor":16.0},{"not_picked":["Bane","Deadly Poison"],"picked":"Blade Dance+1","floor":18.0},{"not_picked":["Outmaneuver","Caltrops"],"picked":"Cloak And Dagger","floor":19.0},{"not_picked":["Backflip","Underhanded Strike"],"picked":"Terror","floor":21.0},{"not_picked":["Catalyst","Outmaneuver"],"picked":"PiercingWail+1","floor":24.0},{"not_picked":["Noxious Fumes","Phantasmal Killer"],"picked":"Accuracy","floor":27.0},{"not_picked":["Concentrate","Bane","Acrobatics"],"picked":"Singing Bowl","floor":28.0},{"not_picked":["Reflex","Noxious Fumes","Skewer"],"picked":"Singing Bowl","floor":30.0},{"not_picked":["Dodge and Roll","Cloak And Dagger","Dagger Throw+1"],"picked":"Singing Bowl","floor":31.0}],"player_experience":241456,"relics_obtained":[{"floor":9.0,"key":"Bag of Marbles"},{"floor":11.0,"key":"Ninja Scroll"},{"floor":26.0,"key":"Singing Bowl"}],"event_choices":[{"damage_healed":0.0,"max_hp_gain":0.0,"max_hp_loss":0.0,"gold_gain":0.0,"event_name":"Liars Game","player_choice":"Ignored","floor":5.0,"gold_loss":0.0,"damage_taken":0.0},{"cards_removed":["Strike_G"],"damage_healed":0.0,"max_hp_gain":0.0,"max_hp_loss":0.0,"gold_gain":0.0,"event_name":"Bonfire Elementals","player_choice":"Offered Basic","floor":12.0,"gold_loss":0.0,"damage_taken":0.0}],"is_beta":false,"boss_relics":[{"not_picked":["Black Star","Busted Crown"],"picked":"WristBlade"}],"items_purged_floors":[],"is_endless":false,"potions_floor_spawned":[2,4,8,14,18,21,24,28,31],"killed_by":"Automaton","ascension_level":16}}