{"host":"uyrebrj0204enqpc","time":1613180241,"event":{"mods":["Act Like it!","Bard","BaseMod","Block Reminder","Challenge The Spire","Colored Map","Colored Powertips","DeckTracker","Downfall","GifTheSpireLib","HexUI Lib","Highlight Path","Hubris","Minty Spire (QoL Compilation)","Pale of the Ancients","Quick Restart","Random Character Button","Relic Sorter","Relic Stats","Shop Mod","StSLib","The Blue Laboratory","The Bug Knight","The Cursed","The Jungle","The Marked","Wandering Minibosses"],"gold_per_floor":[114,114,39,51,63,63,76,108,108,143,143,143,155,174,174,275,275,293,218,238,238,238,238,294,328,328,328,359,359,370,210,210,210,210],"floor_reached":33,"language":"ENG","playtime":1856,"items_purged":["hubris:Sloth","theMarked:Strike"],"score":453,"play_id":"2bbe1e08-08ad-4ab9-a328-9aae21544e55","local_time":"20210212203721","is_ascension_mode":true,"campfire_choices":[{"data":"theMarked:ParalyzingBlade","floor":6.0,"key":"SMITH"},{"floor":12.0,"key":"REST"},{"floor":15.0,"key":"REST"},{"data":"theMarked:SoldierOfQuellstein","floor":23.0,"key":"SMITH"},{"floor":27.0,"key":"REST"},{"floor":29,"key":"REST"},{"floor":32,"key":"REST"}],"circlet_count":0,"master_deck":["theMarked:Defend","theMarked:Defend","theMarked:SoldierOfQuellstein+1","theMarked:ParalyzingBlade+1","theMarked:BanishingStrike","theMarked:EmpowerWeapon+1","theMarked:EmpowerWeapon+1","theMarked:TwofoldDefense+1","theMarked:UnarmedFury","theMarked:BanishingStrike","hubris:DuctTapeCard","theMarked:EmpowerWeapon+1"],"relics":["theMarked:BronzeBlade","HollowMod:StagPassRelic","Toxic Egg 2","Nunchaku","Membership Card","MerchantsRug"],"acts_visited":["Exordium","TheCity"],"potions_floor_usage":[28,33,33],"damage_taken":[{"damage":9.0,"enemies":"Small Slimes","floor":1.0,"turns":5.0},{"damage":0.0,"enemies":"Cultist","floor":4.0,"turns":4.0},{"damage":0.0,"enemies":"2 Louse","floor":5.0,"turns":3.0},{"damage":0.0,"enemies":"Looter","floor":7.0,"turns":4.0},{"damage":19.0,"enemies":"HollowMod:MossKnight","floor":8.0,"turns":14.0},{"damage":34.0,"enemies":"3 Sentries","floor":10.0,"turns":9.0},{"damage":11.0,"enemies":"3 Louse","floor":13.0,"turns":4.0},{"damage":10.0,"enemies":"2 Fungi Beasts","floor":14.0,"turns":4.0},{"damage":51.0,"enemies":"Hexaghost","floor":16.0,"turns":12.0},{"damage":1.0,"enemies":"Spheric Guardian","floor":18.0,"turns":3.0},{"damage":7.0,"enemies":"Chosen","floor":20.0,"turns":4.0},{"damage":0.0,"enemies":"Snecko","floor":24.0,"turns":6.0},{"damage":33.0,"enemies":"Book of Stabbing","floor":25.0,"turns":6.0},{"damage":36,"enemies":"Slavers","floor":28,"turns":6},{"damage":21,"enemies":"Sentry and Sphere","floor":30,"turns":4},{"damage":55,"enemies":"Champ","floor":33,"turns":7}],"seed_played":"-5633581366387337601","potions_obtained":[{"floor":5.0,"key":"hexamod:SoulburnPotion"},{"floor":7.0,"key":"blueLaboratory:FruitPunch"},{"floor":13.0,"key":"champ:CounterPotion"},{"floor":18.0,"key":"BlessingOfTheForge"},{"floor":20.0,"key":"blueLaboratory:AbyssPotion"},{"floor":28,"key":"Block Potion"}],"is_trial":false,"path_per_floor":["M","?","$","M","M","R","M","E","T","E","?","R","M","M","R","B",null,"M","?","M","?","?","R","M","E","T","R","E","R","M","$","R","B"],"character_chosen":"THE_DEFAULT","items_purchased":["Membership Card","MerchantsRug","theMarked:EmpowerWeapon+1"],"campfire_rested":5,"item_purchase_floors":[31,31,31],"current_hp_per_floor":[68,68,68,68,68,68,68,49,49,17,17,42,31,21,46,43,75,74,74,67,67,50,50,50,17,17,44,8,35,14,14,41,0,0],"gold":210,"neow_bonus":"TWENTY_PERCENT_HP_BONUS","is_daily":false,"chose_seed":false,"campfire_upgraded":2,"win_rate":0.0,"timestamp":1613180241,"path_taken":["M","?","$","M","?","R","M","E","T","E","?","R","M","M","R","BOSS","M","?","M","?","?","R","M","E","T","R","E","R","M","?","R","BOSS"],"items_purchased_type":["Relic","Relic","Card"],"build_version":"2020-12-22","purchased_purges":2,"victory":false,"max_hp_per_floor":[84,84,84,84,84,84,84,84,84,86,86,86,86,86,86,86,86,86,86,86,86,91,91,91,91,91,91,91,91,91,91,91,91,91],"relic_stats":{"Nunchaku":[1],"counters":[16,95],"obtain_stats":[{"theMarked:ArtifactOfAir":0,"MerchantsRug":31,"Lizard Tail":9,"Nunchaku":28,"hubris:DuctTape":25,"theMarked:BronzeBlade":17,"Membership Card":31,"Toxic Egg 2":10,"HollowMod:StagPassRelic":8},{"theMarked:ArtifactOfAir":0,"MerchantsRug":15,"Lizard Tail":5,"Nunchaku":14,"hubris:DuctTape":13,"theMarked:BronzeBlade":9,"Membership Card":15,"Toxic Egg 2":6,"HollowMod:StagPassRelic":5},{"theMarked:ArtifactOfAir":0,"MerchantsRug":88,"Lizard Tail":30,"Nunchaku":84,"hubris:DuctTape":78,"theMarked:BronzeBlade":59,"Membership Card":88,"Toxic Egg 2":39,"HollowMod:StagPassRelic":30}]},"card_choices":[{"not_picked":["theMarked:ResourceFulStrike","theMarked:TwofoldDefense"],"picked":"theMarked:ParalyzingBlade","floor":1.0},{"not_picked":["theMarked:Memento","theMarked:WardOff","theMarked:MuscleMemory"],"picked":"SKIP","floor":4.0},{"not_picked":["theMarked:SwordAndMagic","theMarked:WastefulAttack","theMarked:ContemptForTheProud"],"picked":"SKIP","floor":5.0},{"not_picked":["theMarked:StartUp","theMarked:CreepingChasm"],"picked":"theMarked:EmpowerWeapon","floor":7.0},{"not_picked":["theMarked:DispelDoubt","theMarked:TakeCover","theMarked:SelfDefenseTraining"],"picked":"SKIP","floor":8.0},{"not_picked":["theMarked:Vacuum","theMarked:ChainLightning","theMarked:TakeCover+1"],"picked":"SKIP","floor":10.0},{"not_picked":["theMarked:TwofoldDefense+1","theMarked:Aftermath+1"],"picked":"theMarked:EmpowerWeapon+1","floor":13.0},{"not_picked":["theMarked:ChainLightning","theMarked:PowerFlow+1","theMarked:ComboAttacks"],"picked":"SKIP","floor":14.0},{"not_picked":["theMarked:Parkour","theMarked:BanishingStrike"],"picked":"theMarked:TwofoldDefense+1","floor":18.0},{"not_picked":["theMarked:StartUp","theMarked:LightningStrikesTwice","theMarked:Electrify+1"],"picked":"SKIP","floor":20.0},{"not_picked":["theMarked:EnhanceMovement+1","theMarked:ComboAttacks","theMarked:ElectricStrings"],"picked":"SKIP","floor":24.0},{"not_picked":["theMarked:RepellingDischarge+1","theMarked:ElectricStrings","theMarked:Overcharge+1"],"picked":"SKIP","floor":25.0},{"not_picked":["theMarked:ResourceFulStrike","theMarked:SwordAndMagic+1","theMarked:Snap"],"picked":"SKIP","floor":28},{"not_picked":["theMarked:Overthink+1","theMarked:RepellingDischarge+1","theMarked:ElectricStrings"],"picked":"SKIP","floor":30}],"player_experience":1124026,"relics_obtained":[{"floor":8.0,"key":"HollowMod:StagPassRelic"},{"floor":9.0,"key":"Lizard Tail"},{"floor":10.0,"key":"Toxic Egg 2"},{"floor":25.0,"key":"hubris:DuctTape"},{"floor":28,"key":"Nunchaku"}],"event_choices":[{"damage_healed":0.0,"max_hp_gain":0.0,"max_hp_loss":0.0,"gold_gain":0.0,"cards_transformed":["theMarked:Defend"],"event_name":"Transmorgrifier","player_choice":"Transformed","floor":2.0,"gold_loss":0.0,"damage_taken":0.0,"cards_obtained":["theMarked:BanishingStrike"]},{"damage_healed":0.0,"max_hp_gain":0.0,"max_hp_loss":0.0,"gold_gain":0.0,"event_name":"Living Wall","player_choice":"Grow","floor":11.0,"gold_loss":0.0,"damage_taken":0.0,"cards_upgraded":["theMarked:EmpowerWeapon"]},{"cards_removed":["theMarked:Strike"],"damage_healed":0.0,"max_hp_gain":0.0,"max_hp_loss":0.0,"gold_gain":0.0,"event_name":"Beggar","player_choice":"Gave Gold","floor":19.0,"gold_loss":75.0,"damage_taken":0.0},{"damage_healed":0.0,"max_hp_gain":0.0,"max_hp_loss":0.0,"gold_gain":0.0,"cards_transformed":["theMarked:Strike","theMarked:Strike"],"event_name":"Drug Dealer","player_choice":"Became Test Subject","floor":21.0,"gold_loss":0.0,"damage_taken":0.0,"cards_obtained":["theMarked:UnarmedFury","theMarked:BanishingStrike"]},{"damage_healed":0.0,"max_hp_gain":5.0,"max_hp_loss":0.0,"gold_gain":0.0,"event_name":"Forgotten Altar","player_choice":"Shed Blood","floor":22.0,"gold_loss":0.0,"damage_taken":22.0}],"is_beta":false,"boss_relics":[{"not_picked":["Fusion Hammer","Coffee Dripper"],"picked":"theMarked:BronzeBlade"}],"items_purged_floors":[3,31],"is_endless":false,"potions_floor_spawned":[5,7,13,18,20,28],"killed_by":"Champ","ascension_level":9}}