{"host":"0m9qzqwuh9r40nrk","time":1613202042,"event":{"mods":["BaseMod","Conspire","Downfall","Hermit","Hubris","Infinite Spire","Jorbs\u0027s Wanderer Trilogy","Minty Spire (QoL Compilation)","Quick Restart","Replay The Spire","Shop Mod","StSLib","The Animator","The Construct","The Cursed","The Disciple","The Hierophant","The Necromancer","The Runesmith","everything is the same but u backflip on backflip"],"gold_per_floor":[119,139,155,173,188,188,218,218,243,271,271,289,316,327,327,431,431,446,458,458,476,492,492,524,524,524,559,559,484,149,183,183,284,284,302,302,313,332,350,377,397,397,397,430,443,472,52,103,103,103,103,103,2,35,35],"floor_reached":56,"language":"ENG","playtime":8372,"items_purged":["Replay:Hysterical Blindness"],"score":1833,"play_id":"5f9f7ab0-3bae-4f6e-80be-541798a0bb1a","local_time":"20210212234042","daily_mods":["SealedDeck","downfall:Jewelcrafting","Elite Swarm"],"is_ascension_mode":true,"campfire_choices":[{"data":"hubris:InfiniteBlow+9","floor":23.0,"key":"SMITH"},{"data":"hubris:InfiniteBlow+10","floor":25.0,"key":"SMITH"},{"floor":32.0,"key":"RECALL"},{"data":"hubris:InfiniteBlow+22","floor":42.0,"key":"SMITH"},{"floor":49,"key":"REST"},{"data":"Guardian:ShieldSpikes","floor":52,"key":"SMITH"}],"circlet_count":0,"master_deck":["Guardian:ExploitGems","Guardian:ExploitGems","Guardian:ChargeUp","Guardian:Planning","Guardian:WalkerClaw","Guardian:ShieldSpikes+1","Guardian:PiercingHide","Guardian:PrimingBeam","Guardian:Reroute","Guardian:CrystalBeam","Guardian:BronzeOrb+1","Guardian:Incinerate","Guardian:ShieldCharger","Guardian:TimeCapacitor","Guardian:StasisStrike+1","Guardian:BaubleBeam+1","Guardian:RollAttack","Guardian:BaubleBeam+1","Guardian:Recover","hubris:InfiniteBlow+46","Guardian:RevengeProtocol+1","Guardian:FastForward+1","Guardian:FierceBash+1","ReplayTheSpireMod:Book of Names","hubris:Fate","Guardian:SphericShield+1","Guardian:StasisField+1","Thinking Ahead+1","Guardian:CompilePackage+1"],"relics":["Guardian:ModeShifter","Guardian:PickAxe","Golden Egg","Replay:Multitool","Gambling Chip","Cursed Key","conspire:Boomerang","Replay:Bottled Steam","Letter Opener","conspire:Flyswatter","Kunai","Replay:Grab Bag","Runesmith:UraniumAnvil","ReplayTheSpireMod:DimensionalGlitch","hubris:HollowSoul","Molten Egg 2","Girya","infinitespire:ShieldingShard","Gremlin Food","ReplayFunnel","Counterbalance","Runesmith:AutoHammer"],"acts_visited":["Exordium","TheCity","TheBeyond","TheEnding"],"potions_floor_usage":[54,55],"damage_taken":[{"damage":0.0,"enemies":"Jaw Worm","floor":1.0,"turns":3.0},{"damage":2.0,"enemies":"2 Louse","floor":2.0,"turns":2.0},{"damage":0.0,"enemies":"Cultist","floor":3.0,"turns":2.0},{"damage":0.0,"enemies":"Blue Slaver","floor":4.0,"turns":3.0},{"damage":0.0,"enemies":"2 Fungi Beasts","floor":5.0,"turns":3.0},{"damage":15.0,"enemies":"3 Sentries","floor":7.0,"turns":6.0},{"damage":8.0,"enemies":"Gremlin Nob","floor":10.0,"turns":3.0},{"damage":1.0,"enemies":"3 Louse","floor":12.0,"turns":2.0},{"damage":0.0,"enemies":"3 Sentries","floor":13.0,"turns":5.0},{"damage":0.0,"enemies":"Large Slime","floor":14.0,"turns":2.0},{"damage":0.0,"enemies":"Hexaghost","floor":16.0,"turns":5.0},{"damage":0.0,"enemies":"Shell Parasite","floor":18.0,"turns":1.0},{"damage":0.0,"enemies":"Spheric Guardian","floor":19.0,"turns":1.0},{"damage":0.0,"enemies":"Snake Plant","floor":21.0,"turns":3.0},{"damage":0.0,"enemies":"conspire:HollyBat","floor":22.0,"turns":4.0},{"damage":0.0,"enemies":"conspire:SneckoGhost","floor":24.0,"turns":2.0},{"damage":1.0,"enemies":"conspire:Head Lice","floor":27.0,"turns":3.0},{"damage":1.0,"enemies":"Book of Stabbing","floor":31.0,"turns":4.0},{"damage":7.0,"enemies":"Collector","floor":33.0,"turns":4.0},{"damage":18.0,"enemies":"3 Darklings","floor":35.0,"turns":3.0},{"damage":0.0,"enemies":"3 Shapes","floor":37.0,"turns":2.0},{"damage":0.0,"enemies":"Jaw Worm Horde","floor":38.0,"turns":2.0},{"damage":27.0,"enemies":"4 Shapes","floor":39.0,"turns":3.0},{"damage":9.0,"enemies":"Nemesis","floor":40.0,"turns":3.0},{"damage":6.0,"enemies":"Transient","floor":41.0,"turns":5.0},{"damage":0.0,"enemies":"R_Hoarder","floor":44.0,"turns":4.0},{"damage":0.0,"enemies":"3 Darklings","floor":45.0,"turns":2.0},{"damage":4.0,"enemies":"Reptomancer","floor":46.0,"turns":3.0},{"damage":0.0,"enemies":"2 Orb Walkers","floor":48.0,"turns":3.0},{"damage":0,"enemies":"conspire:OrnateMirror","floor":50,"turns":1},{"damage":0,"enemies":"Shield and Spear","floor":54,"turns":2},{"damage":0,"enemies":"The Heart","floor":55,"turns":3}],"seed_played":"2589168264060221762","potions_obtained":[{"floor":3.0,"key":"Guardian:DefensiveModePotion"},{"floor":5.0,"key":"FearPotion"},{"floor":12.0,"key":"LiquidBronze"},{"floor":13.0,"key":"Dexterity Potion"},{"floor":16.0,"key":"LiquidMemories"},{"floor":21.0,"key":"champ:CounterPotion"},{"floor":24.0,"key":"SteroidPotion"},{"floor":27.0,"key":"Guardian:DefensiveModePotion"},{"floor":33.0,"key":"Cursed Concoction"},{"floor":35.0,"key":"LifebloodPotion"},{"floor":38.0,"key":"AttackPotion"},{"floor":40.0,"key":"construct:ShiftPotion"},{"floor":44.0,"key":"Weak Potion"},{"floor":45.0,"key":"SpeedPotion"},{"floor":48.0,"key":"BlessingOfTheForge"}],"is_trial":true,"path_per_floor":["M","M","M","M","M","R","E","R","T","E","R","M","E","M","R","B",null,"M","M","?","M","M","R","E","R","T","E","AVR","?","$","E","R","B",null,"M","AVR","M","M","M","E","M","R","T","E","M","E","$","?","R","B",null,"R","$","E","B",null],"character_chosen":"GUARDIAN","items_purchased":["Guardian:Gem_Crimson","conspire:Flyswatter","Thinking Ahead","ReplayFunnel","Adrenaline Potion","SteroidPotion"],"campfire_rested":1,"item_purchase_floors":[30,30,47,47,53,53],"current_hp_per_floor":[80,78,78,78,78,78,63,63,63,55,55,54,54,54,33,33,80,80,80,80,80,80,80,80,80,80,79,79,79,79,78,78,71,80,62,62,62,62,35,26,20,20,20,20,20,16,16,16,40,40,80,80,80,80,80],"gold":35,"neow_bonus":"","is_daily":false,"chose_seed":false,"campfire_upgraded":4,"win_rate":0.0,"timestamp":1613202042,"path_taken":["M","M","M","M","M","R","E","R","T","E","R","M","E","M","R","BOSS","M","M","?","M","M","R","E","R","T","E","AVR","?","$","E","R","BOSS","M","AVR","M","M","M","E","M","R","T","E","M","E","$","?","R","BOSS","R","$","E","BOSS"],"items_purchased_type":["Card","Relic","Card","Relic","Potion","Potion"],"build_version":"2020-12-22","purchased_purges":1,"victory":true,"max_hp_per_floor":[80,80,80,80,80,80,80,80,80,80,80,80,80,80,80,80,80,80,80,80,80,80,80,80,80,80,80,80,80,80,80,80,80,80,80,80,80,80,80,80,80,80,80,80,80,80,80,80,80,80,80,80,80,80,80],"card_choices":[{"not_picked":["Guardian:ChargeCore","Guardian:RollAttack"],"picked":"Guardian:Incinerate","floor":1.0},{"not_picked":["Guardian:DecasProtection","Guardian:PrimingBeam"],"picked":"Guardian:TemporalShield","floor":2.0},{"not_picked":["Guardian:WalkerClaw","Guardian:DecasProtection","Guardian:ChargeCore"],"picked":"SKIP","floor":3.0},{"not_picked":["Guardian:TemporalShield","Guardian:BodySlam"],"picked":"Guardian:ShieldCharger","floor":4.0},{"not_picked":["Guardian:TemporalShield","Guardian:RollAttack"],"picked":"Guardian:TimeCapacitor","floor":5.0},{"not_picked":["Guardian:RevengeProtocol","Guardian:GatlingBeam"],"picked":"Guardian:StasisStrike","floor":7.0},{"not_picked":["Guardian:StasisField","Guardian:Gem_Synthetic"],"picked":"Guardian:BaubleBeam","floor":10.0},{"not_picked":["Guardian:Planning","Guardian:WalkerClaw"],"picked":"Guardian:RollAttack","floor":12.0},{"not_picked":["Guardian:CompilePackage","Guardian:ExploitGems"],"picked":"Guardian:BaubleBeam","floor":13.0},{"not_picked":["Guardian:Harden","Guardian:Preprogram"],"picked":"Guardian:Recover","floor":14.0},{"not_picked":["infinitespire:NeuralNetwork","infinitespire:Execution"],"picked":"hubris:InfiniteBlow+9","floor":15.0},{"not_picked":["Guardian:HyperBeam_Guardian","Guardian:GemFire"],"picked":"Guardian:RevengeProtocol","floor":16.0},{"not_picked":["Guardian:WalkerClaw","Guardian:BronzeArmor","Guardian:Incinerate"],"picked":"SKIP","floor":18.0},{"not_picked":["Guardian:Gem_Red","Guardian:Gem_Green"],"picked":"Guardian:Gem_Purple","floor":19.0},{"not_picked":["Guardian:BronzeArmor","Guardian:DonusPower","Guardian:SentryBeam"],"picked":"SKIP","floor":21.0},{"not_picked":["Guardian:ShieldCharger+1","Guardian:CrystalBeam"],"picked":"Guardian:Gem_Red","floor":22.0},{"not_picked":["Guardian:GemFire","Guardian:RevengeProtocol"],"picked":"Guardian:FastForward","floor":24.0},{"not_picked":["Guardian:GemFinder","Guardian:StasisEngine"],"picked":"Guardian:FierceBash","floor":27.0},{"not_picked":["Guardian:SphericShield","Guardian:CompilePackage"],"picked":"Guardian:Gem_Orange","floor":31.0},{"not_picked":["Guardian:GemFinder","Guardian:CompilePackage"],"picked":"Guardian:Gem_Orange","floor":33.0},{"not_picked":["Guardian:CrystalBeam+1","Guardian:Orbwalk+1"],"picked":"Guardian:Gem_Lightblue","floor":35.0},{"not_picked":["Guardian:Reroute+1","Guardian:RollAttack","Guardian:TemporalStrike"],"picked":"SKIP","floor":37.0},{"not_picked":["Guardian:BronzeArmor+1","Guardian:DecasProtection+1","Guardian:ShieldCharger+1"],"picked":"SKIP","floor":38.0},{"not_picked":["Guardian:CrystalBeam","Guardian:Gem_Blue","Guardian:PrimingBeam"],"picked":"SKIP","floor":39.0},{"not_picked":["Guardian:HyperBeam_Guardian+1","Guardian:AncientConstruct"],"picked":"Guardian:Gem_Orange","floor":40.0},{"not_picked":["Guardian:RollAttack+1","Guardian:Orbwalk+1","Guardian:ChargeCore+1"],"picked":"SKIP","floor":41.0},{"not_picked":["Guardian:GatlingBeam+1","Guardian:TimeSifter"],"picked":"Guardian:SphericShield","floor":44.0},{"not_picked":["Guardian:Gem_Purple","Guardian:RollAttack+1"],"picked":"Guardian:Gem_Green","floor":45.0},{"not_picked":["Guardian:TimeSifter","Guardian:SphericShield"],"picked":"Guardian:StasisField","floor":46.0},{"not_picked":["Guardian:SphericShield","Guardian:StasisEngine"],"picked":"Guardian:CompilePackage","floor":54}],"player_experience":604972,"relics_obtained":[{"floor":7.0,"key":"Golden Egg"},{"floor":10.0,"key":"Replay:Multitool"},{"floor":13.0,"key":"Gambling Chip"},{"floor":24.0,"key":"conspire:Boomerang"},{"floor":26.0,"key":"Replay:Bottled Steam"},{"floor":27.0,"key":"Letter Opener"},{"floor":31.0,"key":"Kunai"},{"floor":40.0,"key":"Molten Egg 2"},{"floor":43.0,"key":"Girya"},{"floor":44.0,"key":"infinitespire:ShieldingShard"},{"floor":46.0,"key":"Gremlin Food"},{"floor":48.0,"key":"Counterbalance"},{"floor":54,"key":"Runesmith:AutoHammer"}],"event_choices":[{"cards_removed":["TheCursedMod:Dregs"],"damage_healed":0.0,"max_hp_gain":0.0,"max_hp_loss":0.0,"gold_gain":0.0,"event_name":"Beggar","player_choice":"Gave Gold","floor":29.0,"gold_loss":75.0,"damage_taken":0.0},{"damage_healed":0.0,"max_hp_gain":0.0,"max_hp_loss":0.0,"gold_gain":0.0,"event_name":"Mysterious Sphere","player_choice":"Fight","floor":48.0,"gold_loss":0.0,"damage_taken":0.0}],"is_beta":false,"boss_relics":[{"not_picked":["hubris:CrackedHourglass","infinitespire:Cupcake"],"picked":"Cursed Key"},{"not_picked":["Kintsugi","hubris:ScarierMask"],"picked":"Replay:Grab Bag"},{"not_picked":["conspire:RoyalGoblet","Fusion Hammer"],"picked":"Runesmith:UraniumAnvil"},{"not_picked":["Velvet Choker","Guardian:StasisSlotReductionRelic"],"picked":"ReplayTheSpireMod:DimensionalGlitch"},{"not_picked":["conspire:SpecialSausage","Astrolabe"],"picked":"hubris:HollowSoul"}],"items_purged_floors":[47],"is_endless":false,"potions_floor_spawned":[3,5,12,13,16,21,24,27,33,35,38,40,44,45,48],"ascension_level":4}}