{"host":"8ztb9kwpjc2zof9s","time":1613192966,"event":{"mods":["BaseMod","Block Reminder","Curses Come First","Minty Spire (QoL Compilation)","Relic Stats","StSLib"],"gold_per_floor":[112,132,150,164,164,164,164],"floor_reached":6,"language":"ENG","playtime":237,"items_purged":[],"score":59,"play_id":"c070751f-4695-4ec4-808f-99d0a9bdde0a","local_time":"20210212210926","is_ascension_mode":true,"campfire_choices":[],"circlet_count":0,"master_deck":["AscendersBane","Strike_G","Strike_G","Strike_G","Strike_G","Strike_G","Defend_G","Defend_G","Defend_G","Defend_G","Defend_G","Survivor","Neutralize","Acrobatics","Deadly Poison","Backflip","PiercingWail","Pain"],"relics":["Ring of the Snake","WarpedTongs"],"acts_visited":["Exordium"],"potions_floor_usage":[6],"damage_taken":[{"damage":4,"enemies":"2 Louse","floor":1,"turns":4},{"damage":9,"enemies":"Cultist","floor":2,"turns":6},{"damage":4,"enemies":"Small Slimes","floor":3,"turns":6},{"damage":3,"enemies":"3 Louse","floor":4,"turns":4},{"damage":52,"enemies":"Gremlin Nob","floor":6,"turns":5}],"seed_played":"-6824070271162480879","potions_obtained":[{"floor":3,"key":"LiquidMemories"}],"is_trial":false,"path_per_floor":["M","M","M","M","?","E"],"character_chosen":"THE_SILENT","items_purchased":[],"campfire_rested":0,"item_purchase_floors":[],"current_hp_per_floor":[66,57,53,50,50,0,0],"gold":164,"neow_bonus":"TEN_PERCENT_HP_BONUS","is_daily":false,"chose_seed":false,"campfire_upgraded":0,"win_rate":0.0,"timestamp":1613192966,"path_taken":["M","M","M","M","?","E"],"items_purchased_type":[],"build_version":"2020-12-22","purchased_purges":0,"victory":false,"max_hp_per_floor":[77,77,77,77,77,77,77],"relic_stats":{"counters":[5,25],"obtain_stats":[{"Ring of the Snake":0,"WarpedTongs":5},{"Ring of the Snake":0,"WarpedTongs":4},{"Ring of the Snake":0,"WarpedTongs":20}],"Ring of the Snake":[10],"WarpedTongs":[5]},"card_choices":[{"not_picked":["Quick Slash","Prepared"],"picked":"Acrobatics","floor":1},{"not_picked":["Accuracy","Prepared"],"picked":"Deadly Poison","floor":2},{"not_picked":["Sucker Punch","Bullet Time"],"picked":"Backflip","floor":3},{"not_picked":["Catalyst","Slice"],"picked":"PiercingWail","floor":4}],"player_experience":314491,"relics_obtained":[],"event_choices":[{"damage_healed":0,"gold_gain":0,"player_choice":"Rummage","damage_taken":0,"relics_obtained":["WarpedTongs"],"max_hp_gain":0,"max_hp_loss":0,"event_name":"Accursed Blacksmith","floor":5,"gold_loss":0,"cards_obtained":["Pain"]}],"is_beta":false,"boss_relics":[],"items_purged_floors":[],"is_endless":false,"potions_floor_spawned":[3],"killed_by":"Gremlin Nob","ascension_level":11}}