{"host":"dlyy4wv9zatha4f7","time":1613249210,"event":{"mods":["BaseMod","Better Third Choice","Colored Map","GifTheSpireLib","Minty Spire (QoL Compilation)","Spicy Shops","StSLib","Stuff the Spire","SuperFastMode","Unceasing Turn Reminder"],"gold_per_floor":[111,386,404,404,404,404,404,404,404,438,175,175,219,242,242,242,242],"floor_reached":16,"language":"ENG","playtime":557,"items_purged":["Regret"],"score":190,"play_id":"d83ee261-08f3-4374-8b18-09cfa4e1dfe6","local_time":"20210213224650","is_ascension_mode":true,"campfire_choices":[{"data":"Poisoned Stab","floor":6,"key":"SMITH"},{"data":"Blade Dance","floor":8,"key":"SMITH"},{"data":"Deadly Poison","floor":15,"key":"SMITH"}],"circlet_count":0,"master_deck":["Strike_G","Strike_G","Strike_G","Strike_G","Strike_G","Defend_G","Defend_G+1","Defend_G","Defend_G","Defend_G","Survivor","Neutralize+1","Poisoned Stab+1","Blade Dance+1","Regret","PiercingWail","Deadly Poison+1","StuffTheSpire:Rapture"],"relics":["Ring of the Snake","NeowsBlessing","Golden Idol","StuffTheSpire:MayFlowers","Letter Opener","Anchor","Art of War"],"acts_visited":["Exordium"],"potions_floor_usage":[],"damage_taken":[{"damage":0,"enemies":"Jaw Worm","floor":1,"turns":1},{"damage":0,"enemies":"Cultist","floor":3,"turns":1},{"damage":0,"enemies":"Lagavulin","floor":10,"turns":1},{"damage":19,"enemies":"3 Sentries","floor":13,"turns":8},{"damage":4,"enemies":"2 Louse","floor":14,"turns":3},{"damage":21,"enemies":"The Guardian","floor":16,"turns":9}],"seed_played":"-8875533694499213581","potions_obtained":[],"is_trial":false,"path_per_floor":["M","?","M","?","?","R","?","R","T","E","$","?","E","M","R","B"],"character_chosen":"THE_SILENT","items_purchased":["Anchor","Deadly Poison"],"campfire_rested":0,"item_purchase_floors":[11,11],"current_hp_per_floor":[63,63,63,46,46,46,32,32,32,32,32,32,19,15,15,0,0],"gold":242,"neow_bonus":"THREE_ENEMY_KILL","is_daily":false,"chose_seed":false,"campfire_upgraded":3,"win_rate":0.0,"timestamp":1613249210,"path_taken":["M","?","?","?","?","R","?","R","T","E","$","?","E","M","R","BOSS"],"items_purchased_type":["Relic","Card"],"build_version":"2020-12-22","purchased_purges":1,"victory":false,"max_hp_per_floor":[70,70,70,70,70,70,70,70,70,70,70,70,70,70,70,70,70],"card_choices":[{"not_picked":["Quick Slash","Prepared"],"picked":"Poisoned Stab","floor":1},{"not_picked":["Slice","Cloak And Dagger"],"picked":"Blade Dance","floor":3},{"not_picked":["Dagger Throw","Outmaneuver"],"picked":"PiercingWail","floor":10},{"not_picked":["StuffTheSpire:Ambrosia","StuffTheSpire:Innocence"],"picked":"StuffTheSpire:Rapture","floor":12},{"not_picked":["Expertise","Caltrops","StuffTheSpire:Incursion"],"picked":"SKIP","floor":13},{"not_picked":["Reflex","Flying Knee","Expertise"],"picked":"SKIP","floor":14}],"player_experience":2282211,"relics_obtained":[{"floor":9,"key":"StuffTheSpire:MayFlowers"},{"floor":10,"key":"Letter Opener"},{"floor":13,"key":"Art of War"}],"event_choices":[{"damage_healed":0,"gold_gain":275,"player_choice":"Desecrate","damage_taken":0,"max_hp_gain":0,"max_hp_loss":0,"event_name":"Golden Shrine","floor":2,"gold_loss":0,"cards_obtained":["Regret"]},{"damage_healed":0,"gold_gain":0,"player_choice":"Take Damage","damage_taken":17,"relics_obtained":["Golden Idol"],"max_hp_gain":0,"max_hp_loss":0,"event_name":"Golden Idol","floor":4,"gold_loss":0},{"damage_healed":0,"gold_gain":0,"player_choice":"Box","damage_taken":0,"relics_obtained":["Orichalcum"],"max_hp_gain":0,"max_hp_loss":0,"event_name":"Big Fish","floor":5,"gold_loss":0,"cards_obtained":["Regret"]},{"damage_healed":46,"gold_gain":0,"player_choice":"Upgrade","damage_taken":14,"max_hp_gain":0,"max_hp_loss":70,"event_name":"betterThird:BetterShining","floor":7,"gold_loss":0,"cards_upgraded":["Neutralize","Defend_G"]}],"is_beta":false,"boss_relics":[],"items_purged_floors":[11],"is_endless":false,"potions_floor_spawned":[],"killed_by":"The Guardian","ascension_level":9}}