{"host":"ix07nhfx4o3nf6kx","time":1613209171,"event":{"mods":["BaseMod","Hermit","Minty Spire (QoL Compilation)","StSLib","The Bug Knight","The Cursed","The Dragon Tamer","The Hierophant","The Jungle","The Runesmith"],"gold_per_floor":[111,186,6,43,82,117,117,117,143,196,196,240,314,408,408,328,328],"floor_reached":16,"language":"KOR","playtime":1088,"items_purged":[],"score":129,"play_id":"f4d7312c-5fca-43f2-b999-3e7a2ce7282c","local_time":"20210213183931","is_ascension_mode":false,"campfire_choices":[{"floor":11,"key":"REST"},{"floor":15,"key":"REST"}],"circlet_count":0,"master_deck":["hierophant:Strike_Hierophant","hierophant:Strike_Hierophant","hierophant:Strike_Hierophant","hierophant:Strike_Hierophant","hierophant:Punish","hierophant:Defend_Hierophant","hierophant:Defend_Hierophant","hierophant:Defend_Hierophant","hierophant:Defend_Hierophant","hierophant:ChurchCoffers","hierophant:RustyCrate","hierophant:Doubloon","hierophant:Doubloon","hierophant:Doubloon","hierophant:Repentance","hierophant:Flagellation","hierophant:SecretStash","hierophant:RustyCrate","hierophant:Doubloon","hierophant:Doubloon","hierophant:Exaltation","hierophant:HolyVerse","hierophant:WrathOfGod"],"relics":["hierophant:PropheticMaskRelic","Oddly Smooth Stone","Potion Belt","Strawberry","Vajra"],"acts_visited":["Exordium"],"potions_floor_usage":[6,16,16],"damage_taken":[{"damage":7,"enemies":"Jaw Worm","floor":1,"turns":5},{"damage":0,"enemies":"Cultist","floor":4,"turns":5},{"damage":0,"enemies":"2 Louse","floor":5,"turns":1},{"damage":35,"enemies":"Gremlin Nob","floor":6,"turns":5},{"damage":7,"enemies":"Red Slaver","floor":10,"turns":2},{"damage":13,"enemies":"Large Slime","floor":12,"turns":9},{"damage":6,"enemies":"2 Fungi Beasts","floor":13,"turns":2},{"damage":0,"enemies":"3 Louse","floor":14,"turns":1},{"damage":62,"enemies":"Hexaghost","floor":16,"turns":8}],"seed_played":"-7058271086594229761","potions_obtained":[{"floor":4,"key":"Weak Potion"},{"floor":10,"key":"LiquidMemories"},{"floor":12,"key":"Fire Potion"}],"is_trial":false,"path_per_floor":["M","?","$","M","M","E","?","$","T","M","R","M","M","M","R","B"],"character_chosen":"HIEROPHANT","items_purchased":["Oddly Smooth Stone","hierophant:Doubloon"],"campfire_rested":2,"item_purchase_floors":[3,3],"current_hp_per_floor":[75,64,64,64,64,29,33,33,33,26,52,39,33,33,59,0,0],"gold":328,"neow_bonus":"TEN_PERCENT_HP_BONUS","is_daily":false,"chose_seed":false,"campfire_upgraded":0,"win_rate":0.0,"timestamp":1613209171,"path_taken":["M","?","$","M","M","E","?","$","T","M","R","?","M","?","R","BOSS"],"items_purchased_type":["Relic","Card"],"build_version":"2020-12-22","purchased_purges":0,"victory":false,"max_hp_per_floor":[82,82,82,82,82,82,89,89,89,89,89,89,89,89,89,89,89],"card_choices":[{"not_picked":["hierophant:Encroach","hierophant:OrnateJavelin"],"picked":"hierophant:RustyCrate","floor":1},{"not_picked":["hierophant:FieryStrike","hierophant:MorningPrayer"],"picked":"hierophant:Repentance","floor":4},{"not_picked":["hierophant:OrnateJavelin","hierophant:LocustPlague"],"picked":"hierophant:Flagellation","floor":5},{"not_picked":["hierophant:Remorse","hierophant:SolarFlare"],"picked":"hierophant:SecretStash","floor":6},{"not_picked":["hierophant:FieryStrike","hierophant:Chorus"],"picked":"hierophant:RustyCrate","floor":10},{"not_picked":["hierophant:HammerAndAnvil","hierophant:RepressedViolence"],"picked":"hierophant:Exaltation","floor":12},{"not_picked":["hierophant:Encroach","hierophant:Remorse"],"picked":"hierophant:HolyVerse","floor":13},{"not_picked":["hierophant:Shelter","hierophant:DisplayOfPower"],"picked":"hierophant:WrathOfGod","floor":14}],"player_experience":262263,"relics_obtained":[{"floor":6,"key":"Potion Belt"},{"floor":9,"key":"Vajra"}],"event_choices":[{"damage_healed":0,"gold_gain":75,"player_choice":"Gather Gold","damage_taken":11,"max_hp_gain":0,"max_hp_loss":0,"event_name":"World of Goop","floor":2,"gold_loss":0},{"damage_healed":0,"gold_gain":0,"player_choice":"Success","damage_taken":3,"relics_obtained":["Strawberry"],"max_hp_gain":0,"max_hp_loss":0,"event_name":"Scrap Ooze","floor":7,"gold_loss":0}],"is_beta":false,"boss_relics":[],"items_purged_floors":[],"is_endless":false,"potions_floor_spawned":[4,10,12],"killed_by":"Hexaghost","ascension_level":0}}