{"host":"gobyjzz6xbwq9f9i","time":1613190902,"event":{"mods":["AchievementEnabler","BaseMod","Bestiary","Colored Map","Minty Spire (QoL Compilation)","Relic Stats"],"gold_per_floor":[112,123,138,149,149,149,189,214,214,235,235,250,250,250,250],"floor_reached":14,"language":"ENG","playtime":324,"items_purged":[],"score":141,"play_id":"bdc77e7f-0c62-4abf-a794-d525ba0f2b50","local_time":"20210212203502","is_ascension_mode":true,"campfire_choices":[{"data":"Static Discharge","floor":6,"key":"SMITH"},{"data":"Barrage","floor":13,"key":"SMITH"}],"circlet_count":0,"master_deck":["AscendersBane","Strike_B","Strike_B","Strike_B","Strike_B","Defend_B","Defend_B","Defend_B","Defend_B","Zap","Dualcast","Static Discharge+1","Ball Lightning","Steam","Ball Lightning","Rip and Tear","Chill","Barrage+1","Compile Driver"],"relics":["Cracked Core","Golden Idol","Pear","The Courier"],"acts_visited":["Exordium"],"potions_floor_usage":[7,10,14,14,14],"damage_taken":[{"damage":8,"enemies":"Small Slimes","floor":1,"turns":3},{"damage":0,"enemies":"2 Louse","floor":2,"turns":1},{"damage":6,"enemies":"Jaw Worm","floor":3,"turns":4},{"damage":2,"enemies":"Exordium Thugs","floor":4,"turns":4},{"damage":5,"enemies":"Lagavulin","floor":7,"turns":5},{"damage":11,"enemies":"Blue Slaver","floor":8,"turns":3},{"damage":9,"enemies":"Red Slaver","floor":10,"turns":3},{"damage":13,"enemies":"3 Louse","floor":12,"turns":2},{"damage":10,"enemies":"3 Sentries","floor":14,"turns":1}],"seed_played":"8509647114527065124","potions_obtained":[{"floor":0,"key":"PowerPotion"},{"floor":0,"key":"PotionOfCapacity"},{"floor":0,"key":"Energy Potion"},{"floor":2,"key":"EssenceOfSteel"},{"floor":7,"key":"Strength Potion"},{"floor":12,"key":"Explosive Potion"}],"is_trial":false,"path_per_floor":["M","M","M","M","?","R","E","M","T","M","?","M","R","E"],"character_chosen":"DEFECT","items_purchased":[],"campfire_rested":0,"item_purchase_floors":[],"current_hp_per_floor":[60,60,54,52,34,34,39,28,28,19,19,6,6,0,0],"gold":250,"neow_bonus":"THREE_SMALL_POTIONS","is_daily":false,"chose_seed":false,"campfire_upgraded":2,"win_rate":0.0,"timestamp":1613190902,"path_taken":["M","M","M","M","?","R","E","M","T","M","?","M","R","E"],"items_purchased_type":[],"build_version":"2020-12-22","purchased_purges":0,"victory":false,"max_hp_per_floor":[75,75,75,75,75,75,85,85,85,85,85,85,85,85,85],"relic_stats":{"counters":[9,26],"Golden Idol":20,"obtain_stats":[{"Pear":7,"Golden Idol":5,"The Courier":9,"Cracked Core":0},{"Pear":5,"Golden Idol":4,"The Courier":6,"Cracked Core":0},{"Pear":17,"Golden Idol":12,"The Courier":20,"Cracked Core":0}]},"card_choices":[{"not_picked":["Leap","Compile Driver"],"picked":"Static Discharge","floor":1},{"not_picked":["Hologram","Stack"],"picked":"Ball Lightning","floor":2},{"not_picked":["Redo","Heatsinks"],"picked":"Steam","floor":3},{"not_picked":["Melter","Turbo"],"picked":"Ball Lightning","floor":4},{"not_picked":["Steam","Storm"],"picked":"Rip and Tear","floor":7},{"not_picked":["Coolheaded","Compile Driver"],"picked":"Chill","floor":8},{"not_picked":["Hello World","Gash"],"picked":"Barrage","floor":10},{"not_picked":["Ball Lightning","Go for the Eyes"],"picked":"Compile Driver","floor":12}],"player_experience":1348410,"relics_obtained":[{"floor":7,"key":"Pear"},{"floor":9,"key":"The Courier"}],"event_choices":[{"damage_healed":0,"gold_gain":0,"player_choice":"Take Damage","damage_taken":18,"relics_obtained":["Golden Idol"],"max_hp_gain":0,"max_hp_loss":0,"event_name":"Golden Idol","floor":5,"gold_loss":0},{"damage_healed":0,"gold_gain":0,"player_choice":"Ignored","damage_taken":0,"max_hp_gain":0,"max_hp_loss":0,"event_name":"Golden Wing","floor":11,"gold_loss":0}],"is_beta":false,"boss_relics":[],"items_purged_floors":[],"is_endless":false,"potions_floor_spawned":[2,7,8,12],"killed_by":"3 Sentries","ascension_level":10}}