{"host":"p0hktren06injwdf","time":1613185106,"event":{"mods":["AchievementEnabler","BaseMod","Colored Map","DeckTracker","Minty Spire (QoL Compilation)","Permanent Neow","StSLib","SuperFastMode"],"gold_per_floor":[109,124,124,124,140,140,166,166,166,166,38,38,38,54,54,131,131,150,150,160,180,198,233,233,268,294,169,169,169],"floor_reached":28,"language":"KOR","playtime":441,"items_purged":["Strike_R"],"score":512,"play_id":"1cb8dccf-a916-4391-86aa-449473e19f5d","local_time":"20210213115826","is_ascension_mode":true,"campfire_choices":[{"data":"Carnage","floor":6.0,"key":"SMITH"},{"data":"Cleave","floor":8.0,"key":"SMITH"},{"data":"Fire Breathing","floor":10.0,"key":"SMITH"},{"data":"Disarm","floor":15.0,"key":"SMITH"},{"floor":24,"key":"REST"}],"circlet_count":0,"master_deck":["AscendersBane","Strike_R","Strike_R","Strike_R","Defend_R","Defend_R","Defend_R","Defend_R","Bash","Carnage+1","Cleave+1","Fire Breathing+1","Shrug It Off","Fire Breathing","Reckless Charge","Disarm+1","Impervious","Shrug It Off","Demon Form","Clothesline"],"relics":["Burning Blood","Strawberry","Eternal Feather","Darkstone Periapt","Bird Faced Urn","Snecko Eye","Peace Pipe","Self Forming Clay","Toxic Egg 2","MealTicket"],"acts_visited":["Exordium","TheCity"],"potions_floor_usage":[16,22,23],"damage_taken":[{"damage":13.0,"enemies":"2 Louse","floor":1.0,"turns":4.0},{"damage":0.0,"enemies":"Cultist","floor":2.0,"turns":3.0},{"damage":7.0,"enemies":"Jaw Worm","floor":5.0,"turns":2.0},{"damage":8.0,"enemies":"Gremlin Nob","floor":7.0,"turns":3.0},{"damage":13.0,"enemies":"Blue Slaver","floor":14.0,"turns":3.0},{"damage":30,"enemies":"Hexaghost","floor":16,"turns":9},{"damage":12,"enemies":"Chosen","floor":18,"turns":3},{"damage":0,"enemies":"Spheric Guardian","floor":20,"turns":4},{"damage":30,"enemies":"Cultist and Chosen","floor":21,"turns":4},{"damage":29,"enemies":"3 Cultists","floor":22,"turns":7},{"damage":35,"enemies":"Gremlin Leader","floor":23,"turns":8},{"damage":40,"enemies":"Slavers","floor":25,"turns":5},{"damage":40,"enemies":"Gremlin Leader","floor":28,"turns":3}],"seed_played":"5103007311962009899","potions_obtained":[{"floor":2.0,"key":"AttackPotion"},{"floor":5.0,"key":"PowerPotion"},{"floor":7.0,"key":"SkillPotion"},{"floor":16,"key":"HeartOfIron"},{"floor":21,"key":"Strength Potion"}],"is_trial":false,"path_per_floor":["M","M","?","$","M","R","E","R","T","R","$","T","$","M","R","B",null,"M","?","M","M","M","E","R","E","T","$","E"],"character_chosen":"IRONCLAD","items_purchased":["Fire Breathing","Reckless Charge","Clothesline"],"campfire_rested":1,"item_purchase_floors":[11,11,27],"current_hp_per_floor":[68,74,74,74,73,73,71,77,77,82,82,82,82,75,82,62,77,73,73,79,59,40,15,51,21,21,36,0,0],"gold":169,"neow_bonus":"RANDOM_COMMON_RELIC","is_daily":false,"chose_seed":false,"campfire_upgraded":4,"win_rate":0.0,"timestamp":1613185106,"path_taken":["M","M","?","$","M","R","E","R","T","R","$","?","?","M","R","BOSS","M","?","?","?","M","E","R","E","T","$","E"],"items_purchased_type":["Card","Card","Card"],"build_version":"2020-12-22","purchased_purges":1,"victory":false,"max_hp_per_floor":[82,82,82,82,82,82,82,82,82,82,82,82,82,82,82,82,82,82,82,82,82,82,82,82,82,82,82,82,82],"card_choices":[{"not_picked":["True Grit","Sword Boomerang"],"picked":"Carnage","floor":1.0},{"not_picked":["Thunderclap","Shockwave"],"picked":"Cleave","floor":2.0},{"not_picked":["Iron Wave","Spot Weakness","Body Slam"],"picked":"SKIP","floor":5.0},{"not_picked":["Sentinel","Bloodletting"],"picked":"Shrug It Off","floor":7.0},{"not_picked":["Pommel Strike","Dropkick"],"picked":"Disarm","floor":14.0},{"not_picked":["Limit Break","Double Tap"],"picked":"Impervious","floor":16},{"not_picked":["Sword Boomerang","Warcry","Body Slam"],"picked":"SKIP","floor":18},{"not_picked":["Pommel Strike","Shrug It Off","Metallicize"],"picked":"SKIP","floor":20},{"not_picked":["Headbutt","Reckless Charge"],"picked":"Shrug It Off","floor":21},{"not_picked":["Body Slam","True Grit","Iron Wave+1"],"picked":"SKIP","floor":22},{"not_picked":["Anger","Ghostly Armor"],"picked":"Demon Form","floor":23},{"not_picked":["Perfected Strike","Barricade","Twin Strike"],"picked":"SKIP","floor":25}],"player_experience":1042022,"relics_obtained":[{"floor":7.0,"key":"Eternal Feather"},{"floor":9.0,"key":"Darkstone Periapt"},{"floor":12.0,"key":"Bird Faced Urn"},{"floor":23,"key":"Self Forming Clay"},{"floor":25,"key":"Toxic Egg 2"},{"floor":26,"key":"MealTicket"}],"event_choices":[{"damage_healed":0.0,"max_hp_gain":0.0,"max_hp_loss":0.0,"gold_gain":0.0,"cards_transformed":["Strike_R"],"event_name":"Transmorgrifier","player_choice":"Transformed","floor":3.0,"gold_loss":0.0,"damage_taken":0.0,"cards_obtained":["Fire Breathing"]},{"damage_healed":0,"gold_gain":0,"player_choice":"Gave Potion","damage_taken":0,"relics_obtained":["Peace Pipe"],"max_hp_gain":0,"max_hp_loss":0,"event_name":"WeMeetAgain","floor":19,"gold_loss":0}],"is_beta":false,"boss_relics":[{"not_picked":["Coffee Dripper","Pandora\u0027s Box"],"picked":"Snecko Eye"}],"items_purged_floors":[27],"is_endless":false,"potions_floor_spawned":[2,5,7,16,18,21],"killed_by":"Gremlin Leader","ascension_level":20}}