{"host":"yn1175etg9ni8l0q","time":1613198539,"event":{"mods":["AchievementEnabler","BaseMod","Colored Map","Colored Powertips","DeckTracker","Minty Spire (QoL Compilation)","Rare Cards Sparkle","Relic Stats","SuperFastMode","everything is the same but u backflip on backflip"],"gold_per_floor":[114,114,130,130,146,180,180,197,274,291,307,340,340,360,360,460,460,478,325,340,439,455,455,471,371,371,371,404,279,108,121,121,223,223,238,257,107,126,126,126,139,139,215,215,134,134,161,173,173,173,173,173,23,54,54],"floor_reached":56,"language":"KOR","playtime":1713,"items_purged":["Bash","Sword Boomerang","True Grit","Bludgeon"],"score":1209,"play_id":"87014722-aeb4-41c2-813e-a80f2bed4c9e","local_time":"20210213154219","is_ascension_mode":false,"campfire_choices":[{"data":"Body Slam","floor":15,"key":"SMITH"},{"data":"Body Slam","floor":23,"key":"SMITH"},{"data":"Apotheosis","floor":32,"key":"SMITH"},{"data":"Offering","floor":40,"key":"SMITH"},{"data":"Dark Embrace","floor":42,"key":"SMITH"},{"data":"Feel No Pain","floor":44,"key":"SMITH"},{"data":"Fire Breathing","floor":46,"key":"SMITH"},{"floor":49,"key":"RECALL"},{"data":"Battle Trance","floor":52,"key":"SMITH"}],"circlet_count":0,"master_deck":["Bloodletting","Offering+1","Body Slam+1","Wild Strike+1","Carnage","Shrug It Off","Uppercut","Battle Trance+1","Entrench","Feel No Pain+1","Fiend Fire","Carnage","Body Slam+1","Battle Trance","Dark Embrace+1","True Grit+1","Power Through","Shrug It Off","Apotheosis+1","Fire Breathing+1"],"relics":["Burning Blood","WingedGreaves","War Paint","Ornamental Fan","Whetstone","Pandora\u0027s Box","Paper Frog","Red Mask","Empty Cage","Bag of Marbles","ClockworkSouvenir","Anchor"],"acts_visited":["Exordium","TheCity","TheBeyond","TheEnding"],"potions_floor_usage":[6,12,16,20,36,55,55,55],"damage_taken":[{"damage":7,"enemies":"Small Slimes","floor":1,"turns":4},{"damage":6,"enemies":"Cultist","floor":3,"turns":2},{"damage":12,"enemies":"Jaw Worm","floor":5,"turns":4},{"damage":10,"enemies":"Gremlin Nob","floor":6,"turns":3},{"damage":10,"enemies":"3 Louse","floor":8,"turns":4},{"damage":12,"enemies":"Large Slime","floor":10,"turns":4},{"damage":13,"enemies":"Gremlin Gang","floor":11,"turns":5},{"damage":11,"enemies":"Lagavulin","floor":12,"turns":6},{"damage":9,"enemies":"3 Louse","floor":14,"turns":5},{"damage":35,"enemies":"Slime Boss","floor":16,"turns":12},{"damage":6,"enemies":"Spheric Guardian","floor":18,"turns":3},{"damage":20,"enemies":"3 Byrds","floor":20,"turns":5},{"damage":9,"enemies":"Centurion and Healer","floor":22,"turns":6},{"damage":17,"enemies":"Snecko","floor":24,"turns":4},{"damage":13,"enemies":"Masked Bandits","floor":28,"turns":7},{"damage":12,"enemies":"3 Cultists","floor":31,"turns":4},{"damage":12,"enemies":"Collector","floor":33,"turns":4},{"damage":9,"enemies":"Orb Walker","floor":35,"turns":2},{"damage":36,"enemies":"3 Darklings","floor":36,"turns":7},{"damage":32,"enemies":"Spire Growth","floor":38,"turns":5},{"damage":6,"enemies":"Sphere and 2 Shapes","floor":41,"turns":3},{"damage":9,"enemies":"Transient","floor":48,"turns":5},{"damage":39,"enemies":"Donu and Deca","floor":50,"turns":7},{"damage":29,"enemies":"Shield and Spear","floor":54,"turns":5},{"damage":46,"enemies":"The Heart","floor":55,"turns":6}],"seed_played":"-2625479800840736566","potions_obtained":[{"floor":3,"key":"BlessingOfTheForge"},{"floor":6,"key":"Explosive Potion"},{"floor":11,"key":"Explosive Potion"},{"floor":14,"key":"Ancient Potion"},{"floor":16,"key":"Fire Potion"},{"floor":18,"key":"FearPotion"},{"floor":20,"key":"Block Potion"},{"floor":38,"key":"CultistPotion"}],"is_trial":false,"path_per_floor":["M","?","M","?","M","E","?","M","T","M","M","E","?","M","R","B",null,"M","$","M","?","M","R","M","$","T","?","?","$","$","M","R","B",null,"M","M","$","M","?","R","M","R","T","R","$","R","T","M","R","B",null,"R","$","E","B",null],"character_chosen":"IRONCLAD","items_purchased":["Dark Embrace","Apotheosis","Fire Breathing","ClockworkSouvenir"],"campfire_rested":0,"item_purchase_floors":[19,30,45,53],"current_hp_per_floor":[79,79,79,84,78,74,67,63,63,57,50,45,45,42,42,13,85,85,85,71,71,68,68,57,57,57,57,50,50,50,44,44,38,85,82,52,52,26,74,74,74,74,74,74,74,74,74,71,71,38,74,74,74,51,11],"gold":54,"neow_bonus":"TRANSFORM_CARD","is_daily":false,"chose_seed":false,"campfire_upgraded":8,"win_rate":0.0,"timestamp":1613198539,"path_taken":["M","?","?","?","M","E","?","M","T","M","M","E","?","?","R","BOSS","M","$","M","?","M","R","M","$","T","?","?","?","$","?","R","BOSS","M","M","$","M","?","R","M","R","T","R","$","R","?","M","R","BOSS","R","$","E","BOSS"],"items_purchased_type":["Card","Card","Card","Relic"],"build_version":"2020-12-22","purchased_purges":4,"victory":true,"max_hp_per_floor":[80,80,80,85,85,85,85,85,85,85,85,85,85,85,85,85,85,85,85,85,85,85,85,85,85,85,85,85,85,85,85,85,85,85,85,85,85,85,74,74,74,74,74,74,74,74,74,74,74,74,74,74,74,74,74],"relic_stats":{"counters":[25,122],"Ornamental Fan":[72],"Pandora\u0027s Box":["Sword Boomerang","Carnage","Bludgeon","Body Slam","Rage","Battle Trance","True Grit"],"Whetstone":["Sever Soul","Wild Strike"],"War Paint":["Defend_R","Defend_R"],"obtain_stats":[{"Anchor":54,"Ornamental Fan":9,"Pandora\u0027s Box":17,"WingedGreaves":6,"Red Mask":28,"Bag of Marbles":47,"Whetstone":12,"War Paint":7,"Empty Cage":34,"Burning Blood":0,"Paper Frog":26,"ClockworkSouvenir":53},{"Anchor":24,"Ornamental Fan":5,"Pandora\u0027s Box":10,"WingedGreaves":4,"Red Mask":15,"Bag of Marbles":21,"Whetstone":8,"War Paint":4,"Empty Cage":17,"Burning Blood":0,"Paper Frog":14,"ClockworkSouvenir":23},{"Anchor":116,"Ornamental Fan":17,"Pandora\u0027s Box":49,"WingedGreaves":13,"Red Mask":74,"Bag of Marbles":99,"Whetstone":32,"War Paint":13,"Empty Cage":82,"Burning Blood":0,"Paper Frog":67,"ClockworkSouvenir":111}],"Burning Blood":150},"card_choices":[{"not_picked":["Twin Strike","Infernal Blade"],"picked":"Bloodletting","floor":1},{"not_picked":["Cleave","Anger"],"picked":"Body Slam","floor":3},{"not_picked":["Disarm","Limit Break"],"picked":"Wild Strike","floor":5},{"not_picked":["Armaments","Entrench","Flame Barrier"],"picked":"SKIP","floor":6},{"not_picked":["Anger","Havoc"],"picked":"Carnage","floor":8},{"not_picked":["Dropkick","Battle Trance"],"picked":"Shrug It Off","floor":10},{"not_picked":["Anger","Armaments"],"picked":"Uppercut","floor":11},{"not_picked":["Corruption","Armaments"],"picked":"Battle Trance","floor":12},{"not_picked":["Twin Strike","Heavy Blade"],"picked":"Feel No Pain","floor":14},{"not_picked":["Reaper","Demon Form"],"picked":"Fiend Fire","floor":16},{"not_picked":["Anger","Entrench+1","Dual Wield"],"picked":"SKIP","floor":18},{"not_picked":["Body Slam","Havoc+1"],"picked":"True Grit+1","floor":20},{"not_picked":["Twin Strike","Flex+1","Cleave"],"picked":"SKIP","floor":22},{"not_picked":["Pummel+1","Anger","Searing Blow"],"picked":"SKIP","floor":24},{"not_picked":["Armaments","Uppercut"],"picked":"Shrug It Off","floor":28},{"not_picked":["Body Slam","Rage","Perfected Strike"],"picked":"SKIP","floor":31},{"not_picked":["True Grit","Hemokinesis+1","Twin Strike+1"],"picked":"SKIP","floor":35},{"not_picked":["Pommel Strike","Iron Wave","Perfected Strike"],"picked":"SKIP","floor":36},{"not_picked":["Carnage","Heavy Blade","Body Slam+1"],"picked":"SKIP","floor":38},{"not_picked":["Anger+1","Twin Strike","Wild Strike+1"],"picked":"SKIP","floor":41},{"not_picked":["Reckless Charge","Cleave","Armaments"],"picked":"SKIP","floor":48},{"not_picked":["Anger+1","Searing Blow","Sever Soul+1"],"picked":"SKIP","floor":54}],"player_experience":375972,"relics_obtained":[{"floor":6,"key":"WingedGreaves"},{"floor":9,"key":"Ornamental Fan"},{"floor":12,"key":"Whetstone"},{"floor":26,"key":"Paper Frog"},{"floor":28,"key":"Red Mask"},{"floor":47,"key":"Bag of Marbles"},{"floor":54,"key":"Anchor"}],"event_choices":[{"damage_healed":0,"gold_gain":0,"player_choice":"1 cards matched","damage_taken":0,"max_hp_gain":0,"max_hp_loss":0,"event_name":"Match and Keep!","floor":2,"gold_loss":0,"cards_obtained":["Offering"]},{"damage_healed":0,"gold_gain":0,"player_choice":"Donut","damage_taken":0,"max_hp_gain":5,"max_hp_loss":0,"event_name":"Big Fish","floor":4,"gold_loss":0},{"damage_healed":0,"gold_gain":0,"player_choice":"Success","damage_taken":7,"relics_obtained":["War Paint"],"max_hp_gain":0,"max_hp_loss":0,"event_name":"Scrap Ooze","floor":7,"gold_loss":0},{"damage_healed":0,"gold_gain":0,"cards_transformed":["Strike_R"],"player_choice":"Transformed","damage_taken":0,"max_hp_gain":0,"max_hp_loss":0,"event_name":"Transmorgrifier","floor":13,"gold_loss":0,"cards_obtained":["Entrench"]},{"damage_healed":0,"gold_gain":99,"player_choice":"Stole From Cult","damage_taken":0,"max_hp_gain":0,"max_hp_loss":0,"event_name":"Nest","floor":21,"gold_loss":0},{"damage_healed":0,"gold_gain":0,"player_choice":"Read","damage_taken":0,"max_hp_gain":0,"max_hp_loss":0,"event_name":"The Library","floor":27,"gold_loss":0,"cards_obtained":["Power Through"]},{"damage_healed":0,"gold_gain":0,"player_choice":"Fought Bandits","damage_taken":0,"max_hp_gain":0,"max_hp_loss":0,"event_name":"Masked Bandits","floor":28,"gold_loss":0},{"damage_healed":74,"gold_gain":0,"player_choice":"Heal","damage_taken":0,"max_hp_gain":0,"max_hp_loss":11,"event_name":"The Moai Head","floor":39,"gold_loss":0}],"is_beta":false,"boss_relics":[{"not_picked":["Runic Dome","SacredBark"],"picked":"Pandora\u0027s Box"},{"not_picked":["Cursed Key","SlaversCollar"],"picked":"Empty Cage"}],"items_purged_floors":[19,25,29,37],"is_endless":false,"potions_floor_spawned":[3,6,11,14,16,18,20,33,35,38,48,54],"ascension_level":0}}