{"host":"96dqtlax74dz00hw","time":1613219501,"event":{"mods":["Bard","BaseMod","Better Altar","ChefMod","Colored Powertips","Downfall","Hermit","Minty Spire (QoL Compilation)","Permanent Neow","Rare Cards Sparkle","StSLib","The Cursed","The Disciple","The Edgeheg","The IronCluck","The Problem Sleuth"],"gold_per_floor":[110,124,124,143,143,171,171,201,247,258,258,47,67,17,17,119,119,119,119],"floor_reached":18,"language":"ENG","playtime":1103,"items_purged":["chefmod:Strike"],"score":170,"play_id":"384d3ccb-1583-4bea-be86-a08532705df1","local_time":"20210213043141","is_ascension_mode":false,"campfire_choices":[{"data":"chefmod:Mince","floor":7.0,"key":"SMITH"},{"data":"chefmod:DinoKale","floor":11.0,"key":"SMITH"},{"data":"chefmod:SushiPlatter","floor":15.0,"key":"SMITH"}],"circlet_count":0,"master_deck":["chefmod:Strike","chefmod:Strike","chefmod:QuickThaw+1","chefmod:Defend","chefmod:Defend+1","chefmod:Defend","chefmod:Defend","chefmod:TodaysSpecial+1","chefmod:Granita","chefmod:DinoKale+1","chefmod:FireUp","chefmod:Mince+1","chefmod:Flambe","chefmod:FiveAlarmChili","chefmod:SliceAndDice","chefmod:SushiPlatter+1","chefmod:ColdSteel","chefmod:SushiPlatter"],"relics":["chefmod:TrustyPot","Mummified Hand","War Paint","Toy Ornithopter","Bag of Marbles","Cursed Key"],"acts_visited":["Exordium","TheCity"],"potions_floor_usage":[],"damage_taken":[{"damage":2.0,"enemies":"Small Slimes","floor":1.0,"turns":3.0},{"damage":0.0,"enemies":"Jaw Worm","floor":2.0,"turns":5.0},{"damage":4.0,"enemies":"Cultist","floor":4.0,"turns":5.0},{"damage":14.0,"enemies":"Gremlin Nob","floor":6.0,"turns":4.0},{"damage":4.0,"enemies":"Lagavulin","floor":8.0,"turns":7.0},{"damage":0.0,"enemies":"Blue Slaver","floor":10.0,"turns":4.0},{"damage":0.0,"enemies":"2 Fungi Beasts","floor":13.0,"turns":2.0},{"damage":12.0,"enemies":"Hexaghost","floor":16.0,"turns":10.0},{"damage":0,"enemies":"3 Byrds","floor":18,"turns":1}],"seed_played":"6954409660004180722","potions_obtained":[{"floor":1.0,"key":"LiquidMemories"},{"floor":4.0,"key":"LiquidBronze"},{"floor":8.0,"key":"EssenceOfSteel"},{"floor":16.0,"key":"champ:CounterPotion"}],"is_trial":false,"path_per_floor":["M","M","?","M","?","E","R","E","T","M","R","$","M","?","R","B",null,"M"],"character_chosen":"THE_CHEF","items_purchased":["chefmod:SliceAndDice","chefmod:SushiPlatter"],"campfire_rested":0,"item_purchase_floors":[12,12],"current_hp_per_floor":[67,67,64,60,60,46,46,42,42,42,42,42,42,42,42,35,90,90,90],"gold":119,"neow_bonus":"TWENTY_PERCENT_HP_BONUS","is_daily":false,"chose_seed":false,"campfire_upgraded":3,"win_rate":0.0,"timestamp":1613219501,"path_taken":["M","M","?","M","?","E","R","E","T","?","R","$","M","?","R","BOSS","M"],"items_purchased_type":["Card","Card"],"build_version":"2020-12-22","purchased_purges":1,"victory":false,"max_hp_per_floor":[90,90,90,90,90,90,90,90,90,90,90,90,90,90,90,90,90,90,90],"card_choices":[{"not_picked":["chefmod:Sorbet","chefmod:Defrost"],"picked":"chefmod:Granita","floor":1.0},{"not_picked":["chefmod:FarmersMarket","chefmod:Gelato"],"picked":"chefmod:DinoKale","floor":2.0},{"not_picked":["chefmod:DimSum","chefmod:Defrost"],"picked":"chefmod:FireUp","floor":4.0},{"not_picked":["chefmod:ColdSteel","chefmod:BleedOut"],"picked":"chefmod:Mince","floor":6.0},{"not_picked":["chefmod:FreshProduce","chefmod:DimSum"],"picked":"chefmod:Flambe","floor":8.0},{"not_picked":["chefmod:AllYouCanEat","chefmod:Flambe"],"picked":"chefmod:FiveAlarmChili","floor":10.0},{"not_picked":["chefmod:Granita","chefmod:HotSoup"],"picked":"chefmod:ColdSteel","floor":13.0},{"not_picked":["chefmod:DeathByChocolate","chefmod:CapreseSalad"],"picked":"chefmod:SushiPlatter","floor":16.0}],"player_experience":907956,"relics_obtained":[{"floor":6.0,"key":"War Paint"},{"floor":8.0,"key":"Toy Ornithopter"},{"floor":9.0,"key":"Bag of Marbles"}],"event_choices":[{"damage_healed":0.0,"max_hp_gain":0.0,"max_hp_loss":0.0,"gold_gain":0.0,"event_name":"Upgrade Shrine","player_choice":"Upgraded","floor":5.0,"gold_loss":0.0,"damage_taken":0.0,"cards_upgraded":["chefmod:QuickThaw"]},{"cards_removed":["chefmod:Strike"],"damage_healed":0.0,"max_hp_gain":0.0,"max_hp_loss":0.0,"gold_gain":0.0,"event_name":"The Cleric","player_choice":"Card Removal","floor":14.0,"gold_loss":50.0,"damage_taken":0.0}],"is_beta":false,"boss_relics":[{"not_picked":["Tiny House","Empty Cage"],"picked":"Cursed Key"}],"items_purged_floors":[12],"is_endless":false,"potions_floor_spawned":[1,4,8,16],"killed_by":"3 Byrds","ascension_level":0}}