{"host":"tetk82fuf8thwxol","time":1613186159,"event":{"mods":["AchievementEnabler","BaseMod","BetterRewards","GifTheSpireLib","Hermit","Minty Spire (QoL Compilation)","Permanent Neow","Quick Restart","Shop Mod","Spicy Shops","StSLib","The Bug Knight","The Cursed","The Runesmith"],"gold_per_floor":[115,133,133,133,146,146,180,5,55,55,55,66,241,25,25,120,120,140,140,158,158,158],"floor_reached":21,"language":"ENG","playtime":544,"items_purged":["Strike_B","Defend_B","Doubt"],"score":274,"play_id":"9b225a00-b664-430c-b3ab-e280a8ed6ee4","local_time":"20210212211559","is_ascension_mode":true,"campfire_choices":[{"floor":6,"key":"REST"},{"floor":10,"key":"REST"},{"floor":15,"key":"REST"}],"circlet_count":0,"master_deck":["AscendersBane","Strike_B","Strike_B","Defend_B","Defend_B","Defend_B+1","Zap","Dualcast","Beam Cell+1","Beam Cell+1","Conserve Battery","Go for the Eyes","Melter","Leap","Core Surge","Sweeping Beam+1"],"relics":["Cracked Core","NeowsBlessing","Toy Ornithopter","Dream Catcher","Cursed Key"],"acts_visited":["Exordium","TheCity"],"potions_floor_usage":[7,7,16,20,21],"damage_taken":[{"damage":0,"enemies":"Jaw Worm","floor":1,"turns":1},{"damage":0,"enemies":"Cultist","floor":2,"turns":1},{"damage":0,"enemies":"Small Slimes","floor":5,"turns":1},{"damage":15,"enemies":"HollowMod:MossKnight","floor":7,"turns":6},{"damage":0,"enemies":"Looter","floor":12,"turns":3},{"damage":37,"enemies":"Slime Boss","floor":16,"turns":12},{"damage":4,"enemies":"Chosen","floor":18,"turns":3},{"damage":13,"enemies":"3 Byrds","floor":20,"turns":4},{"damage":9,"enemies":"Cultist and Chosen","floor":21,"turns":4}],"seed_played":"-6133056325950985080","potions_obtained":[{"floor":2,"key":"Ancient Potion"},{"floor":5,"key":"Strength Potion"},{"floor":7,"key":"Ancient Potion"},{"floor":18,"key":"Fire Potion"},{"floor":20,"key":"Weak Potion"}],"is_trial":false,"path_per_floor":["M","M","?","?","M","R","E","$","T","R","?","M","?","$","R","B",null,"M","?","M","M"],"character_chosen":"DEFECT","items_purchased":["Melter"],"campfire_rested":3,"item_purchase_floors":[14],"current_hp_per_floor":[68,68,53,53,53,75,60,60,60,75,68,68,68,68,75,38,66,62,48,40,36,36],"gold":158,"neow_bonus":"THREE_ENEMY_KILL","is_daily":false,"chose_seed":false,"campfire_upgraded":0,"win_rate":0.0,"timestamp":1613186159,"path_taken":["M","M","?","?","?","R","E","$","T","R","?","M","?","$","R","BOSS","M","?","M","M"],"items_purchased_type":["Card"],"build_version":"2020-12-22","purchased_purges":3,"victory":false,"max_hp_per_floor":[75,75,75,75,75,75,75,75,75,75,75,75,75,75,75,75,75,75,80,80,80,80],"card_choices":[{"not_picked":["Barrage","Streamline"],"picked":"Beam Cell","floor":1},{"not_picked":["Compile Driver","Double Energy"],"picked":"Beam Cell","floor":2},{"not_picked":["Redo","Turbo"],"picked":"Conserve Battery","floor":5},{"not_picked":["Compile Driver","Steam","Cold Snap"],"picked":"SKIP","floor":7},{"not_picked":["Hello World","Rebound"],"picked":"Go for the Eyes","floor":12},{"not_picked":["Auto Shields","Storm"],"picked":"Leap","floor":15},{"not_picked":["Echo Form","Multi-Cast"],"picked":"Core Surge","floor":16},{"not_picked":["White Noise","Rip and Tear"],"picked":"Sweeping Beam+1","floor":18},{"not_picked":["Cold Snap","Stack","Blizzard"],"picked":"SKIP","floor":20}],"player_experience":207830,"relics_obtained":[{"floor":7,"key":"Toy Ornithopter"},{"floor":9,"key":"Dream Catcher"}],"event_choices":[{"damage_healed":0,"gold_gain":0,"player_choice":"Entered Light","damage_taken":15,"max_hp_gain":0,"max_hp_loss":0,"event_name":"Shining Light","floor":3,"gold_loss":0,"cards_upgraded":["Defend_B","Beam Cell"]},{"damage_healed":0,"gold_gain":0,"player_choice":"Upgraded","damage_taken":0,"max_hp_gain":0,"max_hp_loss":0,"event_name":"Upgrade Shrine","floor":4,"gold_loss":0,"cards_upgraded":["Beam Cell"]},{"cards_removed":["Strike_B"],"damage_healed":0,"gold_gain":0,"player_choice":"Card Removal","damage_taken":7,"max_hp_gain":0,"max_hp_loss":0,"event_name":"Golden Wing","floor":11,"gold_loss":0},{"damage_healed":0,"gold_gain":175,"player_choice":"AGREE","damage_taken":0,"max_hp_gain":0,"max_hp_loss":0,"event_name":"Liars Game","floor":13,"gold_loss":0,"cards_obtained":["Doubt"]},{"damage_healed":0,"gold_gain":0,"player_choice":"Shed Blood","damage_taken":19,"max_hp_gain":5,"max_hp_loss":0,"event_name":"Forgotten Altar","floor":19,"gold_loss":0}],"is_beta":false,"boss_relics":[{"not_picked":["Velvet Choker","Runic Dome"],"picked":"Cursed Key"}],"items_purged_floors":[8,8,14],"is_endless":false,"potions_floor_spawned":[2,5,7,18,20],"killed_by":"Cultist and Chosen","ascension_level":11}}