{"host":"bakf0s4odzu8z5xt","time":1613246922,"event":{"mods":["2.2 Compatiblity","BaseMod","Downfall","Friendly Minions","Minty Spire (QoL Compilation)","StSLib"],"gold_per_floor":[99,111,123,139,159,159,184,209,221,233,258,301,313,337,362,471,483,495,520,545,557,54,54,54,71,71,102,120,154,71,100,117,117,117,117],"floor_reached":33,"language":"ENG","playtime":3029,"items_purged":[],"score":386,"play_id":"fe680258-d12c-4339-b6a3-6f429632ebfb","local_time":"20210213140842","is_ascension_mode":true,"campfire_choices":[{"data":"Guardian:CurlUp","floor":1.0,"key":"SMITH"},{"data":"Guardian:BodySlam","floor":6.0,"key":"SMITH"},{"data":"Guardian:TwinSlam","floor":9.0,"key":"SMITH"},{"data":"Guardian:Orbwalk","floor":18.0,"key":"SMITH"},{"floor":23,"key":"RECALL"},{"data":"Guardian:FuturePlans","floor":26,"key":"SMITH"}],"circlet_count":0,"master_deck":["Guardian:Strike_Guardian","Guardian:Strike_Guardian","Guardian:Strike_Guardian","Guardian:Strike_Guardian","Guardian:Defend_Guardian","Guardian:Defend_Guardian","Guardian:Defend_Guardian","Guardian:Defend_Guardian","Guardian:CurlUp+1","Guardian:TwinSlam+1","Guardian:BodySlam+1","Guardian:FuturePlans+1","Guardian:PiercingHide","Guardian:RollAttack","Guardian:Orbwalk+1","Guardian:TemporalShield","Guardian:ConstructionForm","Guardian:ShieldCharger","Guardian:PiercingHide","Guardian:TemporalStrike","Guardian:TemporalShield+1","Guardian:CrystalBeam+1","Guardian:Harden","Guardian:TimeCapacitor","Guardian:VentSteam","Guardian:PiercingHide+1"],"relics":["Guardian:ModeShifter","sneckomod:BlankCard","MawBank","Guardian:PickAxe","Guardian:PocketSentry","Philosopher\u0027s Stone","Slimebound:StickyStick","FossilizedHelix","Sling","Ornamental Fan","Bronze Scales","HornCleat"],"acts_visited":["Exordium","TheCity"],"potions_floor_usage":[27,31],"damage_taken":[{"damage":2.0,"enemies":"Jaw Worm","floor":2.0,"turns":6.0},{"damage":2.0,"enemies":"Small Slimes","floor":3.0,"turns":4.0},{"damage":4.0,"enemies":"Cultist","floor":4.0,"turns":5.0},{"damage":1.0,"enemies":"2 Fungi Beasts","floor":5.0,"turns":4.0},{"damage":0.0,"enemies":"Large Slime","floor":8.0,"turns":6.0},{"damage":6.0,"enemies":"Large Slime","floor":10.0,"turns":4.0},{"damage":8.0,"enemies":"Blue Slaver","floor":11.0,"turns":2.0},{"damage":10.0,"enemies":"Lagavulin","floor":12.0,"turns":5.0},{"damage":0.0,"enemies":"Exordium Thugs","floor":14.0,"turns":4.0},{"damage":0.0,"enemies":"Lots of Slimes","floor":15.0,"turns":2.0},{"damage":26.0,"enemies":"IC_STATUS_ARCHETYPE","floor":16.0,"turns":13.0},{"damage":13.0,"enemies":"3 Byrds","floor":19.0,"turns":5.0},{"damage":0,"enemies":"Sentry and Sphere","floor":20,"turns":5},{"damage":6,"enemies":"downfall:FleeingMerchant","floor":22,"turns":4},{"damage":10,"enemies":"Centurion and Healer","floor":25,"turns":7},{"damage":11,"enemies":"Slavers","floor":27,"turns":5},{"damage":0,"enemies":"Shelled Parasite and Fungi","floor":28,"turns":4},{"damage":0,"enemies":"Gremlin Leader","floor":29,"turns":6},{"damage":0,"enemies":"downfall:FleeingMerchant","floor":30,"turns":4},{"damage":13,"enemies":"Slavers","floor":31,"turns":2},{"damage":0,"enemies":"Snecko","floor":32,"turns":5},{"damage":30,"enemies":"WA_ARCHETYPE_CALM","floor":33,"turns":8}],"seed_played":"-2297204952923150632","potions_obtained":[{"floor":4.0,"key":"PowerPotion"},{"floor":8.0,"key":"BlessingOfTheForge"},{"floor":12.0,"key":"AttackPotion"},{"floor":16.0,"key":"AttackPotion"},{"floor":20,"key":"bronze:BurnAndBuffPotion"},{"floor":27,"key":"Regen Potion"},{"floor":28,"key":"SkillPotion"}],"is_trial":false,"path_per_floor":["R","M","M","M","M","R","T","M","R","?","M","E","R","M","M","B",null,"R","M","M","?","$","R","T","M","R","E","M","E","$","E","M","B"],"character_chosen":"GUARDIAN","items_purchased":["FossilizedHelix","Guardian:TemporalStrike","Sling","Guardian:TimeCapacitor"],"campfire_rested":0,"item_purchase_floors":[22,22,22,30],"current_hp_per_floor":[80,78,76,72,71,71,71,71,71,65,57,47,47,47,47,21,80,80,67,67,67,61,61,61,51,51,40,40,40,40,27,27,0,0,0],"gold":117,"neow_bonus":"RANDOM_COMMON_RELIC","is_daily":false,"chose_seed":false,"campfire_upgraded":5,"win_rate":0.0,"timestamp":1613246922,"path_taken":["R","M","M","M","M","R","T","M","R","?","M","E","R","M","M","BOSS","R","M","M","?","$","R","T","M","R","E","M","E","?","E","M","BOSS"],"items_purchased_type":["Relic","Card","Relic","Card"],"build_version":"2020-12-22","purchased_purges":0,"victory":false,"max_hp_per_floor":[80,80,80,80,80,80,80,80,80,80,80,80,80,80,80,80,80,80,80,80,80,80,80,80,80,80,80,80,80,80,80,80,80,80,80],"card_choices":[{"not_picked":["Guardian:PiercingHide","Guardian:TemporalStrike"],"picked":"Guardian:BodySlam","floor":2.0},{"not_picked":["Guardian:BronzeOrb","Guardian:Suspension"],"picked":"Guardian:FuturePlans","floor":3.0},{"not_picked":["Guardian:TimeBomb","Guardian:PolyBeam"],"picked":"Guardian:PiercingHide","floor":4.0},{"not_picked":["Guardian:Suspension","Guardian:PrimingBeam"],"picked":"Guardian:RollAttack","floor":5.0},{"not_picked":["Guardian:PrimingBeam","Guardian:Gem_Red"],"picked":"Guardian:Gem_Lightblue","floor":8.0},{"not_picked":["Guardian:ChargeCore","Guardian:RollAttack"],"picked":"Guardian:Gem_Yellow","floor":11.0},{"not_picked":["Guardian:Gem_Cyan","Guardian:HyperBeam_Guardian"],"picked":"Guardian:Orbwalk","floor":12.0},{"not_picked":["Guardian:Gem_Fragmented","Guardian:Incinerate"],"picked":"Guardian:Gem_Purple","floor":14.0},{"not_picked":["Guardian:Repulse","Guardian:FloatingOrbs"],"picked":"Guardian:TemporalShield","floor":15.0},{"not_picked":["Guardian:CompilePackage","Guardian:FastForward"],"picked":"Guardian:ConstructionForm","floor":16.0},{"not_picked":["Guardian:ChargeCore","Guardian:TemporalShield+1"],"picked":"Guardian:ShieldCharger","floor":19},{"not_picked":["Guardian:Planning","Guardian:ShieldCharger"],"picked":"Guardian:Gem_Yellow","floor":20},{"not_picked":["Guardian:PrimingBeam+1","Guardian:SpikerProtocol"],"picked":"Guardian:PiercingHide","floor":22},{"not_picked":["Guardian:Incinerate","Guardian:SpikerProtocol"],"picked":"Guardian:TemporalShield+1","floor":25},{"not_picked":["Guardian:SentryBeam","Guardian:ChargeCore","Guardian:Planning"],"picked":"SKIP","floor":27},{"not_picked":["Guardian:ArmoredProtocol+1","Guardian:TemporalShield"],"picked":"Guardian:CrystalBeam+1","floor":28},{"not_picked":["Guardian:Recover","Guardian:DecasProtection","Guardian:TemporalShield"],"picked":"SKIP","floor":29},{"not_picked":["Guardian:PiercingHide","Guardian:Preprogram+1"],"picked":"Guardian:Harden","floor":30},{"not_picked":["Guardian:Gem_Fragmented","Guardian:TimeBomb"],"picked":"Guardian:VentSteam","floor":31},{"not_picked":["Guardian:Gem_Cyan","Guardian:Orbwalk"],"picked":"Guardian:PiercingHide+1","floor":32}],"player_experience":2177684,"relics_obtained":[{"floor":7.0,"key":"MawBank"},{"floor":12.0,"key":"Guardian:PocketSentry"},{"floor":21,"key":"Slimebound:StickyStick"},{"floor":27,"key":"Ornamental Fan"},{"floor":29,"key":"Bronze Scales"},{"floor":31,"key":"HornCleat"}],"event_choices":[{"damage_healed":0,"gold_gain":0,"player_choice":"Relic","damage_taken":0,"max_hp_gain":0,"max_hp_loss":0,"event_name":"Wheel of Change","floor":21,"gold_loss":0}],"is_beta":false,"boss_relics":[{"not_picked":["Empty Cage","Black Star"],"picked":"Philosopher\u0027s Stone"}],"items_purged_floors":[],"is_endless":false,"potions_floor_spawned":[4,8,12,16,20,27,28],"killed_by":"WA_ARCHETYPE_CALM","ascension_level":3}}