{"host":"pszcj3piwl6eu8b1","time":1613179973,"event":{"mods":["2.2 Compatiblity","Act Like it!","Aspiration","BaseMod","Better Altar","Better Match","Better Note","Better Sensory Stone","Better Skull","Better Third Choice","Better Vampires","CCEM2","Downfall","Elementarium","Energized Spire","Gensokyo","GifTheSpireLib","Hallownest","Hubris","Marisa????????","Menagerie","Minty Spire (QoL Compilation)","Permanent Neow","Quarter Circle Forward PUNCH!","Quick Restart","Replay The Spire","Shop Mod","StSLib","Stuff the Spire","The Animator","The Blue Laboratory"],"gold_per_floor":[110,110,213,227,245,245,286,303,328,328,130,145,145,145,145,145,145],"floor_reached":16,"language":"ENG","playtime":741,"items_purged":["Amnesia"],"score":190,"play_id":"d7d1e16d-9500-481a-a7c2-d2efe2ad812c","local_time":"20210212173253","is_ascension_mode":true,"campfire_choices":[{"data":"animator:Tatsumaki","floor":6.0,"key":"SMITH"},{"floor":10.0,"key":"REST"}],"circlet_count":0,"master_deck":["AscendersBane","animator:Strike_TenSura","animator:Defend_TenSura","animator:Strike","animator:Defend+1","animator:Defend","animator:Benimaru","animator:Shuna","animator:Tatsumaki+1","animator:Hakurou","animator:Kaijin","animator:Tatsumaki","animator:Souei","animator:Tet"],"relics":["animator:LivingPicture","animator:TheMissingPiece","animator:PurgingStone","StuffTheSpire:CocoNut","Bag of Marbles","hubris:TinFlute","ReplayTheSpireMod:CursedCoin","hubris:Towel"],"acts_visited":["Gensokyo:Gensokyo"],"potions_floor_usage":[],"damage_taken":[{"damage":6.0,"enemies":"Gensokyo:2_Kodama","floor":1.0,"turns":4.0},{"damage":2.0,"enemies":"Gensokyo:Gryphon","floor":4.0,"turns":3.0},{"damage":0.0,"enemies":"Gensokyo:Python","floor":5.0,"turns":4.0},{"damage":10.0,"enemies":"Gensokyo:Aya","floor":7.0,"turns":5.0},{"damage":10.0,"enemies":"Gensokyo:2_Rabbits","floor":8.0,"turns":4.0},{"damage":10.0,"enemies":"Gensokyo:Python_and_Kodama","floor":12.0,"turns":4.0},{"damage":29,"enemies":"Gensokyo:Yukari","floor":16,"turns":3}],"seed_played":"-7894270469213398460","potions_obtained":[{"floor":1.0,"key":"SpeedPotion"},{"floor":4.0,"key":"blueLaboratory:PhilterOfMotion"},{"floor":12.0,"key":"blueLaboratory:AbyssPotion"}],"is_trial":false,"path_per_floor":["M","?","?","M","M","R","E","M","T","R","$","M","?","?","R","B"],"character_chosen":"THE_ANIMATOR","items_purchased":["hubris:TinFlute","ReplayTheSpireMod:CursedCoin"],"campfire_rested":1,"item_purchase_floors":[11,11],"current_hp_per_floor":[33,33,33,32,32,32,29,19,19,39,39,29,29,21,21,0,0],"gold":145,"neow_bonus":"REMOVE_TWO","is_daily":false,"chose_seed":false,"campfire_upgraded":1,"win_rate":0.0,"timestamp":1613179973,"path_taken":["M","?","?","?","M","R","E","?","T","R","$","M","?","?","R","BOSS"],"items_purchased_type":["Relic","Relic"],"build_version":"2020-12-22","purchased_purges":1,"victory":false,"max_hp_per_floor":[60,60,60,61,61,61,68,68,68,68,68,68,68,68,68,68,68],"card_choices":[{"not_picked":["animator:RinTohsaka","animator:Emonzaemon"],"picked":"animator:Tatsumaki","floor":1.0},{"not_picked":["animator:LeleiLaLalena","animator:DolaRiku"],"picked":"animator:Hakurou","floor":3.0},{"not_picked":["animator:Raven","animator:Ciel"],"picked":"animator:Kaijin","floor":4.0},{"not_picked":["animator:RoryMercury","animator:Entoma"],"picked":"animator:Tatsumaki","floor":5.0},{"not_picked":["animator:Shion","animator:Hakurou"],"picked":"animator:Souei","floor":7.0},{"not_picked":["animator:Eve","animator:Ain","animator:Tatsumaki"],"picked":"SKIP","floor":8.0},{"not_picked":["animator:MetalKnight","animator:Emonzaemon","animator:MumenRider"],"picked":"SKIP","floor":12.0}],"player_experience":1429221,"relics_obtained":[{"floor":7.0,"key":"StuffTheSpire:CocoNut"},{"floor":9.0,"key":"Bag of Marbles"}],"event_choices":[],"is_beta":false,"boss_relics":[],"items_purged_floors":[11],"is_endless":false,"potions_floor_spawned":[1,4,12],"killed_by":"Gensokyo:Yukari","ascension_level":20}}