{"host":"q57ekfojy3i00x9o","time":1613221957,"event":{"mods":["Act Like it!","Arknights","Aspiration","BaseMod","Colored Map","Energized Spire","Hermit","Minty Spire (QoL Compilation)","Quick Restart","Spicy Shops","Spikes Relics","StSLib","slay the spire mod where everything is the same but ironclad has a cowboy hat"],"gold_per_floor":[110,42,58,58,51,83,83,118,196,216,250,215,234,246,246,345,345,360,360,16,36,36,36,47,47,100,100,0,0,34,47,47,150,150,165,165,40,40,0,32,44,71,98,98,46,46,46,46,46,46],"floor_reached":51,"language":"RUS","playtime":1058,"items_purged":["ats:Strike G","Writhe","ats:Rapid Magazine"],"score":1082,"play_id":"eb5ac7fa-cd85-4fa9-8a9f-a436a0d53566","local_time":"20210213181237","is_ascension_mode":true,"campfire_choices":[{"floor":15.0,"key":"REST"},{"floor":23,"key":"REST"},{"data":"ats:Ambush","floor":25,"key":"SMITH"},{"data":"ats:Closed Bolt Burst Fire","floor":29,"key":"SMITH"},{"floor":32,"key":"REST"},{"floor":44,"key":"REST"},{"floor":47,"key":"REST"},{"data":"Secret Weapon","floor":49,"key":"SMITH"}],"circlet_count":0,"master_deck":["ats:Strike C","ats:Strike S","ats:Strike V","ats:Armor Crushing Shot","ats:Defend","ats:Defend","ats:Defend","ats:Defend","ats:Emotion Absorption","ats:Closed Bolt Burst Fire","ats:Closed Bolt Burst Fire+1","ats:Mental Burst","ats:Powerful Strike","ats:Hammer On","ats:Overload","ats:Sword Rain","ats:Poison Spread","ats:Ambush+1","ats:Flexible Camouflage","ats:Explosion Area Strengthen","ats:Thermite Blade","ats:Apocalypse+1","ats:Consecutive Shot Auto","ats:Thorns","ats:Consecutive Shot Auto","ats:Shell Defense+1","ats:Nebulous Foxfire","ats:Explosion Area Strengthen+1","ats:Rapid Magazine+1","ats:Poison Spread","Secret Weapon+1"],"relics":["ats:Sanity","NeowsBlessing","ats:Originium","Mummified Hand","Lizard Tail","aspiration:FetidBarrel","ats:Lavender","ats:Tactical Delivery","ClockworkSouvenir","BicycleWheel","SpikesRelics:DaevaFist","Ornamental Fan","Ginger","Philosopher\u0027s Stone","Red Mask","Singing Bowl","Pen Nib","aspiration:Lifesprig"],"acts_visited":["Exordium","TheCity","TheBeyond"],"potions_floor_usage":[30,33,33,50],"damage_taken":[{"damage":0.0,"enemies":"Small Slimes","floor":1.0,"turns":1.0},{"damage":0.0,"enemies":"Cultist","floor":3.0,"turns":1.0},{"damage":0.0,"enemies":"Gremlin Nob","floor":6.0,"turns":1.0},{"damage":20.0,"enemies":"3 Sentries","floor":8.0,"turns":3.0},{"damage":1.0,"enemies":"2 Louse","floor":10.0,"turns":2.0},{"damage":20.0,"enemies":"Lagavulin","floor":11.0,"turns":3.0},{"damage":35.0,"enemies":"Exordium Thugs","floor":13.0,"turns":5.0},{"damage":13.0,"enemies":"Large Slime","floor":14.0,"turns":4.0},{"damage":60.0,"enemies":"Slime Boss","floor":16.0,"turns":8.0},{"damage":11.0,"enemies":"Spheric Guardian","floor":18.0,"turns":3.0},{"damage":12.0,"enemies":"2 Thieves","floor":21.0,"turns":3.0},{"damage":24,"enemies":"Snecko","floor":24,"turns":4},{"damage":20,"enemies":"Slavers","floor":30,"turns":4},{"damage":9,"enemies":"Centurion and Healer","floor":31,"turns":4},{"damage":30,"enemies":"Collector","floor":33,"turns":9},{"damage":16,"enemies":"3 Shapes","floor":35,"turns":4},{"damage":36,"enemies":"Nemesis","floor":40,"turns":5},{"damage":0,"enemies":"Orb Walker","floor":41,"turns":3},{"damage":46,"enemies":"Giant Head","floor":42,"turns":7},{"damage":36,"enemies":"Donu and Deca","floor":50,"turns":6}],"seed_played":"5384166886678483644","potions_obtained":[{"floor":4.0,"key":"Strength Potion"},{"floor":4.0,"key":"Fire Potion"},{"floor":4.0,"key":"Explosive Potion"},{"floor":8.0,"key":"SteroidPotion"},{"floor":10.0,"key":"ats:Flame Arts Potion"},{"floor":13.0,"key":"Dexterity Potion"},{"floor":21.0,"key":"ColorlessPotion"},{"floor":30,"key":"Weak Potion"},{"floor":31,"key":"Explosive Potion"},{"floor":42,"key":"Strength Potion"}],"is_trial":false,"path_per_floor":["M","$","M","?","$","E","?","E","T","M","E","?","M","M","R","B",null,"M","?","$","M","?","R","M","R","T","?","$","R","E","M","R","B",null,"M","?","$","?","?","E","M","E","T","R","$","?","R","?","R","B",null],"character_chosen":"DOCTOR_CLASS","items_purchased":["ats:Closed Bolt Burst Fire","ats:Rapid Magazine","ClockworkSouvenir","BicycleWheel","ats:Thermite Blade","ats:Poison Spread"],"campfire_rested":5,"item_purchase_floors":[2,5,20,20,20,45],"current_hp_per_floor":[65,65,65,65,65,65,70,50,50,49,29,48,17,7,30,22,63,54,54,54,45,45,68,53,53,53,53,53,53,42,36,59,43,69,56,56,56,56,56,30,40,20,20,41,41,41,62,62,62,43],"gold":46,"neow_bonus":"THREE_ENEMY_KILL","is_daily":false,"chose_seed":false,"campfire_upgraded":3,"win_rate":0.0,"timestamp":1613221957,"path_taken":["M","$","M","?","?","E","?","E","T","M","E","?","M","M","R","BOSS","M","?","?","M","?","R","M","R","T","?","$","R","E","M","R","BOSS","M","?","$","?","?","E","M","E","T","R","$","?","R","?","R","BOSS"],"items_purchased_type":["Card","Card","Relic","Relic","Card","Card"],"build_version":"2020-12-22","purchased_purges":3,"victory":true,"max_hp_per_floor":[72,72,72,72,72,72,77,77,77,77,77,77,77,77,77,77,77,77,77,77,77,77,77,77,77,77,77,77,77,77,77,77,77,77,77,73,73,73,73,73,73,73,73,73,73,73,73,73,73,73],"card_choices":[{"not_picked":["ats:Blood Oath","ats:Chain Hook"],"picked":"ats:Closed Bolt Burst Fire","floor":1.0},{"not_picked":["ats:Guard Mode","ats:Leaping Hammer"],"picked":"ats:Mental Burst","floor":3.0},{"not_picked":["ats:Ignite","ats:Volcano"],"picked":"ats:Powerful Strike","floor":6.0},{"not_picked":["ats:Literary Storm","ats:Soul Absorption"],"picked":"ats:Hammer On","floor":8.0},{"not_picked":["ats:Cat Scratch","ats:Flexible Camouflage"],"picked":"ats:Overload","floor":10.0},{"not_picked":["ats:Curse Doll","ats:Collapsing Strike"],"picked":"ats:Hook Shot","floor":11.0},{"not_picked":["ats:Steam Pump","ats:Revitalization"],"picked":"ats:Sword Rain","floor":13.0},{"not_picked":["ats:Hammer On","ats:Absolute Focus"],"picked":"ats:Poison Spread","floor":14.0},{"not_picked":["ats:Nebulous Foxfire","ats:Rat Pack"],"picked":"ats:Ambush","floor":16.0},{"not_picked":["ats:Red Shift","ats:Assault Order"],"picked":"ats:Flexible Camouflage","floor":18.0},{"not_picked":["ats:Explosion Area Strengthen","ats:Ignite"],"picked":"ats:Apocalypse+1","floor":21.0},{"not_picked":["ats:Composite Medical Shells+1","ats:Automatic Cover"],"picked":"ats:Consecutive Shot Auto","floor":24},{"not_picked":["ats:Very Hot Blade","ats:Revitalization"],"picked":"ats:Thorns","floor":30},{"not_picked":["ats:Support Order","ats:Hook Shot"],"picked":"ats:Consecutive Shot Auto","floor":31},{"not_picked":["ats:Guard Mode+1","ats:Cat Scratch"],"picked":"ats:Shell Defense+1","floor":35},{"not_picked":["ats:Beaten Up","ats:Hammer On"],"picked":"ats:Nebulous Foxfire","floor":40},{"not_picked":["ats:Magnetic Hammer+1","ats:Neurotoxin"],"picked":"ats:Explosion Area Strengthen+1","floor":41},{"not_picked":["ats:Blood Oath","ats:Guard Mode+1"],"picked":"ats:Rapid Magazine+1","floor":42},{"not_picked":["Metamorphosis","Reforge"],"picked":"Secret Weapon","floor":48}],"player_experience":765560,"relics_obtained":[{"floor":6.0,"key":"ats:Originium"},{"floor":6.0,"key":"Mummified Hand"},{"floor":8.0,"key":"ats:Originium"},{"floor":8.0,"key":"Lizard Tail"},{"floor":9.0,"key":"aspiration:FetidBarrel"},{"floor":11.0,"key":"ats:Originium"},{"floor":11.0,"key":"ats:Lavender"},{"floor":26,"key":"SpikesRelics:DaevaFist"},{"floor":30,"key":"Ginger"},{"floor":40,"key":"Singing Bowl"},{"floor":42,"key":"Pen Nib"},{"floor":43,"key":"aspiration:Lifesprig"}],"event_choices":[{"damage_healed":0.0,"max_hp_gain":0.0,"max_hp_loss":0.0,"gold_gain":0.0,"event_name":"Lab","player_choice":"Got Potions","floor":4.0,"gold_loss":0.0,"damage_taken":0.0},{"damage_healed":0.0,"max_hp_gain":5.0,"max_hp_loss":0.0,"gold_gain":0.0,"event_name":"Big Fish","player_choice":"Donut","floor":7.0,"gold_loss":0.0,"damage_taken":0.0},{"damage_healed":19.0,"max_hp_gain":0.0,"max_hp_loss":0.0,"gold_gain":0.0,"event_name":"The Cleric","player_choice":"Healed","floor":12.0,"gold_loss":35.0,"damage_taken":0.0},{"damage_healed":0.0,"max_hp_gain":0.0,"max_hp_loss":0.0,"gold_gain":0.0,"event_name":"The Library","player_choice":"Read","floor":19.0,"gold_loss":0.0,"damage_taken":0.0,"cards_obtained":["ats:Explosion Area Strengthen"]},{"damage_healed":0,"gold_gain":0,"player_choice":"Ignored","damage_taken":0,"max_hp_gain":0,"max_hp_loss":0,"event_name":"Vampires","floor":22,"gold_loss":0},{"damage_healed":0,"gold_gain":0,"player_choice":"Opened","damage_taken":0,"relics_obtained":["Ornamental Fan"],"max_hp_gain":0,"max_hp_loss":0,"event_name":"The Mausoleum","floor":27,"gold_loss":0,"cards_obtained":["Writhe"]},{"damage_healed":0,"gold_gain":0,"player_choice":"Max HP","damage_taken":0,"max_hp_gain":0,"max_hp_loss":4,"event_name":"Winding Halls","floor":36,"gold_loss":0},{"cards_removed":["ats:Hook Shot"],"damage_healed":0,"gold_gain":0,"player_choice":"Removed Skill","damage_taken":0,"max_hp_gain":0,"max_hp_loss":0,"event_name":"Falling","floor":38,"gold_loss":0},{"damage_healed":0,"gold_gain":0,"player_choice":"Paid","damage_taken":0,"relics_obtained":["Red Mask"],"max_hp_gain":0,"max_hp_loss":0,"event_name":"Tomb of Lord Red Mask","floor":39,"gold_loss":40},{"damage_healed":0,"gold_gain":0,"player_choice":"Ignored","damage_taken":0,"max_hp_gain":0,"max_hp_loss":0,"event_name":"Mysterious Sphere","floor":46,"gold_loss":0},{"damage_healed":0,"gold_gain":0,"player_choice":"Memory 1","damage_taken":0,"max_hp_gain":0,"max_hp_loss":0,"event_name":"SensoryStone","floor":48,"gold_loss":0}],"is_beta":false,"boss_relics":[{"not_picked":["aspiration:RunicSpoon","ats:Sanity Plus"],"picked":"ats:Tactical Delivery"},{"not_picked":["SacredBark","energizedSpire:HugeHouse"],"picked":"Philosopher\u0027s Stone"}],"items_purged_floors":[20,28,37],"is_endless":false,"potions_floor_spawned":[8,10,13,21,30,31,42],"ascension_level":9}}