{"host":"8iprjuzow65cevwy","time":1613257418,"event":{"mods":["BaseMod","Colored Map","Highlight Path","Minty Spire (QoL Compilation)"],"gold_per_floor":[119,138,238,257,257,291,309,341,364,364,57,76,90,14,14,116,116,128,128,144,33,43,43,68,86,86,86,99,22,35,46,46,145,145,155,166,5,5,5],"floor_reached":38,"language":"ENG","playtime":2791,"items_purged":["Strike_R","Searing Blow","Bash"],"score":513,"play_id":"90b3437f-2510-4a00-a930-2960598ed958","local_time":"20210214000338","is_ascension_mode":true,"campfire_choices":[{"floor":10,"key":"REST"},{"floor":15,"key":"REST"},{"data":"Armaments","floor":23,"key":"SMITH"},{"floor":27,"key":"REST"},{"data":"Double Tap","floor":32,"key":"SMITH"}],"circlet_count":0,"master_deck":["Pommel Strike","True Grit","Pommel Strike","Dark Embrace","Flex","Immolate","Metallicize","Armaments+1","Sword Boomerang","Blood for Blood","Sentinel","Pummel","Double Tap+1","Reaper","Sever Soul","Offering","Wild Strike","Seeing Red","Burning Pact","Sword Boomerang","Power Through+1","Dark Shackles+1","Armaments+1","Carnage","Anger+1","Entrench+1","Battle Trance+1","Spot Weakness+1","Anger+1","Reckless Charge+1","Barricade","True Grit+1","Evolve","Shrug It Off+1"],"relics":["SlaversCollar","Lizard Tail","Lantern","Omamori","Membership Card","Boot","Pandora\u0027s Box","Toxic Egg 2","Art of War","InkBottle","Sozu","Vajra"],"acts_visited":["Exordium","TheCity","TheBeyond"],"potions_floor_usage":[8,16,16,33,33,33,38],"damage_taken":[{"damage":0,"enemies":"Small Slimes","floor":1,"turns":3},{"damage":1,"enemies":"Cultist","floor":2,"turns":4},{"damage":1,"enemies":"Jaw Worm","floor":4,"turns":4},{"damage":24,"enemies":"Lagavulin","floor":6,"turns":7},{"damage":18,"enemies":"Exordium Thugs","floor":7,"turns":5},{"damage":28,"enemies":"3 Sentries","floor":8,"turns":8},{"damage":2,"enemies":"Red Slaver","floor":12,"turns":2},{"damage":8,"enemies":"Lots of Slimes","floor":13,"turns":2},{"damage":25,"enemies":"The Guardian","floor":16,"turns":11},{"damage":2,"enemies":"Chosen","floor":18,"turns":4},{"damage":33,"enemies":"2 Thieves","floor":20,"turns":3},{"damage":6,"enemies":"Snake Plant","floor":22,"turns":2},{"damage":33,"enemies":"Book of Stabbing","floor":24,"turns":5},{"damage":4,"enemies":"Shelled Parasite and Fungi","floor":25,"turns":2},{"damage":21,"enemies":"Centurion and Healer","floor":28,"turns":5},{"damage":7,"enemies":"Snake Plant","floor":30,"turns":3},{"damage":0,"enemies":"Chosen and Byrds","floor":31,"turns":3},{"damage":116,"enemies":"Collector","floor":33,"turns":11},{"damage":11,"enemies":"Orb Walker","floor":35,"turns":3},{"damage":30,"enemies":"3 Darklings","floor":36,"turns":3},{"damage":56,"enemies":"Maw","floor":38,"turns":6}],"seed_played":"-4094435730411884684","potions_obtained":[{"floor":2,"key":"Swift Potion"},{"floor":7,"key":"Weak Potion"},{"floor":13,"key":"PowerPotion"},{"floor":16,"key":"Ancient Potion"},{"floor":18,"key":"Regen Potion"},{"floor":28,"key":"Explosive Potion"},{"floor":33,"key":"GamblersBrew"}],"is_trial":false,"path_per_floor":["M","M","?","M","?","E","M","E","T","R","$","M","M","$","R","B",null,"M","T","M","$","M","R","E","M","T","R","M","$","M","M","R","B",null,"M","M","$","M"],"character_chosen":"IRONCLAD","items_purchased":["Membership Card","Metallicize","Armaments","Boot","Sword Boomerang","Pummel","Power Through+1","Dark Shackles+1","Battle Trance+1","Spot Weakness+1","Shrug It Off+1","Vajra"],"campfire_rested":3,"item_purchase_floors":[11,11,11,11,11,14,21,21,29,29,37,37],"current_hp_per_floor":[80,79,79,78,83,59,41,13,13,38,38,36,28,28,53,28,71,75,75,66,66,60,60,32,28,28,53,32,32,25,36,36,6,65,54,24,24,0,0],"gold":5,"neow_bonus":"BOSS_RELIC","is_daily":false,"chose_seed":false,"campfire_upgraded":2,"win_rate":0.0,"timestamp":1613257418,"path_taken":["M","M","?","?","?","E","M","E","T","R","?","M","M","$","R","BOSS","M","?","M","$","M","R","E","M","T","R","M","$","M","M","R","BOSS","M","?","$","M"],"items_purchased_type":["Relic","Card","Card","Relic","Card","Card","Card","Card","Card","Card","Card","Relic"],"build_version":"2020-12-22","purchased_purges":3,"victory":false,"max_hp_per_floor":[80,80,80,80,85,85,85,85,85,85,85,85,85,85,85,85,85,85,85,85,85,85,85,85,85,85,85,85,85,85,85,85,85,85,85,85,85,85,85],"card_choices":[{"not_picked":["Cleave","Twin Strike"],"picked":"Pommel Strike","floor":1},{"not_picked":["Whirlwind","Anger"],"picked":"True Grit","floor":2},{"not_picked":["Twin Strike","Sword Boomerang"],"picked":"Pommel Strike","floor":4},{"not_picked":["Heavy Blade","Dropkick"],"picked":"Dark Embrace","floor":6},{"not_picked":["Twin Strike","Clothesline"],"picked":"Flex","floor":7},{"not_picked":["Rupture","Body Slam"],"picked":"Immolate","floor":8},{"not_picked":["Entrench","Pommel Strike"],"picked":"Blood for Blood","floor":12},{"not_picked":["Rupture","Flex"],"picked":"Sentinel","floor":13},{"not_picked":["Berserk","Bludgeon"],"picked":"Double Tap","floor":16},{"not_picked":["Rupture+1","Heavy Blade+1","Perfected Strike"],"picked":"SKIP","floor":18},{"not_picked":["Heavy Blade","Anger","Wild Strike"],"picked":"SKIP","floor":20},{"not_picked":["Reckless Charge+1","Impervious+1"],"picked":"Armaments+1","floor":22},{"not_picked":["Body Slam","Anger"],"picked":"Carnage","floor":24},{"not_picked":["Clothesline","Pommel Strike"],"picked":"Anger+1","floor":25},{"not_picked":["Twin Strike","Havoc+1"],"picked":"Entrench+1","floor":28},{"not_picked":["Warcry+1","Fiend Fire"],"picked":"Anger+1","floor":30},{"not_picked":["Searing Blow","Cleave"],"picked":"Reckless Charge+1","floor":31},{"not_picked":["Brutality","Reaper"],"picked":"Barricade","floor":33},{"not_picked":["Heavy Blade","Headbutt"],"picked":"True Grit+1","floor":35},{"not_picked":["True Grit+1","Sword Boomerang"],"picked":"Evolve","floor":36}],"player_experience":323064,"relics_obtained":[{"floor":6,"key":"Lizard Tail"},{"floor":8,"key":"Lantern"},{"floor":9,"key":"Omamori"},{"floor":19,"key":"Toxic Egg 2"},{"floor":24,"key":"Art of War"},{"floor":26,"key":"InkBottle"}],"event_choices":[{"damage_healed":0,"gold_gain":100,"player_choice":"Gold","damage_taken":0,"max_hp_gain":0,"max_hp_loss":0,"event_name":"Wheel of Change","floor":3,"gold_loss":0},{"damage_healed":0,"gold_gain":0,"player_choice":"Donut","damage_taken":0,"max_hp_gain":5,"max_hp_loss":0,"event_name":"Big Fish","floor":5,"gold_loss":0}],"is_beta":false,"boss_relics":[{"not_picked":["Busted Crown","Coffee Dripper"],"picked":"Pandora\u0027s Box"},{"not_picked":["Runic Cube","Black Star"],"picked":"Sozu"}],"items_purged_floors":[14,21,37],"is_endless":false,"potions_floor_spawned":[2,7,13,16,18,28,31,33,36],"killed_by":"Maw","ascension_level":5}}