{"host":"m9osufisr3agwk96","time":1613190163,"event":{"mods":["AchievementEnabler","Aspiration","BaseMod","Colored Map","Colored Powertips","Downfall","Friendly Minions","Hermit","Highlight Path","Hubris","Minty Spire (QoL Compilation)","Rare Cards Sparkle","Reliquary","Replay The Spire","Shop Mod","StSLib"],"gold_per_floor":[110,110,121,121,139,139,172,172,225,239,254,254,254,266,266,364,364,375,64,163,163,194,194,194,220,220,238,238,261,186,196,196,301,301,318,93,179,190,190,190,190,190],"floor_reached":41,"language":"ENG","playtime":1978,"items_purged":["EmptyBody"],"score":609,"play_id":"4f2c9339-1dad-4ee4-bd33-449992c6ef52","local_time":"20210212202243","is_ascension_mode":false,"campfire_choices":[{"data":"Vigilance","floor":6,"key":"SMITH"},{"floor":8,"key":"REST"},{"floor":15,"key":"REST"},{"floor":24,"key":"RECALL"},{"floor":28,"key":"REST"},{"floor":32,"key":"REST"},{"data":"Madness","floor":40,"key":"SMITH"}],"circlet_count":0,"master_deck":["Strike_P","Strike_P+1","Strike_P+1","Strike_P","Defend_P","Defend_P","Defend_P","Eruption+1","Vigilance+1","WaveOfTheHand","LikeWater","LikeWater","CarveReality","CrushJoints","EmptyFist","ReplayTheSpireMod:Splinters","Wish","Judgement","Replay:BluntJabs","Indignation","ReplayUltimateDefense","ReplayTheSpireMod:Private Reserves","Madness+1","WaveOfTheHand+1","EmptyBody+1","PathToVictory","Replay:AllIn","PathToVictory+1","ReplayTheSpireMod:Splinters","Perseverance+1","Replay:DivineShield+1","Replay:ManipulateFuture+1","Discovery"],"relics":["PureWater","CultistMask","Replay:Ringing Soul","Strawberry","Ring of Misfortune","Ring of Panic","Mango","hubris:ScarierMask","hubris:64BitClover","Red Mask","ReplayTheSpireMod:ShopPack","Durian","Frozen Egg 2","Bag of Preparation","Oddly Smooth Stone","Whetstone"],"acts_visited":["Exordium","TheCity","TheBeyond"],"potions_floor_usage":[10,16,21,25,33,38,41],"damage_taken":[{"damage":0,"enemies":"Small Slimes","floor":1,"turns":4},{"damage":3,"enemies":"Cultist","floor":3,"turns":5},{"damage":0,"enemies":"2 Louse","floor":5,"turns":4},{"damage":22,"enemies":"Lagavulin","floor":7,"turns":11},{"damage":0,"enemies":"2 Fungi Beasts","floor":10,"turns":3},{"damage":8,"enemies":"3 Louse","floor":11,"turns":5},{"damage":7,"enemies":"Exordium Wildlife","floor":14,"turns":5},{"damage":1,"enemies":"Fading Forest","floor":16,"turns":11},{"damage":19,"enemies":"Spheric Guardian","floor":18,"turns":4},{"damage":0,"enemies":"Chosen","floor":21,"turns":1},{"damage":10,"enemies":"Masked Bandits","floor":22,"turns":3},{"damage":48,"enemies":"Gremlin Leader","floor":25,"turns":8},{"damage":10,"enemies":"Sentry and Sphere","floor":27,"turns":4},{"damage":4,"enemies":"Chosen and Byrds","floor":31,"turns":6},{"damage":6,"enemies":"Pondfish","floor":33,"turns":14},{"damage":6,"enemies":"3 Shapes","floor":35,"turns":6},{"damage":16,"enemies":"Orb Walker","floor":38,"turns":3},{"damage":134,"enemies":"R_Hoarder","floor":41,"turns":16}],"seed_played":"2246311285272810904","potions_obtained":[{"floor":7,"key":"Adrenaline Potion"},{"floor":11,"key":"LiquidBronze"},{"floor":14,"key":"Flashbang"},{"floor":16,"key":"SmokeBomb"},{"floor":25,"key":"hexamod:SoulburnPotion"},{"floor":33,"key":"Explosive Potion"},{"floor":35,"key":"BottledMiracle"}],"is_trial":false,"path_per_floor":["M","?","M","?","M","R","E","R","T","M","M","?","?","M","R","B",null,"M","$","?","M","?","$","R","E","T","M","R","T","?","M","R","B",null,"M","$","?","M","?","R","E"],"character_chosen":"WATCHER","items_purchased":["hubris:64BitClover","ReplayTheSpireMod:ShopPack","Oddly Smooth Stone"],"campfire_rested":4,"item_purchase_floors":[19,23,36],"current_hp_per_floor":[72,72,69,69,69,69,50,72,79,82,77,80,69,65,97,99,111,95,95,95,95,88,83,83,43,43,36,75,75,75,74,114,111,137,134,134,137,124,127,127,0,0],"gold":190,"neow_bonus":"RANDOM_EVENT","is_daily":false,"chose_seed":false,"campfire_upgraded":2,"win_rate":0.0,"timestamp":1613190163,"path_taken":["M","?","?","?","M","R","E","R","T","M","M","?","?","M","R","BOSS","M","$","?","M","?","?","R","E","T","?","R","?","?","M","R","BOSS","M","$","?","?","?","R","E"],"items_purchased_type":["Relic","Relic","Relic"],"build_version":"2020-12-22","purchased_purges":1,"victory":false,"max_hp_per_floor":[72,72,72,72,72,72,75,75,82,85,88,91,105,108,108,111,111,114,114,114,114,117,120,120,128,128,131,131,131,131,134,134,137,137,140,140,143,146,149,149,149,149],"card_choices":[{"not_picked":["Halt","FlurryOfBlows"],"picked":"WaveOfTheHand","floor":1},{"not_picked":["Consecrate","Prostrate"],"picked":"LikeWater","floor":3},{"not_picked":["FlurryOfBlows","Consecrate"],"picked":"LikeWater","floor":5},{"not_picked":["Consecrate","Protect"],"picked":"CarveReality","floor":7},{"not_picked":["EmptyBody","JustLucky"],"picked":"CrushJoints","floor":10},{"not_picked":["Replay:ManipulateFuture","ThirdEye"],"picked":"EmptyFist","floor":11},{"not_picked":["CrushJoints","SignatureMove"],"picked":"Wish","floor":14},{"not_picked":["MasterReality","SpiritShield"],"picked":"Judgement","floor":16},{"not_picked":["SashWhip","BowlingBash"],"picked":"Replay:BluntJabs","floor":18},{"not_picked":["CarveReality","Replay:ManipulateFuture"],"picked":"Indignation","floor":22},{"not_picked":["Mayhem","Thinking Ahead"],"picked":"ReplayUltimateDefense","floor":23},{"not_picked":["hubris:Ssssneak","Finesse"],"picked":"ReplayTheSpireMod:Private Reserves","floor":23},{"not_picked":["Sadistic Nature","Replay:Bootleg Shield Generator"],"picked":"Madness","floor":23},{"not_picked":["Nirvana","Prostrate"],"picked":"WaveOfTheHand+1","floor":25},{"not_picked":["WreathOfFlame","ClearTheMind"],"picked":"EmptyBody+1","floor":27},{"not_picked":["Replay:ManipulateFuture","FlyingSleeves"],"picked":"PathToVictory","floor":31},{"not_picked":["Wish","MasterReality+1"],"picked":"Replay:AllIn","floor":33},{"not_picked":["EmptyMind","Replay:Hum"],"picked":"PathToVictory+1","floor":35},{"not_picked":["ClearTheMind","Replay:Vibes"],"picked":"Perseverance+1","floor":37},{"not_picked":["Prostrate+1","JustLucky"],"picked":"Replay:DivineShield+1","floor":37},{"not_picked":["ThirdEye","FlurryOfBlows"],"picked":"Replay:ManipulateFuture+1","floor":38},{"not_picked":["Replay:Sssssssssstrike","Finesse"],"picked":"Discovery","floor":39}],"player_experience":471404,"relics_obtained":[{"floor":7,"key":"Replay:Ringing Soul"},{"floor":9,"key":"Strawberry"},{"floor":12,"key":"Ring of Misfortune"},{"floor":12,"key":"Ring of Panic"},{"floor":22,"key":"Red Mask"},{"floor":25,"key":"Durian"},{"floor":26,"key":"Frozen Egg 2"},{"floor":29,"key":"Bag of Preparation"},{"floor":37,"key":"Whetstone"}],"event_choices":[{"damage_healed":0,"gold_gain":0,"player_choice":"Trade","damage_taken":0,"relics_obtained":["CultistMask"],"max_hp_gain":0,"max_hp_loss":0,"event_name":"FaceTrader","floor":2,"gold_loss":0},{"damage_healed":0,"gold_gain":0,"player_choice":"Grow","damage_taken":0,"max_hp_gain":0,"max_hp_loss":0,"event_name":"Living Wall","floor":4,"gold_loss":0,"cards_upgraded":["Eruption"]},{"damage_healed":0,"gold_gain":0,"player_choice":"Success","damage_taken":25,"relics_obtained":["Mango"],"max_hp_gain":0,"max_hp_loss":0,"event_name":"Scrap Ooze","floor":13,"gold_loss":0},{"damage_healed":0,"gold_gain":99,"player_choice":"Stole From Cult","damage_taken":0,"max_hp_gain":0,"max_hp_loss":0,"event_name":"Nest","floor":20,"gold_loss":0},{"damage_healed":0,"gold_gain":0,"player_choice":"Fought Bandits","damage_taken":0,"max_hp_gain":0,"max_hp_loss":0,"event_name":"Masked Bandits","floor":22,"gold_loss":0},{"cards_removed":["Defend_P"],"damage_healed":0,"gold_gain":0,"player_choice":"Gave Gold","damage_taken":0,"max_hp_gain":0,"max_hp_loss":0,"event_name":"Beggar","floor":30,"gold_loss":75},{"damage_healed":0,"gold_gain":0,"player_choice":"Memory 1","damage_taken":0,"max_hp_gain":0,"max_hp_loss":0,"event_name":"SensoryStone","floor":39,"gold_loss":0}],"is_beta":false,"boss_relics":[{"not_picked":["Ring of Chaos","reliquary:Ember"],"picked":"hubris:ScarierMask"},{"not_picked":["hubris:VirtuousBlindfold","hubris:CrackedHourglass","aspiration:RitualDagger"]}],"items_purged_floors":[36],"is_endless":false,"potions_floor_spawned":[7,11,14,16,25,33,35],"killed_by":"R_Hoarder","ascension_level":0}}