{"host":"clf2hd4adhiiw0zf","time":1613200947,"event":{"mods":["AchievementEnabler","BaseMod","Beaked The Cultist","Bestiary","Dark Map","Downfall","Gremlin Mod","Hermit","Jorbs\u0027s Wanderer Trilogy","Marisa????????","Minty Spire (QoL Compilation)","Shop Mod","StSLib","The Cursed","The Servant 0.9.4","Wide Potions"],"gold_per_floor":[99,109,209,309,326,326,326,58,58,75,90,120,20,20,39,140,140,140,160,160,160,171,203,203,103,203,203,203,220,17,30,42,147,147,147,161,171,189,202,35,35,64,64,64,64,84,112,49,69,69],"floor_reached":51,"language":"ENG","playtime":2474,"items_purged":[],"score":1107,"play_id":"a44b2bd9-1242-4fb1-87eb-7de8870e39bc","local_time":"20210213002227","is_ascension_mode":true,"campfire_choices":[{"floor":1.0,"key":"RECALL"},{"floor":13.0,"key":"REST"},{"data":"champ:GladiatorStyle","floor":18.0,"key":"SMITH"},{"floor":25.0,"key":"REST"},{"data":"champ:RecklessLeap","floor":27.0,"key":"SMITH"},{"data":"champ:UltimateStance","floor":35,"key":"SMITH"},{"data":"expansioncontent:GuardianWhirl","floor":44,"key":"SMITH"}],"circlet_count":0,"master_deck":["champ:Execute","champ:Taunt","champ:Endure+1","champ:ShieldWall","champ:CrookedStrike","champ:EndlessRage","champ:FocusedBerserking+1","champ:LastStand","champ:FancyFootwork+1","champ:Endure","champ:PerfectedStrike","champ:DefensiveStyle","champ:FlashCut","champ:HeavySlash","champ:GladiatorStyle+1","champ:FanOfKnives","champ:EnGarde","champ:TornadoPunch+1","champ:CrookedStrike","champ:Backstep","champ:CheapShot","champ:CalledShot+1","champ:RecklessLeap+1","champ:LastStand","champ:LastStand","champ:Circumvent+1","champ:PreciseThrust+1","champ:Haymaker","champ:BringItOn+1","champ:RisingSlash","expansioncontent:DashGenerateEvil+1","champ:UltimateStance+1","champ:TripleStrike","CurseOfTheBell","champ:Shatter+1","champ:DefensiveShout+1","champ:RecklessLeap+1","champ:ShieldWall","champ:LastStand","expansioncontent:GuardianWhirl+1","champ:EnchantSword"],"relics":["Pandora\u0027s Box","CloakClasp","WingedGreaves","Kunai","bronze:BronzeIdol","StrikeDummy","downfall:HeartBlessingRed","Snecko Eye","War Paint","downfall:HeartBlessingBlue","champ:BlackKnightHelmet","beaked:ShinyBauble","Calling Bell","Pen Nib","Blue Candle","hexamod:Sixitude","champ:Barbells","Mummified Hand","Lizard Tail","bronze:DecasWashers","champ:GladiatorsBookOfMartialProwess"],"acts_visited":["Exordium","TheCity","TheBeyond"],"potions_floor_usage":[29,29,30,38],"damage_taken":[{"damage":25.0,"enemies":"Small Slimes","floor":2.0,"turns":4.0},{"damage":113.0,"enemies":"Small Slimes","floor":4.0,"turns":8.0},{"damage":4.0,"enemies":"2 Louse","floor":5.0,"turns":2.0},{"damage":16.0,"enemies":"downfall:FleeingMerchant","floor":8.0,"turns":4.0},{"damage":1.0,"enemies":"Jaw Worm","floor":10.0,"turns":3.0},{"damage":10.0,"enemies":"Blue Slaver","floor":11.0,"turns":4.0},{"damage":7.0,"enemies":"3 Sentries","floor":12.0,"turns":4.0},{"damage":12.0,"enemies":"3 Louse","floor":15.0,"turns":4.0},{"damage":24.0,"enemies":"WA_ARCHETYPE_RETAIN","floor":16.0,"turns":6.0},{"damage":26.0,"enemies":"Shell Parasite","floor":19.0,"turns":7.0},{"damage":0.0,"enemies":"Chosen","floor":20.0,"turns":1.0},{"damage":53.0,"enemies":"3 Cultists","floor":22.0,"turns":5.0},{"damage":61.0,"enemies":"Slavers","floor":23.0,"turns":6.0},{"damage":49.0,"enemies":"Slavers","floor":26.0,"turns":9.0},{"damage":5,"enemies":"Snake Plant","floor":29,"turns":3},{"damage":10,"enemies":"downfall:FleeingMerchant","floor":30,"turns":5},{"damage":0,"enemies":"Shelled Parasite and Fungi","floor":31,"turns":5},{"damage":0,"enemies":"Sentry and Sphere","floor":32,"turns":2},{"damage":37,"enemies":"DF_ARCHETYPE_CLAW","floor":33,"turns":8},{"damage":5,"enemies":"3 Shapes","floor":36,"turns":3},{"damage":0,"enemies":"3 Darklings","floor":37,"turns":3},{"damage":19,"enemies":"Writhing Mass","floor":38,"turns":7},{"damage":15,"enemies":"Spire Growth","floor":39,"turns":4},{"damage":10,"enemies":"downfall:FleeingMerchant","floor":40,"turns":5},{"damage":14,"enemies":"Nemesis","floor":42,"turns":5},{"damage":16,"enemies":"Sphere and 2 Shapes","floor":46,"turns":4},{"damage":20,"enemies":"Giant Head","floor":47,"turns":7},{"damage":0,"enemies":"downfall:FleeingMerchant","floor":48,"turns":1},{"damage":2,"enemies":"3 Darklings","floor":49,"turns":3},{"damage":50,"enemies":"IC_BLOCK_ARCHETYPE","floor":50,"turns":7}],"seed_played":"5346502216247956639","potions_obtained":[{"floor":10.0,"key":"SteroidPotion"},{"floor":11.0,"key":"SkillPotion"},{"floor":12.0,"key":"SkillPotion"},{"floor":19.0,"key":"LiquidBronze"},{"floor":26.0,"key":"ColorlessPotion"},{"floor":29,"key":"Energy Potion"},{"floor":32,"key":"Weak Potion"},{"floor":38,"key":"BlessingOfTheForge"},{"floor":42,"key":"Weak Potion"},{"floor":46,"key":"DistilledChaos"},{"floor":49,"key":"FairyPotion"}],"is_trial":false,"path_per_floor":["R","M","?","?","M","T","T","$","?","M","M","E","R","?","M","B",null,"R","M","M","?","M","E","T","R","?","R","?","M","$","M","M","B",null,"R","M","M","M","M","$","T","E","?","R","?","M","E","$","M","B",null],"character_chosen":"THE_CHAMP","items_purchased":["bronze:BronzeIdol","champ:GladiatorStyle","champ:FanOfKnives","expansioncontent:DashGenerateEvil+1","champ:Barbells","champ:GladiatorsBookOfMartialProwess","EntropicBrew"],"campfire_rested":2,"item_purchase_floors":[8,8,8,30,40,48,48],"current_hp_per_floor":[81,81,81,23,19,19,19,13,13,12,12,5,32,54,52,38,77,77,71,71,71,53,22,22,62,48,48,48,43,43,43,43,6,77,77,77,77,68,58,58,58,54,54,54,46,40,40,40,38,13],"gold":69,"neow_bonus":"BOSS_RELIC","is_daily":false,"chose_seed":false,"campfire_upgraded":4,"win_rate":0.0,"timestamp":1613200947,"path_taken":["R","M","?","?","M","?","T","$","?","M","M","E","R","?","M","BOSS","R","M","M","?","?","E","T","R","?","R","?","M","$","M","M","BOSS","R","M","M","M","M","$","T","E","?","R","?","?","E","$","M","BOSS"],"items_purchased_type":["Relic","Card","Card","Card","Relic","Relic","Potion"],"build_version":"2020-12-22","purchased_purges":0,"victory":true,"max_hp_per_floor":[90,90,90,90,90,90,90,90,90,90,90,90,90,90,90,90,90,90,90,90,90,90,90,90,100,100,100,100,100,100,100,100,100,100,100,100,100,100,100,100,100,100,100,100,97,97,97,97,97,97],"card_choices":[{"not_picked":["champ:BerserkersShout","champ:Circumvent"],"picked":"champ:PerfectedStrike","floor":2.0},{"not_picked":["champ:PreemptiveStrike","champ:BringItOn"],"picked":"champ:DefensiveStyle","floor":4.0},{"not_picked":["champ:StanceDance","champ:EnGarde"],"picked":"champ:FlashCut","floor":5.0},{"not_picked":["champ:CrookedStrike","champ:BerserkersShout"],"picked":"champ:HeavySlash","floor":8.0},{"not_picked":["champ:Shatter","champ:FlashCut"],"picked":"champ:EnGarde","floor":10.0},{"not_picked":["champ:ArenaPreparation","champ:FalseCounter"],"picked":"champ:TornadoPunch","floor":11.0},{"not_picked":["champ:ArenaPreparation","champ:StanceDance"],"picked":"champ:CrookedStrike","floor":12.0},{"not_picked":["champ:IronFortress","champ:ViciousMockery"],"picked":"champ:Backstep","floor":15.0},{"not_picked":["champ:IgnorePain","champ:HeavySlash"],"picked":"champ:CheapShot","floor":16.0},{"not_picked":["champ:PreciseThrust","champ:FlashCut"],"picked":"champ:CalledShot+1","floor":19.0},{"not_picked":["champ:SkillfulDodge","champ:CalledShot+1"],"picked":"champ:RecklessLeap","floor":20.0},{"not_picked":["champ:Shatter","champ:DefensiveStyle"],"picked":"champ:Circumvent+1","floor":22.0},{"not_picked":["champ:BladeFlurry","champ:RageSigil"],"picked":"champ:PreciseThrust+1","floor":23.0},{"not_picked":["champ:PreciseThrust","champ:CalledShot"],"picked":"champ:Haymaker","floor":26.0},{"not_picked":["champ:ShieldSlam+1","champ:RecklessLeap"],"picked":"champ:BringItOn+1","floor":29},{"not_picked":["champ:PreemptiveStrike","champ:RageSigil"],"picked":"champ:RisingSlash","floor":30},{"not_picked":["champ:AdrenalArmor+1","champ:Backstep","champ:FlashCut"],"picked":"SKIP","floor":31},{"not_picked":["champ:PerfectedStrike","champ:SkillfulDodge"],"picked":"champ:UltimateStance","floor":32},{"not_picked":["champ:UltimateStance","champ:VampiricStrike"],"picked":"champ:TripleStrike","floor":33},{"not_picked":["champ:TornadoPunch","champ:IronFortress+1"],"picked":"champ:Shatter+1","floor":36},{"not_picked":["champ:AdrenalArmor","champ:CrownThrow"],"picked":"champ:DefensiveShout+1","floor":37},{"not_picked":["champ:GutPunch+1","champ:Circumvent"],"picked":"champ:RecklessLeap+1","floor":38},{"not_picked":["champ:FocusedBerserking+1","champ:AdrenalArmor"],"picked":"champ:ShieldWall","floor":39},{"not_picked":["champ:FlashCut","champ:Haymaker"],"picked":"champ:LastStand","floor":40},{"not_picked":["champ:BringItOn+1","champ:Encircle+1","champ:HeartStrike+1"],"picked":"SKIP","floor":42},{"not_picked":["expansioncontent:Hexaburn","expansioncontent:PolyBeam"],"picked":"expansioncontent:GuardianWhirl","floor":43},{"not_picked":["champ:ShieldSlam+1","champ:FlashCut","champ:BerserkersShout+1"],"picked":"SKIP","floor":46},{"not_picked":["champ:BringItOn","champ:EnGarde"],"picked":"champ:EnchantSword","floor":47},{"not_picked":["champ:ShieldSigil","champ:PerfectedStrike+1","champ:ShieldSlam+1"],"picked":"SKIP","floor":48},{"not_picked":["champ:Backstep","champ:BringItOn+1","champ:DefensiveStyle"],"picked":"SKIP","floor":49}],"player_experience":269791,"relics_obtained":[{"floor":4.0,"key":"CloakClasp"},{"floor":6.0,"key":"WingedGreaves"},{"floor":7.0,"key":"Kunai"},{"floor":12.0,"key":"StrikeDummy"},{"floor":23.0,"key":"War Paint"},{"floor":26.0,"key":"champ:BlackKnightHelmet"},{"floor":26.0,"key":"beaked:ShinyBauble"},{"floor":34,"key":"Pen Nib"},{"floor":34,"key":"Blue Candle"},{"floor":34,"key":"hexamod:Sixitude"},{"floor":41,"key":"Mummified Hand"},{"floor":42,"key":"Lizard Tail"},{"floor":47,"key":"bronze:DecasWashers"}],"event_choices":[{"damage_healed":22.0,"max_hp_gain":0.0,"max_hp_loss":0.0,"gold_gain":0.0,"event_name":"Mushrooms","player_choice":"Healed and dodged fight","floor":14.0,"gold_loss":0.0,"damage_taken":0.0,"cards_obtained":["Parasite"]}],"is_beta":false,"boss_relics":[{"not_picked":["Coffee Dripper","Cursed Key"],"picked":"Snecko Eye"},{"not_picked":["expansioncontent:StudyCardRelic","beaked:MawFillet"],"picked":"Calling Bell"}],"items_purged_floors":[],"is_endless":false,"potions_floor_spawned":[10,11,12,19,26,29,32,38,42,46,47,49],"ascension_level":9}}