{"host":"6w2j56hja3af4f39","time":1613214928,"event":{"mods":["AlwaysNeverKeys","BaseMod","Bestiary","Better Altar","Better Match","Better Note","Better Sensory Stone","Better Skull","Better Third Choice","BetterRewards","Block Reminder","Colored Powertips","DeckTracker","Minty Spire (QoL Compilation)","Permanent Neow","Quick Restart","Rare Cards Sparkle","Spicy Shops","Spire Arcade","StSLib","The Animator"],"gold_per_floor":[379,379,68,110,18,61,61,99,149,173,213,235,235,268,268,390,390,409,409,422,445,445,445],"floor_reached":22,"language":"ENG","playtime":1420,"items_purged":[],"score":277,"play_id":"2a6ae686-5a8d-4ac0-b3ef-ae05eabb305a","local_time":"20210213221528","is_ascension_mode":true,"campfire_choices":[{"data":"animator:Layla","floor":7.0,"key":"SMITH"},{"data":"animator:YunYun","floor":13.0,"key":"SMITH"},{"data":"animator:Chomusuke","floor":15.0,"key":"SMITH"}],"circlet_count":0,"master_deck":["animator:Strike_Kancolle","animator:Defend_Kancolle","animator:Defend","animator:Defend","animator:Defend","animator:Shimakaze","animator:Yoichi","animator:YunYun+1","animator:LimeBell","animator:Layla+1","animator:Gillette","animator:DolaRiku","animator:KyokoSakura","animator:Mikaela","animator:Chomusuke+1","animator:AcuraShin","animator:Shigure","animator:HiiragiShinya","animator:CrowleyEusford","animator:IzunaHatsuse","animator:Mikaela+1","animator:Yuuichirou"],"relics":["animator:LivingPicture","animator:TheMissingPiece","Orichalcum","animator:AlchemistGlove","Darkstone Periapt","Pocketwatch","animator:WizardHat","Bag of Preparation","animator:CursedGlyph","animator:RacePiece"],"acts_visited":["TheCity"],"potions_floor_usage":[],"damage_taken":[{"damage":0.0,"enemies":"Small Slimes","floor":1.0,"turns":4.0},{"damage":0.0,"enemies":"Cultist","floor":4.0,"turns":3.0},{"damage":10.0,"enemies":"Gremlin Nob","floor":6.0,"turns":5.0},{"damage":16.0,"enemies":"Lagavulin","floor":8.0,"turns":4.0},{"damage":0.0,"enemies":"2 Louse","floor":10.0,"turns":2.0},{"damage":0.0,"enemies":"Gremlin Nob","floor":11.0,"turns":3.0},{"damage":0.0,"enemies":"Exordium Wildlife","floor":12.0,"turns":3.0},{"damage":0.0,"enemies":"Lagavulin","floor":14.0,"turns":3.0},{"damage":12.0,"enemies":"The Guardian","floor":16.0,"turns":7.0},{"damage":0,"enemies":"Spheric Guardian","floor":18,"turns":2},{"damage":4,"enemies":"Chosen","floor":20,"turns":3},{"damage":0,"enemies":"Snecko","floor":21,"turns":3},{"damage":0,"enemies":"Centurion and Healer","floor":22,"turns":1}],"seed_played":"6930251885428546428","potions_obtained":[{"floor":1.0,"key":"Dexterity Potion"},{"floor":11.0,"key":"animator:FalseLifePotion"},{"floor":12.0,"key":"LiquidMemories"},{"floor":14.0,"key":"FearPotion"}],"is_trial":false,"path_per_floor":["M","?","$","M","$","E","R","E","T","M","E","M","R","E","R","B",null,"M","?","M","M","M"],"character_chosen":"THE_ANIMATOR","items_purchased":["animator:AlchemistGlove","animator:LimeBell"],"campfire_rested":0,"item_purchase_floors":[3,5],"current_hp_per_floor":[66,66,66,66,66,56,56,41,41,41,41,41,41,41,41,29,63,63,63,59,59,59,59],"gold":445,"neow_bonus":"HUNDRED_GOLD","is_daily":false,"chose_seed":true,"campfire_upgraded":3,"win_rate":0.0,"timestamp":1613214928,"path_taken":["M","?","$","M","$","E","R","E","T","M","E","?","R","E","R","BOSS","M","?","M","M","?"],"items_purchased_type":["Relic","Card"],"build_version":"2020-12-22","purchased_purges":0,"victory":false,"max_hp_per_floor":[66,66,66,66,66,66,66,67,67,67,67,67,67,63,63,63,63,63,63,63,63,63,63],"card_choices":[{"not_picked":["animator:Scar","animator:YuiTsuruno"],"picked":"animator:Yoichi","floor":1.0},{"not_picked":["animator:AcuraTooru","animator:DolaRiku"],"picked":"animator:YunYun","floor":4.0},{"not_picked":["animator:JunSakurada","animator:Suiseiseki"],"picked":"animator:Layla","floor":6.0},{"not_picked":["animator:Viivi","animator:AcuraAkari"],"picked":"animator:Gillette","floor":8.0},{"not_picked":["animator:OrikoMikuni","animator:Gillette"],"picked":"animator:DolaRiku","floor":10.0},{"not_picked":["animator:Suiseiseki","animator:Guren"],"picked":"animator:KyokoSakura","floor":11.0},{"not_picked":["animator:Mitsuba","animator:WinryRockbell"],"picked":"animator:Mikaela","floor":12.0},{"not_picked":["animator:Aqua","animator:Vanir"],"picked":"animator:Chomusuke","floor":14.0},{"not_picked":["animator:Sora","animator:Envy"],"picked":"animator:AcuraShin","floor":16.0},{"not_picked":["animator:Viivi","animator:Mitsuba"],"picked":"animator:IzunaHatsuse","floor":18},{"not_picked":["animator:Viivi+1","animator:MamiTomoe"],"picked":"animator:Mikaela+1","floor":20},{"not_picked":["animator:TomoeKashiwaba","animator:Guy"],"picked":"animator:Yuuichirou","floor":21}],"player_experience":383254,"relics_obtained":[{"floor":6.0,"key":"Darkstone Periapt"},{"floor":8.0,"key":"Pocketwatch"},{"floor":11.0,"key":"animator:WizardHat"},{"floor":14.0,"key":"Bag of Preparation"},{"floor":14.0,"key":"animator:CursedGlyph"}],"event_choices":[{"damage_healed":0.0,"max_hp_gain":0.0,"max_hp_loss":0.0,"gold_gain":0.0,"event_name":"WeMeetAgain","player_choice":"Gave Potion","floor":2.0,"gold_loss":0.0,"damage_taken":0.0,"relics_obtained":["Orichalcum"]},{"damage_healed":0,"gold_gain":0,"player_choice":"Ignored","damage_taken":0,"max_hp_gain":0,"max_hp_loss":0,"event_name":"betterNote:BetterNote","floor":19,"gold_loss":0,"cards_obtained":["Chrysalis"]}],"is_beta":false,"boss_relics":[{"not_picked":["animator:VividPicture","Astrolabe"],"picked":"animator:RacePiece"}],"items_purged_floors":[],"is_endless":false,"potions_floor_spawned":[1,11,12,14,20],"killed_by":"Centurion and Healer","ascension_level":1}}