{"host":"1nniobf0g4s2td4e","time":1613247623,"event":{"mods":["2.2 Compatiblity","BaseMod","Minty Spire (QoL Compilation)","StSLib","SuperFastMode"],"gold_per_floor":[114,126,142,142,158,158,192,192,192,225,242,242,276,276,276,376,376,390,406,331,347,357,357,382,382,382,382,398,323,323,353,353,455,455,465,465,465,515,534,534,562,562,562,578,592,592,605,630,630,630,630,630,208,241,241],"floor_reached":56,"language":"ENG","playtime":2330,"items_purged":["Strike_R","Strike_R"],"score":1415,"play_id":"91bd3032-206e-4779-a59b-63bb35605a9c","local_time":"20210213142023","is_ascension_mode":false,"campfire_choices":[{"floor":6.0,"key":"RECALL"},{"data":"Shrug It Off","floor":8.0,"key":"SMITH"},{"data":"Bloodletting","floor":15.0,"key":"SMITH"},{"data":"Shrug It Off","floor":23.0,"key":"SMITH"},{"data":"Intimidate","floor":25.0,"key":"SMITH"},{"data":"Thunderclap","floor":27.0,"key":"SMITH"},{"data":"Cleave","floor":32.0,"key":"SMITH"},{"data":"Madness","floor":40.0,"key":"SMITH"},{"data":"Madness","floor":42.0,"key":"SMITH"},{"data":"Panacea","floor":49.0,"key":"SMITH"},{"data":"Headbutt","floor":52.0,"key":"SMITH"}],"circlet_count":0,"master_deck":["Strike_R","Defend_R","Defend_R","Dual Wield+1","Pommel Strike+1","Blood for Blood+1","Headbutt+1","Thunderclap+1","Shrug It Off+1","Shrug It Off+1","Bloodletting+1","Intimidate+1","Warcry+1","Cleave+1","Battle Trance+1","Madness+1","Madness+1","Disarm+1","Panacea+1","Deep Breath"],"relics":["Astrolabe","Black Blood","Pear","Pocketwatch","Bag of Marbles","Anchor","Meat on the Bone","Ice Cream","Runic Pyramid","Lantern","Sundial","MutagenicStrength","Kunai","Coffee Dripper","Torii","Ancient Tea Set","Mercury Hourglass","Singing Bowl","Membership Card","Turnip","Bag of Preparation","SacredBark"],"acts_visited":["Exordium","TheCity","TheBeyond","TheEnding"],"potions_floor_usage":[55,55,55],"damage_taken":[{"damage":8.0,"enemies":"Jaw Worm","floor":1.0,"turns":3.0},{"damage":0.0,"enemies":"Cultist","floor":2.0,"turns":2.0},{"damage":0.0,"enemies":"2 Louse","floor":3.0,"turns":3.0},{"damage":8.0,"enemies":"Gremlin Gang","floor":5.0,"turns":3.0},{"damage":34.0,"enemies":"Gremlin Nob","floor":7.0,"turns":4.0},{"damage":25.0,"enemies":"Lagavulin","floor":10.0,"turns":7.0},{"damage":8.0,"enemies":"Large Slime","floor":11.0,"turns":2.0},{"damage":10.0,"enemies":"Gremlin Nob","floor":13.0,"turns":3.0},{"damage":30.0,"enemies":"The Guardian","floor":16.0,"turns":5.0},{"damage":6.0,"enemies":"Chosen","floor":18.0,"turns":3.0},{"damage":6.0,"enemies":"3 Byrds","floor":19.0,"turns":3.0},{"damage":6.0,"enemies":"3 Cultists","floor":21.0,"turns":3.0},{"damage":6.0,"enemies":"Shelled Parasite and Fungi","floor":22.0,"turns":2.0},{"damage":10.0,"enemies":"Book of Stabbing","floor":24.0,"turns":4.0},{"damage":6.0,"enemies":"Sentry and Sphere","floor":28.0,"turns":3.0},{"damage":6.0,"enemies":"Slavers","floor":31.0,"turns":2.0},{"damage":21.0,"enemies":"Champ","floor":33.0,"turns":5.0},{"damage":3.0,"enemies":"3 Darklings","floor":35.0,"turns":2.0},{"damage":6.0,"enemies":"Mind Bloom Boss Battle","floor":38.0,"turns":4.0},{"damage":6.0,"enemies":"Orb Walker","floor":39.0,"turns":3.0},{"damage":9.0,"enemies":"Nemesis","floor":41.0,"turns":5.0},{"damage":6.0,"enemies":"3 Darklings","floor":44.0,"turns":2.0},{"damage":6.0,"enemies":"Writhing Mass","floor":45.0,"turns":3.0},{"damage":0.0,"enemies":"Sphere and 2 Shapes","floor":47.0,"turns":2.0},{"damage":4.0,"enemies":"Giant Head","floor":48.0,"turns":4.0},{"damage":11.0,"enemies":"Time Eater","floor":50.0,"turns":5.0},{"damage":3.0,"enemies":"Shield and Spear","floor":54.0,"turns":4.0},{"damage":118,"enemies":"The Heart","floor":55,"turns":6}],"seed_played":"-7865167022075313994","potions_obtained":[{"floor":1.0,"key":"ElixirPotion"},{"floor":5.0,"key":"GamblersBrew"},{"floor":7.0,"key":"Explosive Potion"},{"floor":11.0,"key":"LiquidMemories"},{"floor":16.0,"key":"Energy Potion"},{"floor":33.0,"key":"PowerPotion"}],"is_trial":false,"path_per_floor":["M","M","M","?","M","R","E","R","T","E","M","?","E","?","R","B",null,"M","M","$","M","M","R","E","R","T","R","M","?","?","E","R","B",null,"M","?","?","?","M","R","E","R","T","M","M","?","M","E","R","B",null,"R","$","E","B",null],"character_chosen":"IRONCLAD","items_purchased":["Membership Card","Turnip","Deep Breath","PowerPotion"],"campfire_rested":0,"item_purchase_floors":[53,53,53,53],"current_hp_per_floor":[80,80,80,90,90,90,68,68,68,55,59,52,54,54,54,48,90,90,90,90,90,90,90,90,90,90,90,90,90,90,90,90,81,90,90,79,79,85,90,90,90,90,90,90,90,90,90,92,92,92,92,92,92,94,61],"gold":241,"neow_bonus":"BOSS_RELIC","is_daily":false,"chose_seed":false,"campfire_upgraded":10,"win_rate":0.0,"timestamp":1613247623,"path_taken":["M","M","M","?","M","R","E","R","T","E","?","?","E","?","R","BOSS","M","?","$","M","M","R","E","R","T","R","M","?","?","E","R","BOSS","M","?","?","?","M","R","E","R","T","M","M","?","M","E","R","BOSS","R","$","E","BOSS"],"items_purchased_type":["Relic","Relic","Card","Potion"],"build_version":"2020-12-22","purchased_purges":2,"victory":true,"max_hp_per_floor":[80,80,80,90,90,90,90,90,90,90,90,90,90,90,90,90,90,90,90,90,90,90,90,90,90,90,90,90,90,90,90,90,90,90,90,90,90,90,90,90,90,90,90,90,90,90,90,92,92,92,92,92,92,94,94],"card_choices":[{"not_picked":["Whirlwind","Flex"],"picked":"Headbutt","floor":1.0},{"not_picked":["Heavy Blade","Perfected Strike"],"picked":"Thunderclap","floor":2.0},{"not_picked":["Havoc","Heavy Blade","Headbutt"],"picked":"SKIP","floor":3.0},{"not_picked":["Entrench","Bloodletting"],"picked":"Shrug It Off","floor":5.0},{"not_picked":["Iron Wave","Headbutt"],"picked":"Shrug It Off","floor":7.0},{"not_picked":["Headbutt","Uppercut"],"picked":"Bloodletting","floor":10.0},{"not_picked":["Body Slam","Iron Wave","Burning Pact"],"picked":"SKIP","floor":11.0},{"not_picked":["Wild Strike","Heavy Blade","Rupture"],"picked":"SKIP","floor":13.0},{"not_picked":["Rage","Armaments","Infernal Blade"],"picked":"SKIP","floor":18.0},{"not_picked":["Iron Wave","Thunderclap","Clash+1"],"picked":"SKIP","floor":19.0},{"not_picked":["Havoc","Shrug It Off"],"picked":"Intimidate","floor":21.0},{"not_picked":["Perfected Strike","Cleave"],"picked":"Warcry+1","floor":22.0},{"not_picked":["Heavy Blade+1","Hemokinesis+1","Barricade"],"picked":"SKIP","floor":24.0},{"not_picked":["Sever Soul","Armaments","True Grit+1"],"picked":"SKIP","floor":28.0},{"not_picked":["Reaper","Iron Wave"],"picked":"Cleave","floor":31.0},{"not_picked":["Warcry","Sever Soul+1"],"picked":"Battle Trance+1","floor":35.0},{"not_picked":["Seeing Red","Wild Strike"],"picked":"Disarm+1","floor":38.0},{"not_picked":["Evolve+1","Carnage","Clash"],"picked":"SKIP","floor":39.0},{"not_picked":["Headbutt+1","Spot Weakness+1","Power Through+1"],"picked":"SKIP","floor":41.0},{"not_picked":["Clothesline+1","Clash","Body Slam"],"picked":"SKIP","floor":44.0},{"not_picked":["Shrug It Off+1","Sword Boomerang+1","Rupture"],"picked":"SKIP","floor":45.0},{"not_picked":["Discovery","Metamorphosis"],"picked":"Panacea","floor":46.0},{"not_picked":["Uppercut+1","Whirlwind+1","Perfected Strike"],"picked":"SKIP","floor":47.0},{"not_picked":["Disarm","Thunderclap","Shrug It Off+1"],"picked":"Singing Bowl","floor":48.0},{"not_picked":["Corruption","Heavy Blade+1","Rupture"],"picked":"Singing Bowl","floor":54.0}],"player_experience":772141,"relics_obtained":[{"floor":7.0,"key":"Pocketwatch"},{"floor":10.0,"key":"Bag of Marbles"},{"floor":13.0,"key":"Meat on the Bone"},{"floor":24.0,"key":"Lantern"},{"floor":26.0,"key":"Sundial"},{"floor":31.0,"key":"Kunai"},{"floor":38.0,"key":"Torii"},{"floor":41.0,"key":"Ancient Tea Set"},{"floor":43.0,"key":"Mercury Hourglass"},{"floor":48.0,"key":"Singing Bowl"},{"floor":54.0,"key":"Bag of Preparation"}],"event_choices":[{"damage_healed":0.0,"max_hp_gain":0.0,"max_hp_loss":0.0,"gold_gain":0.0,"event_name":"WeMeetAgain","player_choice":"Gave Potion","floor":4.0,"gold_loss":0.0,"damage_taken":0.0,"relics_obtained":["Pear"]},{"damage_healed":0.0,"max_hp_gain":0.0,"max_hp_loss":0.0,"gold_gain":0.0,"event_name":"Scrap Ooze","player_choice":"Success","floor":12.0,"gold_loss":0.0,"damage_taken":7.0,"relics_obtained":["Anchor"]},{"cards_removed":["Bash"],"damage_healed":0.0,"max_hp_gain":0.0,"max_hp_loss":0.0,"gold_gain":0.0,"event_name":"Bonfire Elementals","player_choice":"Offered Basic","floor":14.0,"gold_loss":0.0,"damage_taken":0.0},{"cards_removed":["Defend_R"],"damage_healed":0.0,"max_hp_gain":0.0,"max_hp_loss":0.0,"gold_gain":0.0,"event_name":"Beggar","player_choice":"Gave Gold","floor":29.0,"gold_loss":75.0,"damage_taken":0.0},{"damage_healed":0.0,"max_hp_gain":0.0,"max_hp_loss":0.0,"gold_gain":0.0,"event_name":"Drug Dealer","player_choice":"Inject Mutagens","floor":30.0,"gold_loss":0.0,"damage_taken":0.0,"relics_obtained":["MutagenicStrength"]},{"damage_healed":0.0,"max_hp_gain":0.0,"max_hp_loss":0.0,"gold_gain":0.0,"event_name":"Winding Halls","player_choice":"Embrace Madness","floor":36.0,"gold_loss":0.0,"damage_taken":11.0,"cards_obtained":["Madness","Madness"]},{"damage_healed":0.0,"max_hp_gain":0.0,"max_hp_loss":0.0,"gold_gain":0.0,"event_name":"Tomb of Lord Red Mask","player_choice":"Ignored","floor":37.0,"gold_loss":0.0,"damage_taken":0.0},{"damage_healed":0.0,"max_hp_gain":0.0,"max_hp_loss":0.0,"gold_gain":0.0,"event_name":"MindBloom","player_choice":"Fight","floor":38.0,"gold_loss":0.0,"damage_taken":0.0},{"damage_healed":0.0,"max_hp_gain":0.0,"max_hp_loss":0.0,"gold_gain":0.0,"event_name":"SensoryStone","player_choice":"Memory 1","floor":46.0,"gold_loss":0.0,"damage_taken":0.0}],"is_beta":false,"boss_relics":[{"not_picked":["Empty Cage","Tiny House"],"picked":"Runic Pyramid"},{"not_picked":["SacredBark","Runic Cube"],"picked":"Coffee Dripper"}],"items_purged_floors":[20,53],"is_endless":false,"potions_floor_spawned":[1,5,7,11,16,18,21,28,33,39,41,44,47,54],"ascension_level":0}}