{"host":"yecadp3kwkksam5a","time":1613236201,"event":{"mods":["BaseMod","Koishi","Minty Spire (QoL Compilation)","StSLib","SuperFastMode","The Bug Knight","The Cursed"],"gold_per_floor":[113,125,137,137,137,177,197,197,247,261,277,291,291,291],"floor_reached":13,"language":"KOR","playtime":702,"items_purged":[],"score":89,"play_id":"08e5ac41-35e6-40b3-b8a1-e0ee0b75e8d8","local_time":"20210214021001","is_ascension_mode":false,"campfire_choices":[{"data":"HollowMod:SoulStrike","floor":8,"key":"SMITH"}],"circlet_count":0,"master_deck":["HollowMod:NailStrikeStart","HollowMod:NailStrikeStart","HollowMod:NailStrikeStart","HollowMod:NailStrikeStart","HollowMod:QuickDashStart","HollowMod:QuickDashStart","HollowMod:QuickDashStart","HollowMod:QuickDashStart","HollowMod:FocusHealStart","HollowMod:PogoStrike","HollowMod:CornifersMapStart","HollowMod:SoulStrike+1","HollowMod:MantisMark","HollowMod:MonarchWings","HollowMod:CloakDash","HollowMod:MantisMark"],"relics":["HollowMod:VesselMask","Golden Idol","HollowMod:StagPassRelic","HollowMod:PaleOreRelic"],"acts_visited":["Exordium"],"potions_floor_usage":[],"damage_taken":[{"damage":2,"enemies":"2 Louse","floor":1,"turns":3},{"damage":0,"enemies":"Small Slimes","floor":2,"turns":4},{"damage":1,"enemies":"Cultist","floor":3,"turns":4},{"damage":29,"enemies":"3 Sentries","floor":6,"turns":12},{"damage":8,"enemies":"Exordium Wildlife","floor":7,"turns":7},{"damage":1,"enemies":"3 Louse","floor":10,"turns":5},{"damage":12,"enemies":"Blue Slaver","floor":11,"turns":4},{"damage":0,"enemies":"Looter","floor":12,"turns":4},{"damage":6,"enemies":"Gremlin Nob","floor":13,"turns":3}],"seed_played":"-915638223409195155","potions_obtained":[{"floor":6,"key":"ColorlessPotion"},{"floor":7,"key":"Block Potion"},{"floor":10,"key":"Explosive Potion"}],"is_trial":false,"path_per_floor":["M","M","M","?","?","E","M","R","T","M","M","M","E"],"character_chosen":"THE_BUGKNIGHT","items_purchased":[],"campfire_rested":0,"item_purchase_floors":[],"current_hp_per_floor":[82,82,82,62,62,45,43,43,43,52,50,60,54,54],"gold":291,"neow_bonus":"TEN_PERCENT_HP_BONUS","is_daily":false,"chose_seed":false,"campfire_upgraded":1,"win_rate":0.0,"timestamp":1613236201,"path_taken":["M","M","M","?","?","E","M","R","T","M","M","M","E"],"items_purchased_type":[],"build_version":"2020-12-22","purchased_purges":0,"victory":false,"max_hp_per_floor":[82,82,82,82,82,82,82,82,82,82,82,82,82,82],"card_choices":[{"not_picked":["HollowMod:NewLittleFool","HollowMod:InfectedCysts"],"picked":"HollowMod:CornifersMapStart","floor":1},{"not_picked":["HollowMod:FastStrike","HollowMod:InfectedCysts","HollowMod:InfectedAttack"],"picked":"SKIP","floor":2},{"not_picked":["HollowMod:SoulShaman","HollowMod:ShapeofUnn"],"picked":"HollowMod:SoulStrike","floor":3},{"not_picked":["HollowMod:DreamGate","HollowMod:Grubsong","HollowMod:AbyssShriek"],"picked":"SKIP","floor":6},{"not_picked":["HollowMod:InfectedAttack","HollowMod:NewLittleFool"],"picked":"HollowMod:MantisMark","floor":7},{"not_picked":["HollowMod:LifebloodCore","HollowMod:TaintedHusks"],"picked":"HollowMod:MonarchWings","floor":10},{"not_picked":["HollowMod:CornifersMapStart","HollowMod:NewLittleFool"],"picked":"HollowMod:CloakDash","floor":11},{"not_picked":["HollowMod:SiblingsShadow","HollowMod:LifebloodCocoon"],"picked":"HollowMod:MantisMark","floor":12}],"player_experience":633750,"relics_obtained":[{"floor":6,"key":"HollowMod:StagPassRelic"},{"floor":9,"key":"HollowMod:PaleOreRelic"}],"event_choices":[{"damage_healed":0,"gold_gain":0,"player_choice":"Take Damage","damage_taken":20,"relics_obtained":["Golden Idol"],"max_hp_gain":0,"max_hp_loss":0,"event_name":"Golden Idol","floor":4,"gold_loss":0},{"damage_healed":0,"gold_gain":0,"player_choice":"Ignored","damage_taken":0,"max_hp_gain":0,"max_hp_loss":0,"event_name":"NoteForYourself","floor":5,"gold_loss":0}],"is_beta":false,"boss_relics":[],"items_purged_floors":[],"is_endless":false,"potions_floor_spawned":[6,7,10],"killed_by":"Gremlin Nob","ascension_level":0}}