{"host":"1v3mnj67s3trvm6y","time":1613211745,"event":{"mods":["BaseMod","Challenge The Spire","Downfall","Minty Spire (QoL Compilation)","StSLib"],"gold_per_floor":[99,112,130,230,246,246,315,590,623,386,186,221,239,255,269,372,372,372,391,403,415,434,464,513,513,525,539,389,389,389,406,424,519,519,531,560,587,266,278,315,327,339,363,375,413,310,337,355,375,375],"floor_reached":51,"language":"ENG","playtime":3038,"items_purged":["Regret","Pain"],"score":873,"play_id":"719c993c-03c5-4396-a476-f662a28c88e6","local_time":"20210213192225","is_ascension_mode":false,"campfire_choices":[{"data":"champ:Taunt","floor":1,"key":"SMITH"},{"floor":6,"key":"RECALL"},{"floor":11,"key":"REST"},{"data":"champ:DancingMaster","floor":18,"key":"SMITH"},{"data":"champ:Improvising","floor":25,"key":"SMITH"},{"data":"Ghostly","floor":29,"key":"SMITH"},{"data":"expansioncontent:Chronoboost","floor":35,"key":"SMITH"},{"floor":42,"key":"REST"},{"floor":44,"key":"REST"}],"circlet_count":0,"master_deck":["champ:Strike","champ:Strike","champ:Strike","champ:Strike","champ:Defend","champ:Defend","champ:Defend","champ:Execute","champ:Taunt+1","champ:FlashCut","champ:GutPunch","champ:Encircle","champ:GutPunch","champ:CrookedStrike","champ:EnchantShield","champ:FlashCut","champ:Shatter","expansioncontent:Chronoboost+1","champ:TripleStrike","champ:EnragedBash","champ:AdrenalArmor","champ:Backstep","champ:DancingMaster+1","champ:BerserkersShout+1","champ:ShieldSlam","champ:SetATrap","champ:FanOfKnives+1","champ:Improvising+1","champ:StanceDance+1","champ:FaceSlap","Ghostly+1","champ:FocusedBerserking+1","champ:Improvising","champ:Improvising","CurseOfTheBell","champ:DefensiveStyle+1","champ:EnchantSword","champ:FalseCounter","champ:PreciseThrust","champ:SetATrap","champ:AdrenalArmor+1","champ:HoldFirm","champ:Backstep+1","champ:DefensiveShout+1"],"relics":["champ:ChampionCrown","Champion Belt","Guardian:PocketSentry","downfall:HeartBlessingRed","downfall:HeartBlessingBlue","Bag of Marbles","Sozu","Nunchaku","Happy Flower","WarpedTongs","Calling Bell","MawBank","Mercury Hourglass","Mango","Oddly Smooth Stone","Letter Opener","Omamori","Smiling Mask"],"acts_visited":["Exordium","TheCity","TheBeyond"],"potions_floor_usage":[23],"damage_taken":[{"damage":10,"enemies":"2 Louse","floor":2,"turns":3},{"damage":15,"enemies":"Cultist","floor":3,"turns":4},{"damage":46,"enemies":"Cultist","floor":4,"turns":4},{"damage":11,"enemies":"Small Slimes","floor":5,"turns":2},{"damage":25,"enemies":"Gremlin Nob","floor":9,"turns":4},{"damage":13,"enemies":"downfall:FleeingMerchant","floor":10,"turns":4},{"damage":19,"enemies":"3 Sentries","floor":12,"turns":6},{"damage":0,"enemies":"3 Louse","floor":13,"turns":2},{"damage":15,"enemies":"Exordium Thugs","floor":14,"turns":3},{"damage":25,"enemies":"Blue Slaver","floor":15,"turns":2},{"damage":49,"enemies":"IC_STATUS_ARCHETYPE","floor":16,"turns":6},{"damage":20,"enemies":"3 Byrds","floor":19,"turns":4},{"damage":22,"enemies":"Shell Parasite","floor":20,"turns":3},{"damage":44,"enemies":"Centurion and Healer","floor":21,"turns":7},{"damage":15,"enemies":"Sentry and Sphere","floor":22,"turns":4},{"damage":45,"enemies":"Book of Stabbing","floor":23,"turns":4},{"damage":16,"enemies":"3 Cultists","floor":26,"turns":4},{"damage":24,"enemies":"Centurion and Healer","floor":27,"turns":4},{"damage":7,"enemies":"Snecko","floor":31,"turns":3},{"damage":4,"enemies":"Snake Plant","floor":32,"turns":2},{"damage":63,"enemies":"DF_ARCHETYPE_CLAW","floor":33,"turns":5},{"damage":31,"enemies":"3 Darklings","floor":36,"turns":3},{"damage":12,"enemies":"Orb Walker","floor":37,"turns":3},{"damage":112,"enemies":"Reptomancer","floor":40,"turns":5},{"damage":20,"enemies":"Spire Growth","floor":43,"turns":4},{"damage":48,"enemies":"Nemesis","floor":45,"turns":7},{"damage":20,"enemies":"downfall:FleeingMerchant","floor":46,"turns":4},{"damage":67,"enemies":"Reptomancer","floor":47,"turns":4},{"damage":57,"enemies":"Transient","floor":48,"turns":5},{"damage":59,"enemies":"Writhing Mass","floor":49,"turns":5},{"damage":36,"enemies":"SI_POISON_ARCHETYPE","floor":50,"turns":10}],"seed_played":"7783859622086399353","potions_obtained":[{"floor":4,"key":"CultistPotion"},{"floor":5,"key":"SmokeBomb"},{"floor":9,"key":"SpeedPotion"},{"floor":14,"key":"PowerPotion"},{"floor":15,"key":"LiquidBronze"},{"floor":16,"key":"LiquidBronze"}],"is_trial":false,"path_per_floor":["R","M","M","?","M","R","T","?","E","$","R","E","M","M","M","B",null,"R","M","M","M","M","E","T","R","M","M","?","R","?","M","M","B",null,"R","M","M","?","?","E","T","R","M","R","E","$","E","M","M","B",null],"character_chosen":"THE_CHAMP","items_purchased":["champ:Shatter","expansioncontent:Chronoboost"],"campfire_rested":3,"item_purchase_floors":[10,10],"current_hp_per_floor":[90,90,90,69,68,68,68,68,53,50,90,81,81,81,81,72,100,100,100,98,89,84,84,84,84,83,79,79,79,79,77,73,55,114,114,88,81,128,128,61,61,99,94,128,110,110,78,41,27,16],"gold":375,"neow_bonus":"THREE_CARDS","is_daily":false,"chose_seed":false,"campfire_upgraded":5,"win_rate":0.0,"timestamp":1613211745,"path_taken":["R","M","M","?","M","R","T","?","E","$","R","E","M","?","M","BOSS","R","M","M","M","M","E","T","R","M","M","?","R","?","?","M","BOSS","R","M","M","?","?","E","T","R","?","R","E","$","E","M","M","BOSS"],"items_purchased_type":["Card","Card"],"build_version":"2020-12-22","purchased_purges":2,"victory":true,"max_hp_per_floor":[90,90,90,90,90,90,90,90,90,90,100,100,100,100,100,100,100,100,100,100,100,100,100,100,100,100,100,100,100,100,100,100,100,114,114,114,114,128,128,128,128,128,128,128,128,128,128,128,128,128],"card_choices":[{"not_picked":["champ:Parry","champ:FanOfKnives"],"picked":"champ:FlashCut","floor":0},{"not_picked":["champ:PreemptiveStrike","champ:CrookedStrike"],"picked":"champ:GutPunch","floor":2},{"not_picked":["champ:Backstep","champ:Shatter"],"picked":"champ:Encircle","floor":3},{"not_picked":["champ:CrownThrow","champ:DefensiveShout"],"picked":"champ:GutPunch","floor":4},{"not_picked":["champ:FanOfKnives","champ:BerserkersShout"],"picked":"champ:CrookedStrike","floor":5},{"not_picked":["champ:PreciseThrust","champ:DefensiveStyle"],"picked":"champ:EnchantShield","floor":9},{"not_picked":["champ:FanOfKnives","champ:BladeFlurry"],"picked":"champ:FlashCut","floor":10},{"not_picked":["champ:CrownThrow","champ:Circumvent"],"picked":"champ:TripleStrike","floor":12},{"not_picked":["champ:RecklessLeap","champ:DefensiveShout"],"picked":"champ:EnragedBash","floor":13},{"not_picked":["champ:Backstep","champ:ShieldSigil"],"picked":"champ:AdrenalArmor","floor":14},{"not_picked":["champ:Haymaker","champ:PreciseThrust"],"picked":"champ:Backstep","floor":15},{"not_picked":["champ:EnchantCrown","champ:HoldFirm"],"picked":"champ:DancingMaster","floor":16},{"not_picked":["champ:PerfectedStrike+1","champ:FanOfKnives+1"],"picked":"champ:BerserkersShout+1","floor":19},{"not_picked":["champ:Haymaker","champ:ShieldSigil"],"picked":"champ:ShieldSlam","floor":20},{"not_picked":["champ:SkillfulDodge","champ:Shatter+1"],"picked":"champ:SetATrap","floor":21},{"not_picked":["champ:StrikeOfGenius","champ:Haymaker"],"picked":"champ:FanOfKnives+1","floor":22},{"not_picked":["champ:CrookedStrike+1","champ:AdrenalArmor"],"picked":"champ:Improvising","floor":23},{"not_picked":["champ:DefensiveShout","champ:EndlessRage"],"picked":"champ:StanceDance+1","floor":26},{"not_picked":["champ:RapidStrikes","champ:Lariat"],"picked":"champ:FaceSlap","floor":27},{"not_picked":["champ:BringItOn","champ:BladeFlurry"],"picked":"champ:FocusedBerserking+1","floor":31},{"not_picked":["champ:Circumvent","champ:Endure+1"],"picked":"champ:Improvising","floor":32},{"not_picked":["champ:UltimateStance","champ:HeavySlash"],"picked":"champ:Improvising","floor":33},{"not_picked":["champ:AdrenalArmor+1","champ:ShieldSigil"],"picked":"champ:DefensiveStyle+1","floor":36},{"not_picked":["champ:Backstep","champ:FocusedDefense"],"picked":"champ:EnchantSword","floor":37},{"not_picked":["champ:PerfectedStrike","champ:SwordSigil+1"],"picked":"champ:PreciseThrust","floor":40},{"not_picked":["champ:CrownThrow","champ:HeartStrike","champ:ShieldSigil"],"picked":"SKIP","floor":43},{"not_picked":["champ:ShieldWall","champ:Shatter+1"],"picked":"champ:SetATrap","floor":45},{"not_picked":["champ:IronFortress","champ:PreemptiveStrike"],"picked":"champ:AdrenalArmor+1","floor":46},{"not_picked":["champ:Shatter","champ:RapidStrikes"],"picked":"champ:HoldFirm","floor":47},{"not_picked":["champ:IronFortress","champ:AdrenalArmor+1"],"picked":"champ:Backstep+1","floor":48},{"not_picked":["champ:FlashCut","champ:SkillfulDodge+1"],"picked":"champ:DefensiveShout+1","floor":49}],"player_experience":1787446,"relics_obtained":[{"floor":4,"key":"Champion Belt"},{"floor":9,"key":"Guardian:PocketSentry"},{"floor":12,"key":"Bag of Marbles"},{"floor":23,"key":"Nunchaku"},{"floor":24,"key":"Happy Flower"},{"floor":34,"key":"MawBank"},{"floor":34,"key":"Mercury Hourglass"},{"floor":34,"key":"Mango"},{"floor":40,"key":"Oddly Smooth Stone"},{"floor":41,"key":"Letter Opener"},{"floor":45,"key":"Omamori"},{"floor":47,"key":"Smiling Mask"}],"event_choices":[{"damage_healed":0,"gold_gain":0,"player_choice":"Rummage","damage_taken":0,"relics_obtained":["WarpedTongs"],"max_hp_gain":0,"max_hp_loss":0,"event_name":"Accursed Blacksmith","floor":30,"gold_loss":0,"cards_obtained":["Pain"]}],"is_beta":false,"boss_relics":[{"not_picked":["Fusion Hammer","Black Star"],"picked":"Sozu"},{"not_picked":["Busted Crown","Velvet Choker"],"picked":"Calling Bell"}],"items_purged_floors":[10,46],"is_endless":false,"potions_floor_spawned":[4,5,9,14,15,16,20,21,22,27,32,40,45,47,48],"ascension_level":0}}