{"host":"7caq7bqinjqlxdab","time":1613234577,"event":{"mods":["AchievementEnabler","Aspiration","BaseMod","Better Third Choice","BetterRewards","Bossed Relics","Colored Map","Colored Powertips","Conspire","Curses Come First","Downfall","Hermit","Highlight Path","Hubris","Infinite Spire","Minty Spire (QoL Compilation)","Quick Restart","Rare Cards Sparkle","Replay The Spire","Shop Mod","StSLib","Transform Curses"],"gold_per_floor":[119,19,19,19,29,54,66,97,97,131,131,141,14,33,33,132,132,149,149,165,165,165,165,0,12,35,63,63,74,106,21,21,126,126,140,64,64,64,75,75,107,119,196,212,72,92,92,121,121,121,121],"floor_reached":50,"language":"ENG","playtime":4424,"items_purged":["hermit:SprayPray","hermit:Strike_Hermit","hermit:LuckOfTheDraw+1","Writhe","hermit:Maintenance+1"],"score":662,"play_id":"ad9cab37-ae39-4469-b375-ee61946d6182","local_time":"20210213174257","is_ascension_mode":true,"campfire_choices":[{"data":"hermit:GoldenBullet","floor":11.0,"key":"SMITH"},{"data":"hermit:Coalescence","floor":15.0,"key":"SMITH"},{"floor":23.0,"key":"REST"},{"floor":28.0,"key":"REST"},{"floor":32.0,"key":"REST"},{"floor":40,"key":"REST"},{"floor":49,"key":"REST"}],"circlet_count":0,"master_deck":["hermit:Defend_Hermit","hermit:Defend_Hermit","hermit:Defend_Hermit","hermit:Defend_Hermit+1","hermit:Snapshot","hermit:Covet","Ghostly","hermit:Roughhouse","hermit:Ricochet","hermit:TrackingShot","hermit:GoldenBullet+1","hermit:Coalescence+1","hermit:TrackingShot","hermit:FromBeyond","hermit:Vantage","hermit:Headshot","Slimebound:Tackle+1","Slimebound:Tackle+1","Slimebound:Tackle+1","hermit:Gestalt+1","hermit:Headshot","hermit:Feint+1","hermit:Ricochet","hermit:Gambit","hermit:TakeAim","hermit:TakeAim","hermit:ItchyTrigger","hermit:CursedWeapon","hermit:Gestalt","hermit:Gestalt","hermit:EyeOfTheStorm"],"relics":["hermit:Momento","NeowsBlessing","Replay:Ringing Soul","PreservedInsect","infinitespire:Lychee Nut","Fusion Hammer","Membership Card","MerchantsRug","hubris:EmptyBottle","sneckomod:BlankCard","aspiration:StickyExplosives","Potion Belt","Ring of Chaos","hubris:MobiusCoin","conspire:Dentures","War Paint","Bird Faced Urn"],"acts_visited":["Exordium","TheCity","TheBeyond"],"potions_floor_usage":[39,46,48,48,48,50,50,50],"damage_taken":[{"damage":0.0,"enemies":"Jaw Worm","floor":1.0,"turns":1.0},{"damage":0.0,"enemies":"Small Slimes","floor":5.0,"turns":1.0},{"damage":0.0,"enemies":"Gremlin Nob","floor":6.0,"turns":1.0},{"damage":8.0,"enemies":"infinitespire:Voidling","floor":7.0,"turns":3.0},{"damage":9.0,"enemies":"3 Sentries","floor":8.0,"turns":4.0},{"damage":8.0,"enemies":"Gremlin Nob","floor":10.0,"turns":3.0},{"damage":3.0,"enemies":"Red Slaver","floor":12.0,"turns":3.0},{"damage":0.0,"enemies":"2 Fungi Beasts","floor":14.0,"turns":4.0},{"damage":19.0,"enemies":"Slime Boss","floor":16.0,"turns":10.0},{"damage":0.0,"enemies":"Spheric Guardian","floor":18.0,"turns":3.0},{"damage":16.0,"enemies":"conspire:FuzzyDice","floor":20.0,"turns":9.0},{"damage":11.0,"enemies":"Centurion and Healer","floor":25.0,"turns":5.0},{"damage":5.0,"enemies":"Book of Stabbing","floor":27.0,"turns":3.0},{"damage":16.0,"enemies":"Shelled Parasite and Fungi","floor":29.0,"turns":3.0},{"damage":11.0,"enemies":"Nightmare","floor":30.0,"turns":4.0},{"damage":27.0,"enemies":"hubris:MusketHawk","floor":33.0,"turns":8.0},{"damage":6.0,"enemies":"Orb Walker","floor":35.0,"turns":3.0},{"damage":70,"enemies":"3 Darklings","floor":39,"turns":8},{"damage":29,"enemies":"Giant Head","floor":41,"turns":7},{"damage":18,"enemies":"Writhing Mass","floor":42,"turns":5},{"damage":34,"enemies":"Jaw Worm Horde","floor":44,"turns":4},{"damage":49,"enemies":"3 Darklings","floor":46,"turns":5},{"damage":7,"enemies":"Nemesis","floor":48,"turns":5},{"damage":213,"enemies":"Time Eater","floor":50,"turns":14}],"seed_played":"-7173586953042054432","potions_obtained":[{"floor":1.0,"key":"Energy Potion"},{"floor":4.0,"key":"BlessingOfTheForge"},{"floor":4.0,"key":"infinitespire:BlackPotion"},{"floor":4.0,"key":"LiquidBronze"},{"floor":8.0,"key":"SpeedPotion"},{"floor":12.0,"key":"PowerPotion"},{"floor":14.0,"key":"Strength Potion"},{"floor":20.0,"key":"ColorlessPotion"},{"floor":25.0,"key":"Elixir"},{"floor":29.0,"key":"LifebloodPotion"},{"floor":33.0,"key":"FairyPotion"},{"floor":35.0,"key":"Venom Potion"},{"floor":41,"key":"Elixir"},{"floor":42,"key":"Milkshake"},{"floor":48,"key":"Block Potion"}],"is_trial":false,"path_per_floor":["M","?","$","?","M","E","M","E","T","E","R","M","$","M","R","B",null,"M","AVR","M","?","?","R","$","M","T","E","R","M","NM","$","R","B",null,"M","$","?","AVR","M","R","E","M","T","M","$","M","?","E","R","B"],"character_chosen":"HERMIT","items_purchased":["SteroidPotion","MerchantsRug","hubris:EmptyBottle","hermit:Gestalt+1","PowerPotion","FairyPotion","hermit:BlackBile","hermit:TakeAim","conspire:Dentures","War Paint"],"campfire_rested":5,"item_purchase_floors":[13,24,24,24,24,31,31,36,45,45],"current_hp_per_floor":[75,75,75,75,75,75,74,68,68,63,63,65,65,69,69,53,72,75,75,65,68,68,81,84,81,81,84,90,79,74,74,93,72,96,93,96,105,105,41,73,53,44,44,16,16,13,16,18,54,0,0],"gold":121,"neow_bonus":"THREE_ENEMY_KILL","is_daily":false,"chose_seed":false,"campfire_upgraded":2,"win_rate":0.0,"timestamp":1613234577,"path_taken":["M","?","$","?","M","E","M","E","T","E","R","?","?","M","R","BOSS","M","AVR","M","?","?","R","$","M","T","E","R","M","NM","?","R","BOSS","M","$","?","AVR","M","R","E","M","T","M","$","M","?","E","R","BOSS"],"items_purchased_type":["Potion","Relic","Relic","Card","Potion","Potion","Potion","Card","Relic","Relic"],"build_version":"2020-12-22","purchased_purges":5,"victory":false,"max_hp_per_floor":[75,75,75,75,75,75,78,81,81,63,63,66,66,69,69,72,72,75,75,78,81,81,81,84,87,87,90,90,93,93,93,93,96,96,99,102,105,105,108,108,111,114,114,114,114,117,120,123,123,123,123],"card_choices":[{"not_picked":["hermit:Coalescence","hermit:Ricochet"],"picked":"hermit:SprayPray","floor":1.0},{"not_picked":["hermit:Quickdraw","hermit:HighCaliber"],"picked":"hermit:Roughhouse","floor":5.0},{"not_picked":["hermit:Coalescence","hermit:SprayPray","hermit:PistolWhip"],"picked":"SKIP","floor":6.0},{"not_picked":["hermit:Misfire","hermit:FullyLoaded"],"picked":"hermit:Ricochet","floor":7.0},{"not_picked":["hermit:Adapt","hermit:Quickdraw"],"picked":"hermit:TrackingShot","floor":8.0},{"not_picked":["hermit:Deadeye","hermit:Adapt"],"picked":"hermit:GoldenBullet","floor":10.0},{"not_picked":["hermit:HoleUp","hermit:NoHoldsBarred"],"picked":"hermit:Coalescence","floor":12.0},{"not_picked":["hermit:SprayPray","hermit:Vantage"],"picked":"hermit:TrackingShot","floor":14.0},{"not_picked":["hermit:Adapt","hermit:EternalForm"],"picked":"hermit:FromBeyond","floor":16.0},{"not_picked":["hermit:Desperado+1","hermit:Spite+1"],"picked":"hermit:Vantage","floor":18.0},{"not_picked":["hermit:Spite+1","hermit:Glare"],"picked":"hermit:Headshot","floor":20.0},{"not_picked":["hermit:Grudge+1","hermit:Ricochet"],"picked":"hermit:Headshot","floor":25.0},{"not_picked":["hermit:Desperado","hermit:OverwhelmingPower"],"picked":"hermit:Feint+1","floor":27.0},{"not_picked":["hermit:Glare+1","hermit:Coalescence"],"picked":"hermit:Ricochet","floor":29.0},{"not_picked":["hermit:Quickdraw","hermit:Grudge","hermit:NoHoldsBarred"],"picked":"SKIP","floor":30.0},{"not_picked":["hermit:FromBeyond","hermit:BlackWind"],"picked":"hermit:Gambit","floor":33.0},{"not_picked":["hermit:Vantage","hermit:Quickdraw"],"picked":"hermit:LuckOfTheDraw+1","floor":35.0},{"not_picked":["hermit:TakeCover+1","hermit:Headshot+1"],"picked":"hermit:Maintenance","floor":39},{"not_picked":["hermit:Spite+1","hermit:Desperado+1"],"picked":"hermit:ItchyTrigger","floor":41},{"not_picked":["hermit:WideOpen","hermit:Cheat"],"picked":"hermit:CursedWeapon","floor":42},{"not_picked":["hermit:Coalescence+1","hermit:SprayPray+1","hermit:Misfire+1"],"picked":"SKIP","floor":44},{"not_picked":["hermit:Roulette","hermit:PistolWhip"],"picked":"hermit:Gestalt","floor":46},{"not_picked":["hermit:Vantage+1","hermit:Maintenance+1"],"picked":"hermit:EyeOfTheStorm","floor":48}],"player_experience":664392,"relics_obtained":[{"floor":6.0,"key":"Replay:Ringing Soul"},{"floor":8.0,"key":"hexamod:BolsterEngine"},{"floor":9.0,"key":"PreservedInsect"},{"floor":10.0,"key":"infinitespire:Lychee Nut"},{"floor":26.0,"key":"sneckomod:BlankCard"},{"floor":27.0,"key":"aspiration:StickyExplosives"},{"floor":30.0,"key":"Potion Belt"},{"floor":41,"key":"Replay:Bottled Snecko"},{"floor":43,"key":"infinitespire:CheckeredPen"},{"floor":48,"key":"Bird Faced Urn"}],"event_choices":[{"damage_healed":0.0,"max_hp_gain":0.0,"max_hp_loss":0.0,"gold_gain":0.0,"event_name":"conspire:LoneGhost","player_choice":"Argue","floor":2.0,"gold_loss":0.0,"damage_taken":0.0},{"damage_healed":0.0,"max_hp_gain":0.0,"max_hp_loss":0.0,"gold_gain":0.0,"event_name":"Lab","player_choice":"Got Potions","floor":4.0,"gold_loss":0.0,"damage_taken":0.0},{"damage_healed":26.0,"max_hp_gain":0.0,"max_hp_loss":0.0,"gold_gain":0.0,"event_name":"Winding Halls","player_choice":"Writhe","floor":37.0,"gold_loss":0.0,"damage_taken":0.0,"cards_obtained":["Writhe"]}],"is_beta":false,"boss_relics":[{"not_picked":["aspiration:FutureDiary","ReplayTheSpireMod:DimensionalGlitch"],"picked":"Fusion Hammer"},{"not_picked":["conspire:SpecialSausage","Velvet Choker"],"picked":"Ring of Chaos"}],"items_purged_floors":[13,19,36,38,45],"is_endless":true,"potions_floor_spawned":[1,8,12,14,20,25,29,33,35,41,42,48],"killed_by":"Time Eater","ascension_level":1}}