{"host":"m9osufisr3agwk96","time":1613188149,"event":{"mods":["AchievementEnabler","Aspiration","BaseMod","Colored Map","Colored Powertips","Downfall","Friendly Minions","Hermit","Highlight Path","Hubris","Minty Spire (QoL Compilation)","Rare Cards Sparkle","Reliquary","Replay The Spire","Shop Mod","StSLib"],"gold_per_floor":[115,115,115,127,228,228,240,251,251,106,106,106,141,153,153,250,250,268,282,282,282,282,131,131,141,166,166,166],"floor_reached":27,"language":"ENG","playtime":866,"items_purged":[],"score":211,"play_id":"a19b97aa-326f-4ca1-9b3e-5c0a7b3aab0e","local_time":"20210212194909","is_ascension_mode":false,"campfire_choices":[{"floor":6,"key":"REST"},{"floor":12,"key":"RECALL"},{"floor":15,"key":"REST"},{"data":"Scrawl","floor":24,"key":"SMITH"}],"circlet_count":0,"master_deck":["Strike_P","Strike_P","Strike_P","Strike_P","Defend_P","Defend_P","Defend_P","Defend_P","Eruption+1","Vigilance","FlurryOfBlows","FollowUp","EmptyFist","SignatureMove","Conclude","EmptyBody","Wallop","WaveOfTheHand","Scrawl+1","hubris:Compulsion","Clumsy","SashWhip+1","ReachHeaven","Shame","Slimebound:CheckThePlaybook","downfall:Icky","Protect+1"],"relics":["PureWater","Singing Bowl","Omamori","Ginger","Question Card","Replay:Ancient Bell","Vajra","Garlic","Du-Vu Doll","MealTicket","hubris:Icosahedron","reliquary:TuningFork","hubris:SlimyHat"],"acts_visited":["Exordium","TheCity"],"potions_floor_usage":[8,13,16,27],"damage_taken":[{"damage":1,"enemies":"Cultist","floor":1,"turns":4},{"damage":0,"enemies":"2 Louse","floor":4,"turns":3},{"damage":0,"enemies":"Small Slimes","floor":7,"turns":2},{"damage":0,"enemies":"Looter","floor":8,"turns":1},{"damage":25,"enemies":"Lagavulin","floor":13,"turns":4},{"damage":4,"enemies":"Blue Slaver","floor":14,"turns":4},{"damage":22,"enemies":"Hexaghost","floor":16,"turns":9},{"damage":0,"enemies":"Chosen","floor":18,"turns":3},{"damage":4,"enemies":"3 Byrds","floor":19,"turns":6},{"damage":27,"enemies":"Centurion and Healer","floor":25,"turns":5},{"damage":57,"enemies":"Sentry and Sphere","floor":27,"turns":6}],"seed_played":"-3730303673757149296","potions_obtained":[{"floor":1,"key":"ColorlessPotion"},{"floor":7,"key":"SteroidPotion"},{"floor":14,"key":"hexamod:SoulburnPotion"},{"floor":19,"key":"hexamod:SoulburnPotion"}],"is_trial":false,"path_per_floor":["M","$","$","M","?","R","M","M","T","$","?","R","E","M","R","B",null,"M","M","?","?","?","$","R","M","T","M"],"character_chosen":"WATCHER","items_purchased":["Omamori","reliquary:TuningFork"],"campfire_rested":2,"item_purchase_floors":[10,23],"current_hp_per_floor":[71,71,71,71,43,64,64,64,64,64,64,64,39,37,59,37,78,78,74,74,74,74,78,78,55,55,0,0],"gold":166,"neow_bonus":"RANDOM_EVENT","is_daily":false,"chose_seed":false,"campfire_upgraded":1,"win_rate":0.0,"timestamp":1613188149,"path_taken":["M","?","$","M","?","R","M","?","T","?","?","R","E","M","R","BOSS","M","M","?","?","?","?","R","M","T","M"],"items_purchased_type":["Relic","Relic"],"build_version":"2020-12-22","purchased_purges":0,"victory":false,"max_hp_per_floor":[72,72,72,72,72,72,72,72,72,72,72,72,72,74,74,74,78,78,78,78,78,78,78,78,78,78,78,78],"card_choices":[{"not_picked":["SandsOfTime","FlyingSleeves"],"picked":"FlurryOfBlows","floor":1},{"not_picked":["BowlingBash","Replay:Anticipation"],"picked":"FollowUp","floor":4},{"not_picked":["Crescendo","BowlingBash"],"picked":"EmptyFist","floor":5},{"not_picked":["ReachHeaven","Halt"],"picked":"SignatureMove","floor":5},{"not_picked":["Sanctity","PathToVictory"],"picked":"Conclude","floor":5},{"not_picked":["Meditate","EmptyFist"],"picked":"EmptyBody","floor":7},{"not_picked":["Omniscience","Replay:BluntJabs"],"picked":"Wallop","floor":8},{"not_picked":["Replay:AtTheReady","Replay:BluntJabs"],"picked":"WaveOfTheHand","floor":13},{"not_picked":["WreathOfFlame","FollowUp","BowlingBash","Replay:Anticipation"],"picked":"Singing Bowl","floor":14},{"not_picked":["DeusExMachina","Devotion","Omniscience"],"picked":"Scrawl","floor":16},{"not_picked":["downfall:Malfunctioning","hubris:Sloth","Normality","Decay"],"picked":"Singing Bowl","floor":17},{"not_picked":["Pain","Amnesia","hubris:Compulsion","Delirium"],"picked":"Singing Bowl","floor":17},{"not_picked":["Spreading Infection","hubris:Compulsion","hubris:Lust"],"picked":"Clumsy","floor":17},{"not_picked":["Protect","EmptyBody+1","CrushJoints"],"picked":"SashWhip+1","floor":18},{"not_picked":["ThirdEye","Replay:ManipulateFuture","SashWhip"],"picked":"ReachHeaven","floor":19},{"not_picked":["SashWhip","SignatureMove+1","Wireheading+1"],"picked":"Protect+1","floor":25}],"player_experience":470538,"relics_obtained":[{"floor":9,"key":"Singing Bowl"},{"floor":13,"key":"Question Card"},{"floor":26,"key":"hubris:SlimyHat"}],"event_choices":[{"damage_healed":0,"gold_gain":0,"player_choice":"Box","damage_taken":0,"relics_obtained":["Ginger"],"max_hp_gain":0,"max_hp_loss":0,"event_name":"Big Fish","floor":11,"gold_loss":0,"cards_obtained":["Regret"]},{"damage_healed":0,"gold_gain":0,"player_choice":"Stole Relic","damage_taken":0,"relics_obtained":["MealTicket"],"max_hp_gain":0,"max_hp_loss":0,"event_name":"Addict","floor":20,"gold_loss":0,"cards_obtained":["Shame"]}],"is_beta":false,"boss_relics":[{"not_picked":["Philosopher\u0027s Stone","Cursed Key"],"picked":"Replay:Ancient Bell"},{"not_picked":["CeramicFish","Smiling Mask"],"picked":"Vajra"},{"not_picked":["Quantum Egg","Chameleon Ring"],"picked":"Garlic"},{"not_picked":["Mango","Durian"],"picked":"Du-Vu Doll"}],"items_purged_floors":[],"is_endless":false,"potions_floor_spawned":[1,7,14,19],"killed_by":"Sentry and Sphere","ascension_level":0}}