{"host":"vex7walpoxzv48nx","time":1613238508,"event":{"mods":["AchievementEnabler","BaseMod","Highlight Path","Minty Spire (QoL Compilation)","Permanent Neow","Quick Restart","StSLib","UnlockEverythingMod"],"gold_per_floor":[115,131,145,164,179,179,179,179,203,238,250,250,250,269,269,372,372,372,372],"floor_reached":18,"language":"ENG","playtime":1299,"items_purged":[],"score":164,"play_id":"41125c9b-1190-4e28-9329-4781d65dbf65","local_time":"20210213184828","is_ascension_mode":false,"campfire_choices":[{"data":"Immolate","floor":6.0,"key":"SMITH"},{"data":"Evolve","floor":8.0,"key":"SMITH"},{"data":"Armaments","floor":13.0,"key":"SMITH"},{"data":"Inflame","floor":15.0,"key":"SMITH"}],"circlet_count":0,"master_deck":["Evolve+1","Immolate+1","Rampage","Corruption","Thunderclap","Inflame+1","Seeing Red","Bludgeon","Reaper","Rage","Reckless Charge","Armaments+1","Ghostly Armor","Impervious","Iron Wave","Exhume"],"relics":["Pandora\u0027s Box"],"acts_visited":["Exordium","TheCity"],"potions_floor_usage":[],"damage_taken":[{"damage":0.0,"enemies":"Jaw Worm","floor":1.0,"turns":1.0},{"damage":0.0,"enemies":"2 Louse","floor":2.0,"turns":2.0},{"damage":10.0,"enemies":"Small Slimes","floor":3.0,"turns":2.0},{"damage":3.0,"enemies":"3 Louse","floor":4.0,"turns":2.0},{"damage":10.0,"enemies":"Exordium Thugs","floor":5.0,"turns":2.0},{"damage":9.0,"enemies":"3 Sentries","floor":10.0,"turns":3.0},{"damage":5.0,"enemies":"Large Slime","floor":11.0,"turns":4.0},{"damage":3.0,"enemies":"Red Slaver","floor":14.0,"turns":3.0},{"damage":15,"enemies":"Hexaghost","floor":16,"turns":9},{"damage":5,"enemies":"Spheric Guardian","floor":18,"turns":3}],"seed_played":"-7996763361410871271","potions_obtained":[{"floor":1.0,"key":"ColorlessPotion"},{"floor":2.0,"key":"Regen Potion"},{"floor":4.0,"key":"Swift Potion"},{"floor":5.0,"key":"LiquidMemories"}],"is_trial":false,"path_per_floor":["M","M","M","M","M","R","?","R","T","E","M","?","R","M","R","B",null,"M"],"character_chosen":"IRONCLAD","items_purchased":[],"campfire_rested":0,"item_purchase_floors":[],"current_hp_per_floor":[80,80,70,77,67,67,60,60,60,69,72,77,77,78,78,70,85,80,80],"gold":372,"neow_bonus":"BOSS_RELIC","is_daily":false,"chose_seed":false,"campfire_upgraded":4,"win_rate":0.0,"timestamp":1613238508,"path_taken":["M","M","M","M","M","R","?","R","T","E","M","?","R","M","R","BOSS","M"],"items_purchased_type":[],"build_version":"2020-12-22","purchased_purges":0,"victory":false,"max_hp_per_floor":[80,80,80,80,80,80,80,80,80,80,80,85,85,85,85,85,85,85,85],"card_choices":[{"not_picked":["Pommel Strike","Cleave"],"picked":"Rage","floor":1.0},{"not_picked":["Flex","Sword Boomerang"],"picked":"Reckless Charge","floor":2.0},{"not_picked":["Clothesline","Flex"],"picked":"Armaments","floor":3.0},{"not_picked":["Twin Strike","Havoc"],"picked":"Ghostly Armor","floor":4.0},{"not_picked":["Armaments","Fire Breathing"],"picked":"Impervious","floor":5.0},{"not_picked":["Sword Boomerang","Reckless Charge"],"picked":"Iron Wave","floor":10.0},{"not_picked":["Flex","Sword Boomerang","Sever Soul"],"picked":"SKIP","floor":11.0},{"not_picked":["Twin Strike","Heavy Blade","Body Slam"],"picked":"SKIP","floor":14.0},{"not_picked":["Bludgeon","Demon Form"],"picked":"Exhume","floor":16}],"player_experience":315167,"relics_obtained":[],"event_choices":[{"cards_removed":["Bash"],"damage_healed":0.0,"max_hp_gain":0.0,"max_hp_loss":0.0,"gold_gain":0.0,"event_name":"Golden Wing","player_choice":"Card Removal","floor":7.0,"gold_loss":0.0,"damage_taken":7.0},{"damage_healed":0.0,"max_hp_gain":5.0,"max_hp_loss":0.0,"gold_gain":0.0,"event_name":"Big Fish","player_choice":"Donut","floor":12.0,"gold_loss":0.0,"damage_taken":0.0}],"is_beta":false,"boss_relics":[{"not_picked":["Black Star","Runic Pyramid","Velvet Choker"]}],"items_purged_floors":[],"is_endless":false,"potions_floor_spawned":[1,2,4,5],"killed_by":"Spheric Guardian","ascension_level":0}}