{"host":"91blwi3hgehj6ch9","time":1613247526,"event":{"mods":["2.2 Compatiblity","AchievementEnabler","BaseMod","Colored Map","DeckTracker","Keyboard Shortcuts","Minty Spire (QoL Compilation)","Permanent Neow","Quick Restart","StSLib","SuperFastMode","everything is the same but u backflip on backflip"],"gold_per_floor":[118,43,8,8,18,18,43,67,115,115,145,169,169,26,26,26,26],"floor_reached":16,"language":"KOR","playtime":316,"items_purged":["Strike_G","Strike_G"],"score":176,"play_id":"52c12a04-2d84-4183-8481-5ff3f1d31377","local_time":"20210214051846","is_ascension_mode":true,"campfire_choices":[{"data":"Prepared","floor":10.0,"key":"SMITH"},{"data":"Noxious Fumes","floor":15,"key":"SMITH"}],"circlet_count":0,"master_deck":["AscendersBane","Strike_G","Strike_G","Defend_G","Defend_G","Defend_G","Survivor","Neutralize","Dash","Prepared+1","Blade Dance","Reflex","Noxious Fumes+1"],"relics":["Ring of the Snake","Golden Idol","Omamori"],"acts_visited":["Exordium"],"potions_floor_usage":[16],"damage_taken":[{"damage":7.0,"enemies":"Small Slimes","floor":1.0,"turns":4.0},{"damage":0.0,"enemies":"Jaw Worm","floor":5.0,"turns":5.0},{"damage":0.0,"enemies":"2 Louse","floor":7.0,"turns":2.0},{"damage":1.0,"enemies":"Looter","floor":8.0,"turns":4.0},{"damage":4,"enemies":"Red Slaver","floor":12,"turns":5},{"damage":50,"enemies":"Slime Boss","floor":16,"turns":8}],"seed_played":"-6056198083564631835","potions_obtained":[{"floor":1.0,"key":"Weak Potion"},{"floor":8.0,"key":"Ancient Potion"}],"is_trial":false,"path_per_floor":["M","$","?","?","M","?","M","M","T","R","?","M","$","$","R","B"],"character_chosen":"THE_SILENT","items_purchased":["Noxious Fumes"],"campfire_rested":0,"item_purchase_floors":[14],"current_hp_per_floor":[37,37,53,46,46,46,46,45,45,45,45,41,41,41,41,0,0],"gold":26,"neow_bonus":"REMOVE_TWO","is_daily":false,"chose_seed":false,"campfire_upgraded":2,"win_rate":0.0,"timestamp":1613247526,"path_taken":["M","$","?","?","M","?","M","M","T","R","?","M","?","$","R","BOSS"],"items_purchased_type":["Card"],"build_version":"2020-12-22","purchased_purges":2,"victory":false,"max_hp_per_floor":[66,66,66,66,66,60,60,60,60,60,60,60,60,60,60,60,60],"card_choices":[{"not_picked":["Dagger Spray","Sucker Punch"],"picked":"Dash","floor":1.0},{"not_picked":["PiercingWail","Bane"],"picked":"Prepared","floor":5.0},{"not_picked":["Accuracy","Doppelganger","Catalyst"],"picked":"SKIP","floor":7.0},{"not_picked":["Outmaneuver","Leg Sweep"],"picked":"Blade Dance","floor":8.0},{"not_picked":["Quick Slash","Deadly Poison"],"picked":"Reflex","floor":12}],"player_experience":251220,"relics_obtained":[{"floor":9.0,"key":"Omamori"}],"event_choices":[{"damage_healed":16.0,"max_hp_gain":0.0,"max_hp_loss":0.0,"gold_gain":0.0,"event_name":"The Cleric","player_choice":"Healed","floor":3.0,"gold_loss":35.0,"damage_taken":0.0},{"cards_removed":["Strike_G"],"damage_healed":0.0,"max_hp_gain":0.0,"max_hp_loss":0.0,"gold_gain":0.0,"event_name":"Golden Wing","player_choice":"Card Removal","floor":4.0,"gold_loss":0.0,"damage_taken":7.0},{"damage_healed":0.0,"max_hp_gain":0.0,"max_hp_loss":6.0,"gold_gain":0.0,"event_name":"Golden Idol","player_choice":"Lose Max HP","floor":6.0,"gold_loss":0.0,"damage_taken":0.0,"relics_obtained":["Golden Idol"]},{"damage_healed":0,"gold_gain":30,"player_choice":"Searched \u00271\u0027 times","damage_taken":0,"max_hp_gain":0,"max_hp_loss":0,"event_name":"Dead Adventurer","floor":11,"gold_loss":0}],"is_beta":false,"boss_relics":[],"items_purged_floors":[2,14],"is_endless":false,"potions_floor_spawned":[1,8,12],"killed_by":"Slime Boss","ascension_level":19}}