{"host":"qrt7o4dq2qslzw13","time":1613246920,"event":{"mods":["AchievementEnabler","BaseMod","Colored Map","Colored Powertips","Minty Spire (QoL Compilation)","Quick Restart","StSLib","SuperFastMode"],"gold_per_floor":[116,81,81,96,8,8,33,47,47,47,62,121,17,31,31,106,106,118,135,135,135,59,59,59,59],"floor_reached":24,"language":"ENG","playtime":501,"items_purged":[],"score":388,"play_id":"08d87e19-9702-49cf-a2dd-267849318845","local_time":"20210213150840","is_ascension_mode":true,"campfire_choices":[{"data":"Thunderclap","floor":6.0,"key":"SMITH"},{"data":"Bash","floor":10.0,"key":"SMITH"},{"data":"Inflame","floor":15.0,"key":"SMITH"},{"data":"Reaper","floor":23,"key":"SMITH"}],"circlet_count":0,"master_deck":["AscendersBane","Strike_R","Strike_R","Strike_R","Strike_R","Strike_R","Defend_R","Defend_R","Defend_R","Defend_R","Bash+1","Immolate+1","Warcry","Thunderclap+1","Fire Breathing","Iron Wave","Inflame+1","Rage","Headbutt","Clash","Warcry","Ghostly Armor","Reaper+1","Anger","Rupture","Decay","Bloodletting"],"relics":["Black Blood","Meat on the Bone","Pantograph","HornCleat"],"acts_visited":["Exordium","TheCity"],"potions_floor_usage":[18,18,24],"damage_taken":[{"damage":0.0,"enemies":"2 Louse","floor":1.0,"turns":1.0},{"damage":0.0,"enemies":"Small Slimes","floor":4.0,"turns":1.0},{"damage":27.0,"enemies":"Gremlin Nob","floor":7.0,"turns":4.0},{"damage":2.0,"enemies":"Jaw Worm","floor":8.0,"turns":2.0},{"damage":9.0,"enemies":"Large Slime","floor":11.0,"turns":5.0},{"damage":8.0,"enemies":"Gremlin Nob","floor":12.0,"turns":3.0},{"damage":6.0,"enemies":"Exordium Thugs","floor":14.0,"turns":2.0},{"damage":32.0,"enemies":"Hexaghost","floor":16.0,"turns":8.0},{"damage":14,"enemies":"3 Byrds","floor":18,"turns":5},{"damage":24,"enemies":"Spheric Guardian","floor":19,"turns":5},{"damage":56,"enemies":"Book of Stabbing","floor":24,"turns":5}],"seed_played":"7853516742649062347","potions_obtained":[{"floor":4.0,"key":"ColorlessPotion"},{"floor":12.0,"key":"AttackPotion"},{"floor":14.0,"key":"ColorlessPotion"},{"floor":16.0,"key":"Swift Potion"},{"floor":18,"key":"Swift Potion"}],"is_trial":false,"path_per_floor":["M","?","?","M","$","R","E","M","T","R","M","?","$","M","R","B",null,"M","M","?","?","$","R","E"],"character_chosen":"IRONCLAD","items_purchased":["Fire Breathing","Clash","Warcry","Bloodletting"],"campfire_rested":0,"item_purchase_floors":[5,13,13,22],"current_hp_per_floor":[56,74,74,75,75,75,54,58,58,58,55,53,53,53,53,49,69,67,55,55,55,55,55,0,0],"gold":59,"neow_bonus":"THREE_RARE_CARDS","is_daily":false,"chose_seed":false,"campfire_upgraded":4,"win_rate":0.0,"timestamp":1613246920,"path_taken":["M","?","?","M","$","R","E","M","T","R","M","?","$","M","R","BOSS","M","M","?","?","?","R","E"],"items_purchased_type":["Card","Card","Card","Card"],"build_version":"2020-12-22","purchased_purges":0,"victory":false,"max_hp_per_floor":[75,75,75,75,75,75,75,75,75,75,75,75,75,75,75,75,75,75,75,75,75,75,75,75,75],"card_choices":[{"not_picked":["Exhume","Impervious"],"picked":"Immolate","floor":0.0},{"not_picked":["Body Slam","Carnage"],"picked":"Warcry","floor":1.0},{"not_picked":["Havoc","Headbutt"],"picked":"Thunderclap","floor":4.0},{"not_picked":["Dark Embrace","Flame Barrier"],"picked":"Iron Wave","floor":7.0},{"not_picked":["Shrug It Off","Evolve"],"picked":"Inflame","floor":8.0},{"not_picked":["Anger","Blood for Blood"],"picked":"Rage","floor":11.0},{"not_picked":["Cleave","Heavy Blade"],"picked":"Headbutt","floor":12.0},{"not_picked":["Sword Boomerang","Thunderclap"],"picked":"Ghostly Armor","floor":14.0},{"not_picked":["Exhume","Corruption"],"picked":"Reaper","floor":16.0},{"not_picked":["Sword Boomerang","Iron Wave+1"],"picked":"Anger","floor":18},{"not_picked":["Headbutt","Dropkick"],"picked":"Rupture","floor":19}],"player_experience":633877,"relics_obtained":[{"floor":7.0,"key":"Meat on the Bone"},{"floor":9.0,"key":"Pantograph"},{"floor":12.0,"key":"HornCleat"}],"event_choices":[{"damage_healed":18.0,"max_hp_gain":0.0,"max_hp_loss":0.0,"gold_gain":0.0,"event_name":"The Cleric","player_choice":"Healed","floor":2.0,"gold_loss":35.0,"damage_taken":0.0},{"damage_healed":0.0,"max_hp_gain":0.0,"max_hp_loss":0.0,"gold_gain":0.0,"event_name":"Living Wall","player_choice":"Grow","floor":3.0,"gold_loss":0.0,"damage_taken":0.0,"cards_upgraded":["Immolate"]},{"damage_healed":0.0,"max_hp_gain":0.0,"max_hp_loss":0.0,"gold_gain":0.0,"event_name":"Dead Adventurer","player_choice":"Searched \u00271\u0027 times","floor":12.0,"gold_loss":0.0,"damage_taken":0.0},{"damage_healed":0,"gold_gain":0,"player_choice":"Ignored","damage_taken":0,"max_hp_gain":0,"max_hp_loss":0,"event_name":"Ghosts","floor":20,"gold_loss":0},{"damage_healed":0,"gold_gain":0,"player_choice":"Smashed Altar","damage_taken":0,"max_hp_gain":0,"max_hp_loss":0,"event_name":"Forgotten Altar","floor":21,"gold_loss":0,"cards_obtained":["Decay"]}],"is_beta":false,"boss_relics":[{"not_picked":["Ectoplasm","Runic Pyramid"],"picked":"Black Blood"}],"items_purged_floors":[],"is_endless":false,"potions_floor_spawned":[4,12,14,16,18],"killed_by":"Book of Stabbing","ascension_level":20}}