{"host":"df48i9djcn92c5sx","time":1613225809,"event":{"mods":["Act Like it!","Arknights","BaseMod","Decade(王小明)","Downfall","Gensokyo","Marisa（F雨　魔理沙）","Minty Spire (QoL Compilation)","READ ME - Guardian Mod","READ ME - Snecko Mod","Reimu（博丽灵梦）","Remilia（蕾米莉亚）","Shop Mod","StSLib","The Jungle","The Servant 0.9.4"],"gold_per_floor":[99,112,123,123,123,135,135,162,28,28,55,55,55,80,99,202,202,202,218,235,335,361,377,452,452,452,140,150,150,170,203,215,215,215],"floor_reached":33,"language":"ZHS","playtime":1492,"items_purged":["Normality"],"score":416,"play_id":"ed2d1973-32fd-4671-bb68-631f61eb2f81","local_time":"20210213221649","is_ascension_mode":true,"campfire_choices":[{"data":"ats:Emotion Absorption","floor":1.0,"key":"SMITH"},{"data":"ats:Soul Absorption","floor":10.0,"key":"SMITH"},{"data":"ats:Flame Of Heaven","floor":12.0,"key":"SMITH"},{"data":"ats:Soul Rend","floor":18,"key":"SMITH"},{"data":"ats:Guardian Obelisk","floor":26,"key":"SMITH"},{"data":"ats:Shadow Assault","floor":29,"key":"SMITH"}],"circlet_count":0,"master_deck":["ats:Strike C","ats:Strike G","ats:Defend+1","ats:Defend","ats:Defend+1","ats:Defend","ats:Emotion Absorption+1","ats:Burning Ground+1","ats:Soul Absorption+1","ats:Flame Of Heaven+1","ats:Red Shift","downfall:Haunted","ats:Shadow Assault+1","ats:Serious Mode","ats:Soul Rend+1","ats:Thorns+1","ats:Automatic Cover+1","ats:Healing Drone+1","ats:Charging Defense","ats:Cat Scratch","J.A.X.","ats:Blood Oath","ats:Guardian Obelisk+1","downfall:Icky","ats:Apocalypse+1","Regret","Regret","Writhe","ats:Magnetic Hammer","ats:Apocalypse+1"],"relics":["ats:Sanity","War Paint","ats:Originium","PreservedInsect","downfall:ExtraCursedKey","Oddly Smooth Stone","Astrolabe","MutagenicStrength","Mastiff:ReiMu","Meat on the Bone","Gremlin Horn","Blood Vial","Pantograph"],"acts_visited":["Exordium","TheCity"],"potions_floor_usage":[16,21,21,21,30],"damage_taken":[{"damage":1.0,"enemies":"Jaw Worm","floor":2.0,"turns":4.0},{"damage":14.0,"enemies":"2 Louse","floor":3.0,"turns":3.0},{"damage":1.0,"enemies":"Cultist","floor":6.0,"turns":4.0},{"damage":2.0,"enemies":"downfall:FleeingMerchant","floor":9.0,"turns":4.0},{"damage":4.0,"enemies":"Lagavulin","floor":11.0,"turns":4.0},{"damage":7,"enemies":"Gremlin Nob","floor":14,"turns":3},{"damage":4,"enemies":"Exordium Wildlife","floor":15,"turns":3},{"damage":11,"enemies":"SI_SHIV_ARCHETYPE","floor":16,"turns":6},{"damage":11,"enemies":"3 Byrds","floor":19,"turns":4},{"damage":33,"enemies":"Shell Parasite","floor":20,"turns":6},{"damage":65,"enemies":"downfall:Augmenter","floor":21,"turns":5},{"damage":23,"enemies":"Centurion and Healer","floor":23,"turns":4},{"damage":2,"enemies":"downfall:FleeingMerchant","floor":27,"turns":4},{"damage":37,"enemies":"Shelled Parasite and Fungi","floor":28,"turns":8},{"damage":47,"enemies":"Sentry and Sphere","floor":30,"turns":5},{"damage":60,"enemies":"Book of Stabbing","floor":31,"turns":5},{"damage":30,"enemies":"3 Cultists","floor":32,"turns":5},{"damage":111,"enemies":"WA_ARCHETYPE_CALM","floor":33,"turns":8}],"seed_played":"-6787571939592919478","potions_obtained":[{"floor":3.0,"key":"SteroidPotion"},{"floor":15,"key":"Regen Potion"},{"floor":16,"key":"Fire Potion"},{"floor":19,"key":"ats:Top Emergency Sanity Potion"},{"floor":20,"key":"bronze:BurnAndBuffPotion"},{"floor":28,"key":"LiquidMemories"},{"floor":31,"key":"ZuzhouPotion:ReiMu"}],"is_trial":false,"path_per_floor":["R","M","M","?","?","M","T","T","$","R","E","R","?","E","M","B",null,"R","M","M","?","T","M","T","?","R","$","M","R","M","E","M","B"],"character_chosen":"DOCTOR_CLASS","items_purchased":["ats:Flame Of Heaven","ats:Red Shift","Blood Vial","ats:Magnetic Hammer"],"campfire_rested":0,"item_purchase_floors":[9,9,27,27],"current_hp_per_floor":[79,78,64,69,69,68,68,68,66,66,62,62,62,55,51,55,84,84,84,84,39,39,45,45,45,45,51,63,63,50,21,48,0,0],"gold":215,"neow_bonus":"TEN_PERCENT_HP_BONUS","is_daily":false,"chose_seed":false,"campfire_upgraded":6,"win_rate":0.0,"timestamp":1613225809,"path_taken":["R","M","M","?","?","?","T","?","$","R","E","R","?","E","M","BOSS","R","M","M","?","?","M","T","?","R","?","M","R","M","E","M","BOSS"],"items_purchased_type":["Card","Card","Relic","Card"],"build_version":"2020-12-22","purchased_purges":1,"victory":false,"max_hp_per_floor":[79,79,79,84,84,84,84,84,84,84,84,84,84,84,84,84,84,84,84,84,84,84,84,84,84,84,84,84,84,84,84,84,84,84],"card_choices":[{"not_picked":["ats:Very Hot Blade","ats:Flexible Camouflage","ats:Hammer On"],"picked":"SKIP","floor":2.0},{"not_picked":["ats:Cat Scratch","ats:Serious Mode"],"picked":"ats:Burning Ground","floor":3.0},{"not_picked":["ats:Healing Strengthening","ats:Explosion Area Strengthen","ats:Consecutive Shot Auto"],"picked":"SKIP","floor":6.0},{"not_picked":["ats:Powerful Strike","ats:Consecutive Shot Auto"],"picked":"ats:Soul Absorption","floor":9.0},{"not_picked":["ats:Hammer On","ats:Revitalization"],"picked":"ats:Automatic Cover","floor":11.0},{"not_picked":["ats:Leaping Hammer","ats:Directed Diagnosis"],"picked":"ats:Serious Mode","floor":14},{"not_picked":["ats:Explosion Area Strengthen","ats:Spore Proliferation","ats:Consecutive Shot Auto"],"picked":"SKIP","floor":15},{"not_picked":["ats:Roar Of Ursus","ats:Shadow Assault"],"picked":"ats:Soul Rend","floor":16},{"not_picked":["ats:Hook Shot","ats:Chain Hook"],"picked":"ats:Charging Defense","floor":19},{"not_picked":["ats:Sashimi Platter","ats:Hammer On"],"picked":"ats:Cat Scratch","floor":20},{"not_picked":[],"picked":"J.A.X.","floor":21},{"not_picked":["ats:Apocalypse","ats:Explosion Area Strengthen"],"picked":"ats:Blood Oath","floor":21},{"not_picked":["ats:Roar Of Ursus","ats:Leaping Hammer"],"picked":"ats:Apocalypse+1","floor":23},{"not_picked":["ats:Closed Bolt Burst Fire","ats:Automatic Cover","ats:Leaping Hammer"],"picked":"SKIP","floor":27},{"not_picked":["ats:Poison Spread+1","ats:Sashimi Platter","ats:Consecutive Shot Auto"],"picked":"SKIP","floor":28},{"not_picked":["ats:Encircling Forest","ats:Consecutive Shot Auto+1","ats:Spore Proliferation"],"picked":"SKIP","floor":30},{"not_picked":["ats:Thorns","ats:Encircling Forest","ats:Soul Absorption"],"picked":"SKIP","floor":31},{"not_picked":["ats:Defend Order+1","ats:Explosion Area Strengthen"],"picked":"ats:Apocalypse+1","floor":32}],"player_experience":1545511,"relics_obtained":[{"floor":8.0,"key":"War Paint"},{"floor":11.0,"key":"ats:Originium"},{"floor":11.0,"key":"PreservedInsect"},{"floor":14,"key":"ats:Originium"},{"floor":14,"key":"Oddly Smooth Stone"},{"floor":21,"key":"MutagenicStrength"},{"floor":22,"key":"Mastiff:ReiMu"},{"floor":24,"key":"Meat on the Bone"},{"floor":31,"key":"ats:Originium"},{"floor":31,"key":"Pantograph"}],"event_choices":[{"damage_healed":0.0,"max_hp_gain":5.0,"max_hp_loss":0.0,"gold_gain":0.0,"event_name":"Big Fish","player_choice":"Donut","floor":4.0,"gold_loss":0.0,"damage_taken":0.0},{"damage_healed":0.0,"max_hp_gain":0.0,"max_hp_loss":0.0,"gold_gain":0.0,"event_name":"Accursed Blacksmith","player_choice":"Forge","floor":5.0,"gold_loss":0.0,"damage_taken":0.0,"cards_upgraded":["ats:Burning Ground"]}],"is_beta":false,"boss_relics":[{"not_picked":["sneckomod:SneckoTalon","Sozu"],"picked":"Astrolabe"}],"items_purged_floors":[27],"is_endless":false,"potions_floor_spawned":[3,15,16,19,20,28,31],"killed_by":"WA_ARCHETYPE_CALM","ascension_level":3}}