{"host":"hl3ams4am2ku5u4p","time":1613260411,"event":{"mods":["AchievementEnabler","Act Like it!","Aspiration","BaseMod","Beaked The Cultist","BetterRewards","CatGirl Mod","Colored Map","Colored Powertips","Conspire","Downfall","Energized Spire","Halation","Hallownest","HornydragonMod","Hubris","Infinite Spire","Mad Scientist","Magitek Elite","Minty Spire (QoL Compilation)","READ ME - Guardian Mod","Replay The Spire","Spikes Relics","StSLib","SuperFastMode","The Blackbeard","The Bug Knight","The Construct","The Disciple","The Jungle","The Mystic","The Necromancer","The Senshi"],"gold_per_floor":[113,113,45,45,45,45,76,76,76,94,94,112,112,124,124,229,229,248,274,199,298,310,310,326,326,353,353,380,380,380,390,390,488,488,500,500,517,532,532,532,548,548,574,574,599,599,619,619,619,619],"floor_reached":51,"language":"FRA","playtime":1876,"items_purged":["Strike_G","Defend_G"],"score":1193,"play_id":"2c3d7e05-9073-48ae-bae0-6ccb04172d91","local_time":"20210214005331","is_ascension_mode":true,"campfire_choices":[{"floor":6,"key":"REST"},{"floor":8,"key":"REST"},{"data":"conspire:Banana","floor":13,"key":"SMITH"},{"data":"Catalyst","floor":15,"key":"SMITH"},{"floor":23,"key":"REST"},{"floor":25,"key":"REST"},{"floor":27,"key":"REST"},{"data":"Catalyst","floor":32,"key":"SMITH"},{"floor":40,"key":"REST"},{"data":"beaked:WalkersFury","floor":42,"key":"SMITH"},{"data":"Adrenaline","floor":44,"key":"SMITH"},{"data":"Burst","floor":46,"key":"SMITH"},{"data":"Noxious Fumes","floor":49,"key":"SMITH"}],"circlet_count":0,"master_deck":["Strike_G","Strike_G","Strike_G","Strike_G","Defend_G+1","Defend_G","Defend_G","Defend_G","Survivor","Neutralize","conspire:PoisonWeapons+1","Dagger Spray","conspire:Banana+1","Blade Dance","Catalyst+1","Accuracy","Catalyst+1","Dash","Flying Knee+1","Burst+1","Riddle With Holes+1","Noxious Fumes+1","Heavy Blade+1","Footwork+1","Adrenaline+1","beaked:WalkersFury+1","Blade Dance+1","conspire:PoisonWeapons","Body Slam+1","BarbarianYell","conspire:Charge+1"],"relics":["Ring of the Snake","Shuriken","Blue Candle","Orichalcum","SpikesRelics:ToyHorsey","aspiration:IroncladSkillbook","Red Mask","Dream Catcher","Ancient Tea Set","hubris:PeanutButter","beaked:SacredDeck","Whetstone","Durian"],"acts_visited":["Exordium","TheCity","TheCity"],"potions_floor_usage":[16,18,31,33,33,33,33,35,41,41,50],"damage_taken":[{"damage":1,"enemies":"Jaw Worm","floor":1,"turns":3},{"damage":10,"enemies":"Gremlin Nob","floor":7,"turns":3},{"damage":0,"enemies":"2 Louse","floor":10,"turns":2},{"damage":0,"enemies":"Small Slimes","floor":12,"turns":3},{"damage":1,"enemies":"Looter","floor":14,"turns":3},{"damage":47,"enemies":"Hexaghost","floor":16,"turns":10},{"damage":31,"enemies":"Chosen","floor":18,"turns":5},{"damage":33,"enemies":"Masked Bandits","floor":19,"turns":4},{"damage":7,"enemies":"2 Thieves","floor":22,"turns":4},{"damage":16,"enemies":"Centurion and Healer","floor":24,"turns":5},{"damage":0,"enemies":"Gremlin Leader","floor":28,"turns":3},{"damage":6,"enemies":"3 Cultists","floor":31,"turns":4},{"damage":51,"enemies":"hubris:MusketHawk","floor":33,"turns":7},{"damage":19,"enemies":"Hallownest:3_Siblings","floor":35,"turns":7},{"damage":12,"enemies":"Hallownest:Shield_Heavy","floor":37,"turns":3},{"damage":20,"enemies":"Hallownest:Slobbering_and_Violent","floor":38,"turns":6},{"damage":13,"enemies":"Hallownest:2_Wing_and_1_Kings","floor":41,"turns":6},{"damage":0,"enemies":"Hallownest:StalkingDevout","floor":45,"turns":4},{"damage":1,"enemies":"Hallownest:2_Great","floor":47,"turns":4},{"damage":44,"enemies":"Hallownest:BossGreyPrinceZote","floor":50,"turns":7}],"seed_played":"-1933163530891744653","potions_obtained":[{"floor":1,"key":"SpeedPotion"},{"floor":16,"key":"SkillPotion"},{"floor":22,"key":"Dexterity Potion"},{"floor":24,"key":"Fire Potion"},{"floor":28,"key":"infinitespire:BlackPotion"},{"floor":31,"key":"EntropicBrew"},{"floor":33,"key":"champ:CounterPotion"},{"floor":35,"key":"Fire Potion"},{"floor":38,"key":"SkillPotion"},{"floor":45,"key":"Regen Potion"}],"is_trial":false,"path_per_floor":["M","?","$","?","?","R","E","R","T","M","?","M","R","M","R","B",null,"M","?","$","?","M","R","M","R","T","R","E","T","$","M","R","B",null,"M","?","M","M","?","R","M","R","T","R","E","R","M","?","R","B",null],"character_chosen":"THE_SILENT","items_purchased":["conspire:PoisonWeapons","Dagger Spray","conspire:Banana","Shuriken","Blade Dance","Accuracy"],"campfire_rested":6,"item_purchase_floors":[0,0,0,0,0,3],"current_hp_per_floor":[56,51,51,37,37,58,49,70,70,71,71,72,72,73,73,28,78,53,24,24,24,21,45,35,59,59,82,84,84,79,79,79,34,88,75,75,69,57,57,84,77,77,77,77,86,86,89,89,89,63],"gold":619,"neow_bonus":"","is_daily":false,"chose_seed":false,"campfire_upgraded":7,"win_rate":0.0,"timestamp":1613260411,"path_taken":["M","?","$","?","?","R","E","R","T","M","?","M","R","M","R","BOSS","M","?","$","?","M","R","M","R","T","R","E","?","?","M","R","BOSS","M","?","?","M","?","R","M","R","T","R","E","R","M","?","R","BOSS"],"items_purchased_type":["Card","Card","Card","Relic","Card","Card"],"build_version":"2020-12-22","purchased_purges":2,"victory":true,"max_hp_per_floor":[71,71,71,71,71,71,72,72,72,73,73,74,74,76,76,78,78,80,80,80,80,80,80,82,82,82,82,84,84,84,86,86,88,88,90,90,92,96,91,91,93,93,93,93,98,98,98,98,98,100],"card_choices":[{"not_picked":["ReplayTheSpireMod:Scrap Shanks","Backflip"],"picked":"Catalyst","floor":1},{"not_picked":["hubris:TrickCloak","Accuracy"],"picked":"Catalyst","floor":7},{"not_picked":["hubris:SlightOfHand","Slice","Prepared"],"picked":"SKIP","floor":10},{"not_picked":["PiercingWail","Acrobatics"],"picked":"Dash","floor":12},{"not_picked":["Dagger Throw","Bane"],"picked":"Flying Knee","floor":14},{"not_picked":["Malaise","Doppelganger"],"picked":"Burst","floor":16},{"not_picked":["Endless Agony","PiercingWail+1","Slice"],"picked":"Riddle With Holes","floor":18},{"not_picked":["Replay:Poison Smokescreen","Prepared","Acrobatics"],"picked":"Noxious Fumes","floor":19},{"not_picked":["Infernal Blade","ReplayTheSpireMod:Strike From Hell","Hidden Blade"],"picked":"Heavy Blade+1","floor":22},{"not_picked":["Bane","Run Through+1","Anger+1","Pommel Strike"],"picked":"SKIP","floor":24},{"not_picked":["Impervious","Body Slam+1","Outmaneuver+1"],"picked":"Footwork+1","floor":28},{"not_picked":["ReplayTheSpireMod:Speed Training","Headbutt+1","Dagger Throw","Sucker Punch"],"picked":"SKIP","floor":31},{"not_picked":["Bludgeon","conspire:Purge","Offering"],"picked":"Adrenaline","floor":33},{"not_picked":["Dagger Throw","Hemokinesis+1","Underhanded Strike"],"picked":"Blade Dance+1","floor":35},{"not_picked":["ReplayTheSpireMod:Strike From Hell","Perfected Strike","Anger+1"],"picked":"conspire:PoisonWeapons","floor":37},{"not_picked":["Deflect+1","Cloak And Dagger+1","PiercingWail+1"],"picked":"Body Slam+1","floor":38},{"not_picked":["Dagger Spray+1","Clothesline+1","Run Through+1"],"picked":"BarbarianYell","floor":41},{"not_picked":["Rupture+1","Replay:Undeath\u0027s Touch+1","Acrobatics+1","Cloak And Dagger"],"picked":"SKIP","floor":45},{"not_picked":["Run Through","Body Slam+1","Reckless Charge+1"],"picked":"conspire:Charge+1","floor":47}],"player_experience":66754,"relics_obtained":[{"floor":7,"key":"Orichalcum"},{"floor":9,"key":"SpikesRelics:ToyHorsey"},{"floor":19,"key":"Red Mask"},{"floor":26,"key":"Dream Catcher"},{"floor":28,"key":"Ancient Tea Set"},{"floor":29,"key":"hubris:PeanutButter"},{"floor":43,"key":"Whetstone"},{"floor":45,"key":"Durian"}],"event_choices":[{"damage_healed":0,"gold_gain":0,"player_choice":"Entered Light","damage_taken":14,"max_hp_gain":0,"max_hp_loss":0,"event_name":"Shining Light","floor":4,"gold_loss":0,"cards_upgraded":["Defend_G","conspire:PoisonWeapons"]},{"damage_healed":0,"gold_gain":0,"player_choice":"Fought Bandits","damage_taken":0,"max_hp_gain":0,"max_hp_loss":0,"event_name":"Masked Bandits","floor":19,"gold_loss":0},{"damage_healed":0,"gold_gain":99,"player_choice":"Stole From Cult","damage_taken":0,"max_hp_gain":0,"max_hp_loss":0,"event_name":"Nest","floor":21,"gold_loss":0}],"is_beta":false,"boss_relics":[{"not_picked":["Coffee Dripper","Replay:Drink Me"],"picked":"aspiration:IroncladSkillbook"},{"not_picked":["hubris:ScarierMask","energizedSpire:MagnifyingGlass"],"picked":"beaked:SacredDeck"}],"items_purged_floors":[20,30],"is_endless":false,"potions_floor_spawned":[1,16,22,24,28,31,33,35,38,45],"ascension_level":4}}