{"host":"8ztb9kwpjc2zof9s","time":1613193566,"event":{"mods":["BaseMod","Block Reminder","Curses Come First","Minty Spire (QoL Compilation)","Relic Stats","StSLib"],"gold_per_floor":[114,127,146,146,321,346,357,371,396,115,145,145,245,277,277,277,277],"floor_reached":16,"language":"ENG","playtime":590,"items_purged":["Doubt"],"score":171,"play_id":"237d9ece-7b39-4fcb-a8ed-f87cece5bad6","local_time":"20210212211926","is_ascension_mode":true,"campfire_choices":[{"floor":12,"key":"REST"},{"data":"Bouncing Flask","floor":15,"key":"SMITH"}],"circlet_count":0,"master_deck":["AscendersBane","Strike_G","Strike_G","Strike_G","Strike_G","Strike_G+1","Defend_G+1","Defend_G","Defend_G","Defend_G","Defend_G","Survivor","Neutralize","Dash","Dodge and Roll","Acrobatics","Burst","Bouncing Flask+1","Blade Dance"],"relics":["Ring of the Snake","NeowsBlessing","MealTicket","Bag of Marbles","Oddly Smooth Stone","Ancient Tea Set","Juzu Bracelet"],"acts_visited":["Exordium"],"potions_floor_usage":[7,16,16],"damage_taken":[{"damage":0,"enemies":"Small Slimes","floor":1,"turns":1},{"damage":0,"enemies":"Jaw Worm","floor":2,"turns":1},{"damage":0,"enemies":"2 Louse","floor":3,"turns":1},{"damage":19,"enemies":"3 Sentries","floor":6,"turns":19},{"damage":7,"enemies":"Red Slaver","floor":7,"turns":8},{"damage":2,"enemies":"Large Slime","floor":8,"turns":7},{"damage":10,"enemies":"Lagavulin","floor":14,"turns":7},{"damage":50,"enemies":"Slime Boss","floor":16,"turns":8}],"seed_played":"3587380224370404156","potions_obtained":[{"floor":2,"key":"Dexterity Potion"},{"floor":3,"key":"Weak Potion"},{"floor":7,"key":"AttackPotion"}],"is_trial":false,"path_per_floor":["M","M","M","?","?","E","M","M","T","$","?","R","?","E","R","B"],"character_chosen":"THE_SILENT","items_purchased":["Oddly Smooth Stone","Blade Dance"],"campfire_rested":1,"item_purchase_floors":[10,10],"current_hp_per_floor":[63,63,63,49,49,30,23,21,21,36,36,57,57,47,47,0,0],"gold":277,"neow_bonus":"THREE_ENEMY_KILL","is_daily":false,"chose_seed":false,"campfire_upgraded":1,"win_rate":0.0,"timestamp":1613193566,"path_taken":["M","M","M","?","?","E","M","M","T","$","?","R","?","E","R","BOSS"],"items_purchased_type":["Relic","Card"],"build_version":"2020-12-22","purchased_purges":1,"victory":false,"max_hp_per_floor":[70,70,70,70,70,70,70,70,70,70,70,70,70,70,70,70,70],"relic_stats":{"counters":[8,52],"MealTicket":15,"Juzu Bracelet":0,"obtain_stats":[{"NeowsBlessing":0,"Oddly Smooth Stone":10,"MealTicket":6,"Bag of Marbles":9,"Juzu Bracelet":14,"Ancient Tea Set":11,"Ring of the Snake":0},{"NeowsBlessing":0,"Oddly Smooth Stone":6,"MealTicket":4,"Bag of Marbles":6,"Juzu Bracelet":7,"Ancient Tea Set":6,"Ring of the Snake":0},{"NeowsBlessing":0,"Oddly Smooth Stone":37,"MealTicket":22,"Bag of Marbles":37,"Juzu Bracelet":44,"Ancient Tea Set":37,"Ring of the Snake":0}],"Ring of the Snake":[16]},"card_choices":[{"not_picked":["Dagger Spray","PiercingWail"],"picked":"Dash","floor":1},{"not_picked":["Catalyst","Flechettes"],"picked":"Dodge and Roll","floor":2},{"not_picked":["Dagger Throw","Bane"],"picked":"Acrobatics","floor":3},{"not_picked":["Quick Slash","PiercingWail"],"picked":"Burst","floor":6},{"not_picked":["Quick Slash","Heel Hook"],"picked":"Bouncing Flask","floor":7},{"not_picked":["Sucker Punch","Quick Slash","Endless Agony"],"picked":"SKIP","floor":8},{"not_picked":["Outmaneuver","Bane","Acrobatics"],"picked":"SKIP","floor":14}],"player_experience":314728,"relics_obtained":[{"floor":6,"key":"MealTicket"},{"floor":9,"key":"Bag of Marbles"},{"floor":14,"key":"Juzu Bracelet"}],"event_choices":[{"damage_healed":0,"gold_gain":0,"player_choice":"Entered Light","damage_taken":14,"max_hp_gain":0,"max_hp_loss":0,"event_name":"Shining Light","floor":4,"gold_loss":0,"cards_upgraded":["Defend_G","Strike_G"]},{"damage_healed":0,"gold_gain":175,"player_choice":"AGREE","damage_taken":0,"max_hp_gain":0,"max_hp_loss":0,"event_name":"Liars Game","floor":5,"gold_loss":0,"cards_obtained":["Doubt"]},{"damage_healed":0,"gold_gain":30,"player_choice":"Searched \u00273\u0027 times","damage_taken":0,"relics_obtained":["Ancient Tea Set"],"max_hp_gain":0,"max_hp_loss":0,"event_name":"Dead Adventurer","floor":11,"gold_loss":0},{"damage_healed":0,"gold_gain":100,"player_choice":"Pray","damage_taken":0,"max_hp_gain":0,"max_hp_loss":0,"event_name":"Golden Shrine","floor":13,"gold_loss":0}],"is_beta":false,"boss_relics":[],"items_purged_floors":[10],"is_endless":false,"potions_floor_spawned":[2,3,7],"killed_by":"Slime Boss","ascension_level":11}}