{"host":"xz7n3qy1zq36rzpg","time":1613216217,"event":{"mods":["BaseMod","Colored Map","Colored Powertips","Highlight Path","Minty Spire (QoL Compilation)","Quick Restart","Shop Mod"],"gold_per_floor":[119,190,206,206,217,249,102,131,158,172,172,197,197,216,216,216,216],"floor_reached":16,"language":"ENG","playtime":781,"items_purged":["Strike_P"],"score":126,"play_id":"39443590-af53-44a4-87fe-9b63cebb341c","local_time":"20210213123657","is_ascension_mode":true,"campfire_choices":[{"floor":11,"key":"REST"},{"floor":15,"key":"REST"}],"circlet_count":0,"master_deck":["Strike_P","Strike_P","Strike_P","Defend_P","Defend_P","Defend_P","Defend_P","Eruption","Vigilance","FollowUp+1","SandsOfTime","FollowUp+1","MentalFortress+1","ThirdEye","CarveReality","LessonLearned","Swivel","EmptyBody","Crescendo"],"relics":["PureWater","Ancient Tea Set","Bronze Scales","Potion Belt","Blue Candle"],"acts_visited":["Exordium"],"potions_floor_usage":[10,12],"damage_taken":[{"damage":1.0,"enemies":"Jaw Worm","floor":1.0,"turns":2.0},{"damage":0.0,"enemies":"Small Slimes","floor":3.0,"turns":3.0},{"damage":2.0,"enemies":"2 Louse","floor":5.0,"turns":2.0},{"damage":18.0,"enemies":"Lagavulin","floor":6.0,"turns":5.0},{"damage":36.0,"enemies":"Gremlin Nob","floor":8.0,"turns":5.0},{"damage":0,"enemies":"Lots of Slimes","floor":10,"turns":1},{"damage":6,"enemies":"Lagavulin","floor":12,"turns":5},{"damage":2,"enemies":"Blue Slaver","floor":14,"turns":4},{"damage":51,"enemies":"The Guardian","floor":16,"turns":8}],"seed_played":"1182144330432796867","potions_obtained":[{"floor":1.0,"key":"AttackPotion"},{"floor":5.0,"key":"Explosive Potion"},{"floor":8.0,"key":"AttackPotion"}],"is_trial":false,"path_per_floor":["M","?","M","?","M","E","$","E","T","M","R","E","$","M","R","B"],"character_chosen":"WATCHER","items_purchased":["CarveReality"],"campfire_rested":2,"item_purchase_floors":[7],"current_hp_per_floor":[71,71,71,71,69,51,51,15,15,15,36,30,30,28,49,0,0],"gold":216,"neow_bonus":"THREE_CARDS","is_daily":false,"chose_seed":false,"campfire_upgraded":0,"win_rate":0.0,"timestamp":1613216217,"path_taken":["M","?","M","?","M","E","$","E","T","M","R","E","$","M","R","BOSS"],"items_purchased_type":["Card"],"build_version":"2020-12-22","purchased_purges":1,"victory":false,"max_hp_per_floor":[72,72,72,72,72,72,72,72,72,72,72,72,72,72,72,72,72],"card_choices":[{"not_picked":["CutThroughFate","MentalFortress"],"picked":"FollowUp","floor":0.0},{"not_picked":["Meditate","FlurryOfBlows"],"picked":"SandsOfTime","floor":1.0},{"not_picked":["FlyingSleeves","ClearTheMind"],"picked":"FollowUp","floor":3.0},{"not_picked":["ClearTheMind","Adaptation"],"picked":"MentalFortress","floor":5.0},{"not_picked":["EmptyBody","ClearTheMind"],"picked":"ThirdEye","floor":6.0},{"not_picked":["ForeignInfluence","Conclude"],"picked":"LessonLearned","floor":8.0},{"not_picked":["CutThroughFate","Sanctity"],"picked":"Swivel","floor":10},{"not_picked":["PathToVictory","MasterReality"],"picked":"EmptyBody","floor":12},{"not_picked":["Meditate","Evaluate"],"picked":"Crescendo","floor":14}],"player_experience":515318,"relics_obtained":[{"floor":6.0,"key":"Ancient Tea Set"},{"floor":8.0,"key":"Bronze Scales"},{"floor":9.0,"key":"Potion Belt"},{"floor":12,"key":"Blue Candle"}],"event_choices":[{"damage_healed":0.0,"max_hp_gain":0.0,"max_hp_loss":0.0,"gold_gain":71.0,"event_name":"Golden Wing","player_choice":"Gained Gold","floor":2.0,"gold_loss":0.0,"damage_taken":0.0},{"damage_healed":0.0,"max_hp_gain":0.0,"max_hp_loss":0.0,"gold_gain":0.0,"event_name":"Liars Game","player_choice":"Ignored","floor":4.0,"gold_loss":0.0,"damage_taken":0.0}],"is_beta":false,"boss_relics":[],"items_purged_floors":[7],"is_endless":false,"potions_floor_spawned":[1,5,8],"killed_by":"The Guardian","ascension_level":1}}