{"host":"lv3zv4svf9qrs9uo","time":1613192165,"event":{"mods":["AchievementEnabler","BaseMod","Minty Spire (QoL Compilation)","Relic Stats"],"gold_per_floor":[117,130,141,141,165,165,208,208,208,232,232,232],"floor_reached":11,"language":"ENG","playtime":847,"items_purged":[],"score":109,"play_id":"83905b80-94e9-43e2-810a-792968f7b3ea","local_time":"20210212205605","is_ascension_mode":true,"campfire_choices":[{"data":"Ball Lightning","floor":6,"key":"SMITH"},{"floor":8,"key":"REST"}],"circlet_count":0,"master_deck":["Strike_B","Strike_B","Strike_B","Strike_B","Defend_B","Defend_B","Defend_B","Defend_B","Zap","Dualcast","Ball Lightning+1","Streamline"],"relics":["Busted Crown","Golden Idol","Art of War","Toxic Egg 2"],"acts_visited":["Exordium"],"potions_floor_usage":[7,10],"damage_taken":[{"damage":0,"enemies":"2 Louse","floor":1,"turns":2},{"damage":8,"enemies":"Small Slimes","floor":2,"turns":3},{"damage":1,"enemies":"Cultist","floor":3,"turns":4},{"damage":8,"enemies":"Large Slime","floor":5,"turns":6},{"damage":30,"enemies":"Lagavulin","floor":7,"turns":6},{"damage":19,"enemies":"Exordium Wildlife","floor":10,"turns":5},{"damage":0,"enemies":"Gremlin Nob","floor":11,"turns":2}],"seed_played":"-2713414540255956250","potions_obtained":[{"floor":2,"key":"EssenceOfSteel"},{"floor":3,"key":"SteroidPotion"}],"is_trial":false,"path_per_floor":["M","M","M","?","M","R","E","R","T","M","E"],"character_chosen":"DEFECT","items_purchased":[],"campfire_rested":1,"item_purchase_floors":[],"current_hp_per_floor":[68,60,59,41,33,33,3,25,25,6,6,6],"gold":232,"neow_bonus":"BOSS_RELIC","is_daily":false,"chose_seed":false,"campfire_upgraded":1,"win_rate":0.0,"timestamp":1613192165,"path_taken":["M","M","M","?","M","R","E","R","T","M","E"],"items_purchased_type":[],"build_version":"2020-12-22","purchased_purges":0,"victory":false,"max_hp_per_floor":[75,75,75,75,75,75,75,75,75,75,75,75],"relic_stats":{"Busted Crown":12,"counters":[7,28],"Golden Idol":19,"Art of War":[0],"obtain_stats":[{"Busted Crown":0,"Golden Idol":4,"Art of War":7,"Toxic Egg 2":9,"Cracked Core":0},{"Busted Crown":0,"Golden Idol":3,"Art of War":5,"Toxic Egg 2":5,"Cracked Core":0},{"Busted Crown":0,"Golden Idol":9,"Art of War":21,"Toxic Egg 2":21,"Cracked Core":0}]},"card_choices":[{"not_picked":["Steam"],"picked":"SKIP","floor":1},{"not_picked":["Turbo"],"picked":"SKIP","floor":2},{"not_picked":["Turbo"],"picked":"SKIP","floor":3},{"not_picked":[],"picked":"Ball Lightning","floor":5},{"not_picked":[],"picked":"Streamline","floor":7},{"not_picked":["Scrape"],"picked":"SKIP","floor":10}],"player_experience":584445,"relics_obtained":[{"floor":7,"key":"Art of War"},{"floor":9,"key":"Toxic Egg 2"}],"event_choices":[{"damage_healed":0,"gold_gain":0,"player_choice":"Take Damage","damage_taken":18,"relics_obtained":["Golden Idol"],"max_hp_gain":0,"max_hp_loss":0,"event_name":"Golden Idol","floor":4,"gold_loss":0}],"is_beta":false,"boss_relics":[],"items_purged_floors":[],"is_endless":false,"potions_floor_spawned":[2,3],"killed_by":"Gremlin Nob","ascension_level":9}}