{"host":"8rgpnls124hwjv5t","time":1613175014,"event":{"mods":["BaseMod","Colored Map","Colored Powertips","DeckTracker","Highlight Path","Minty Spire (QoL Compilation)","Permanent Neow","Quick Restart","Relic Stats","Shop Mod","StSLib"],"gold_per_floor":[119,134,149,17,17,17,17,37,37,70,70,80,80,93,93,167,167,167,167,32,32,32,32,32,32,32,32,32,32,32,32,32,32,32,32,32,32,32],"floor_reached":37,"language":"ENG","playtime":2831,"items_purged":["Compile Driver"],"score":903,"play_id":"bf2b9741-68a2-4a27-8652-6d30d61768c8","local_time":"20210212191014","is_ascension_mode":true,"campfire_choices":[{"data":"Defragment","floor":6,"key":"SMITH"},{"data":"Loop","floor":11,"key":"SMITH"},{"data":"Amplify","floor":13,"key":"SMITH"},{"data":"Zap","floor":15,"key":"SMITH"},{"floor":24,"key":"REST"},{"data":"Auto Shields","floor":28,"key":"PURGE"},{"floor":32,"key":"REST"}],"circlet_count":0,"master_deck":["AscendersBane","Zap+1","Dualcast","Loop+1","Machine Learning","White Noise","Force Field","Amplify+1","Glacier","Defragment+1","Capacitor","Electrodynamics","BootSequence","Genetic Algorithm+1","Glacier","Self Repair","Glacier+1"],"relics":["Pandora\u0027s Box","Eternal Feather","Peace Pipe","The Courier","Ectoplasm","Runic Capacitor","Molten Egg 2","Bag of Marbles","Gremlin Horn","Red Mask","Cursed Key","Old Coin"],"acts_visited":["Exordium","TheCity","TheBeyond"],"potions_floor_usage":[10,23,23,23,27,33,37],"damage_taken":[{"damage":5,"enemies":"Small Slimes","floor":1,"turns":3},{"damage":2,"enemies":"Cultist","floor":2,"turns":5},{"damage":6,"enemies":"2 Louse","floor":3,"turns":3},{"damage":0,"enemies":"Blue Slaver","floor":8,"turns":6},{"damage":6,"enemies":"3 Sentries","floor":10,"turns":22},{"damage":13,"enemies":"3 Louse","floor":12,"turns":6},{"damage":3,"enemies":"Looter","floor":14,"turns":4},{"damage":0,"enemies":"Hexaghost","floor":16,"turns":10},{"damage":4,"enemies":"Shell Parasite","floor":18,"turns":5},{"damage":0,"enemies":"Spheric Guardian","floor":19,"turns":6},{"damage":12,"enemies":"Chosen and Byrds","floor":21,"turns":5},{"damage":16,"enemies":"Snake Plant","floor":22,"turns":6},{"damage":16,"enemies":"Book of Stabbing","floor":23,"turns":5},{"damage":0,"enemies":"Gremlin Leader","floor":25,"turns":6},{"damage":15,"enemies":"Masked Bandits","floor":27,"turns":3},{"damage":14,"enemies":"Snecko","floor":29,"turns":7},{"damage":0,"enemies":"3 Cultists","floor":30,"turns":3},{"damage":7,"enemies":"Sentry and Sphere","floor":31,"turns":5},{"damage":7,"enemies":"Automaton","floor":33,"turns":11},{"damage":25,"enemies":"3 Darklings","floor":35,"turns":4},{"damage":17,"enemies":"Mind Bloom Boss Battle","floor":36,"turns":15},{"damage":69,"enemies":"2 Orb Walkers","floor":37,"turns":4}],"seed_played":"5658585519304762351","potions_obtained":[{"floor":1,"key":"Weak Potion"},{"floor":8,"key":"EntropicBrew"},{"floor":12,"key":"SneckoOil"},{"floor":16,"key":"Dexterity Potion"},{"floor":22,"key":"FocusPotion"},{"floor":23,"key":"ColorlessPotion"},{"floor":25,"key":"Explosive Potion"},{"floor":31,"key":"Dexterity Potion"},{"floor":36,"key":"BlessingOfTheForge"}],"is_trial":false,"path_per_floor":["M","M","M","$","?","R","?","M","T","E","R","M","R","M","R","B",null,"M","M","$","M","M","E","R","E","T","?","R","M","M","M","R","B",null,"M","?","?"],"character_chosen":"DEFECT","items_purchased":["Block Potion","Runic Capacitor"],"campfire_rested":2,"item_purchase_floors":[4,20],"current_hp_per_floor":[59,57,51,51,44,44,44,44,44,38,44,31,37,34,40,40,63,59,59,59,47,31,15,45,45,45,30,39,25,25,18,48,55,67,49,46,0,0],"gold":32,"neow_bonus":"BOSS_RELIC","is_daily":false,"chose_seed":false,"campfire_upgraded":4,"win_rate":0.0,"timestamp":1613175014,"path_taken":["M","M","M","$","?","R","?","M","T","E","R","?","R","M","R","BOSS","M","M","$","M","M","E","R","E","T","?","R","M","M","M","R","BOSS","M","?","?"],"items_purchased_type":["Potion","Relic"],"build_version":"2020-12-22","purchased_purges":1,"victory":false,"max_hp_per_floor":[71,71,71,71,71,71,71,71,71,71,71,71,71,71,71,71,71,71,71,71,71,71,71,71,71,71,71,71,71,71,71,71,71,71,71,71,71,71],"relic_stats":{"Peace Pipe":2,"Gremlin Horn":[5,5],"counters":[22,140],"Pandora\u0027s Box":["Consume","Compile Driver","Loop","Auto Shields","Machine Learning","White Noise","Force Field","Amplify"],"Eternal Feather":45,"Ectoplasm":625,"Cursed Key":0,"obtain_stats":[{"Gremlin Horn":26,"Eternal Feather":7,"The Courier":10,"Runic Capacitor":20,"Cursed Key":34,"Old Coin":36,"Peace Pipe":9,"Pandora\u0027s Box":0,"Molten Egg 2":23,"Ectoplasm":17,"Bag of Marbles":25,"Red Mask":27,"Cracked Core":0},{"Gremlin Horn":14,"Eternal Feather":3,"The Courier":5,"Runic Capacitor":10,"Cursed Key":19,"Old Coin":21,"Peace Pipe":4,"Pandora\u0027s Box":0,"Molten Egg 2":13,"Ectoplasm":8,"Bag of Marbles":14,"Red Mask":15,"Cracked Core":0},{"Gremlin Horn":88,"Eternal Feather":11,"The Courier":39,"Runic Capacitor":69,"Cursed Key":117,"Old Coin":136,"Peace Pipe":17,"Pandora\u0027s Box":0,"Molten Egg 2":83,"Ectoplasm":59,"Bag of Marbles":88,"Red Mask":91,"Cracked Core":0}]},"card_choices":[{"not_picked":["Compile Driver","Ball Lightning"],"picked":"Glacier","floor":1},{"not_picked":["Redo","Heatsinks","Rebound"],"picked":"SKIP","floor":2},{"not_picked":["Hologram","Cold Snap"],"picked":"Defragment","floor":3},{"not_picked":["Coolheaded","Chaos","Compile Driver"],"picked":"SKIP","floor":8},{"not_picked":["Sweeping Beam","Barrage","Gash"],"picked":"SKIP","floor":10},{"not_picked":["All For One","Tempest"],"picked":"Capacitor","floor":12},{"not_picked":["Sweeping Beam","Rebound","Reprogram"],"picked":"SKIP","floor":14},{"not_picked":["Hyperbeam","Buffer"],"picked":"Electrodynamics","floor":16},{"not_picked":["Coolheaded","Conserve Battery","Darkness"],"picked":"SKIP","floor":18},{"not_picked":["Chaos","Barrage","Rebound"],"picked":"SKIP","floor":19},{"not_picked":["Sweeping Beam","Capacitor"],"picked":"BootSequence","floor":21},{"not_picked":["Streamline","Static Discharge"],"picked":"Genetic Algorithm+1","floor":22},{"not_picked":["Hologram","Hello World","Fusion"],"picked":"SKIP","floor":23},{"not_picked":["Aggregate","Electrodynamics"],"picked":"Glacier","floor":25},{"not_picked":["Beam Cell+1","Ball Lightning+1","Auto Shields+1"],"picked":"SKIP","floor":29},{"not_picked":["Rip and Tear+1","Go for the Eyes+1","Rebound+1"],"picked":"SKIP","floor":30},{"not_picked":["Heatsinks","Consume"],"picked":"Self Repair","floor":31},{"not_picked":["Streamline+1","Ball Lightning+1"],"picked":"Glacier+1","floor":35}],"player_experience":585880,"relics_obtained":[{"floor":9,"key":"Peace Pipe"},{"floor":10,"key":"The Courier"},{"floor":23,"key":"Molten Egg 2"},{"floor":25,"key":"Bag of Marbles"},{"floor":26,"key":"Gremlin Horn"},{"floor":27,"key":"Red Mask"},{"floor":36,"key":"Old Coin"}],"event_choices":[{"cards_removed":["Consume"],"damage_healed":0,"gold_gain":0,"player_choice":"Card Removal","damage_taken":7,"max_hp_gain":0,"max_hp_loss":0,"event_name":"Golden Wing","floor":5,"gold_loss":0},{"damage_healed":0,"gold_gain":0,"player_choice":"Gave Potion","damage_taken":0,"relics_obtained":["Eternal Feather"],"max_hp_gain":0,"max_hp_loss":0,"event_name":"WeMeetAgain","floor":7,"gold_loss":0},{"damage_healed":0,"gold_gain":0,"player_choice":"Fought Bandits","damage_taken":0,"max_hp_gain":0,"max_hp_loss":0,"event_name":"Masked Bandits","floor":27,"gold_loss":0},{"damage_healed":0,"gold_gain":0,"player_choice":"Fight","damage_taken":0,"max_hp_gain":0,"max_hp_loss":0,"event_name":"MindBloom","floor":36,"gold_loss":0},{"damage_healed":0,"gold_gain":0,"player_choice":"Fight","damage_taken":0,"max_hp_gain":0,"max_hp_loss":0,"event_name":"Mysterious Sphere","floor":37,"gold_loss":0}],"is_beta":false,"boss_relics":[{"not_picked":["Coffee Dripper","Sozu"],"picked":"Ectoplasm"},{"not_picked":["Runic Dome","Nuclear Battery"],"picked":"Cursed Key"}],"items_purged_floors":[4],"is_endless":false,"potions_floor_spawned":[1,8,12,16,22,23,25,31,36],"killed_by":"2 Orb Walkers","ascension_level":17}}