{"host":"3n5xmnb54n2y5mb4","time":1613194005,"event":{"mods":["BaseMod","Colored Map","Colored Powertips","Downfall","Minty Spire (QoL Compilation)","Permanent Neow","StSLib","Unceasing Turn Reminder","everything is the same but u backflip on backflip"],"gold_per_floor":[0,12,24,41,53,12,12,31,131,160,160,177,177,209,228,326,326,326,342,132,163,180,205,205,205,224,62,81,110,110,125,141,236,236,236,252,264,281,297,197,197,197,209,109,119,119,119,119],"floor_reached":46,"language":"ENG","playtime":5235,"items_purged":["Slimebound:Defend_Slimebound"],"score":527,"play_id":"240e2f2d-5b3c-4009-ba90-fa7e640a0cc7","local_time":"20210213002645","is_ascension_mode":true,"campfire_choices":[{"data":"Slimebound:Split","floor":1.0,"key":"SMITH"},{"floor":11.0,"key":"REST"},{"floor":13.0,"key":"REST"},{"data":"Slimebound:DuplicatedForm","floor":18.0,"key":"SMITH"},{"floor":30,"key":"DIG"},{"floor":35,"key":"RECALL"},{"floor":40,"key":"DIG"},{"floor":44,"key":"DIG"}],"circlet_count":0,"master_deck":["Slimebound:Strike_Slimebound","Slimebound:Strike_Slimebound","Slimebound:Defend_Slimebound","Slimebound:Defend_Slimebound","Slimebound:Defend_Slimebound","Slimebound:Split+1","Slimebound:CorrosiveSpit+1","Slimebound:TongueLash","Slimebound:Recollect","Slimebound:Gluttony","Slimebound:AcidTongue","Slimebound:LeechingTouch","Slimebound:ItLooksTasty","Slimebound:LeechEnergy+1","Slimebound:GrowthPunch","Slimebound:SplitMire","Slimebound:DuplicatedForm+1","Slimebound:ServeAndProtect","Slimebound:LivingWall","Slimebound:OozeBath","Slimebound:HauntingLick+1","Slimebound:Prepare","Slimebound:SamplingLick","Slimebound:ItLooksTasty+1","Slimebound:Dissolve","Slimebound:GoopSpray","Slimebound:LivingWall","Slimebound:Dissolve"],"relics":["Slimebound:AbsorbEndCombat","Art of War","Meat on the Bone","Toy Ornithopter","Busted Crown","PreservedInsect","Red Mask","Boot","Shovel","Torii","Orichalcum","Philosopher\u0027s Stone","downfall:HeartBlessingRed","HornCleat","downfall:HeartBlessingBlue","Whetstone"],"acts_visited":["Exordium","TheCity","TheBeyond"],"potions_floor_usage":[28,33,43],"damage_taken":[{"damage":1.0,"enemies":"2 Louse","floor":2.0,"turns":2.0},{"damage":10.0,"enemies":"Small Slimes","floor":3.0,"turns":4.0},{"damage":1.0,"enemies":"Jaw Worm","floor":4.0,"turns":4.0},{"damage":13.0,"enemies":"Red Slaver","floor":5.0,"turns":4.0},{"damage":2.0,"enemies":"downfall:FleeingMerchant","floor":6.0,"turns":4.0},{"damage":23.0,"enemies":"Lots of Slimes","floor":8.0,"turns":4.0},{"damage":16.0,"enemies":"downfall:Heads","floor":9.0,"turns":5.0},{"damage":33.0,"enemies":"3 Sentries","floor":10.0,"turns":7.0},{"damage":0.0,"enemies":"Blue Slaver","floor":12.0,"turns":4.0},{"damage":3.0,"enemies":"Lagavulin","floor":14.0,"turns":5.0},{"damage":7.0,"enemies":"2 Fungi Beasts","floor":15.0,"turns":4.0},{"damage":47.0,"enemies":"WA_ARCHETYPE_RETAIN","floor":16.0,"turns":8.0},{"damage":15.0,"enemies":"Spheric Guardian","floor":19.0,"turns":5.0},{"damage":0.0,"enemies":"downfall:FleeingMerchant","floor":20.0,"turns":4.0},{"damage":28.0,"enemies":"Masked Bandits","floor":21.0,"turns":6.0},{"damage":5,"enemies":"Shell Parasite","floor":22,"turns":5},{"damage":4,"enemies":"Book of Stabbing","floor":23,"turns":4},{"damage":33,"enemies":"Centurion and Healer","floor":26,"turns":6},{"damage":0,"enemies":"downfall:FleeingMerchant","floor":27,"turns":4},{"damage":10,"enemies":"Chosen and Byrds","floor":28,"turns":5},{"damage":18,"enemies":"Slavers","floor":29,"turns":5},{"damage":3,"enemies":"Cultist and Chosen","floor":31,"turns":8},{"damage":10,"enemies":"Centurion and Healer","floor":32,"turns":7},{"damage":33,"enemies":"DF_ARCHETYPE_CLAW","floor":33,"turns":8},{"damage":23,"enemies":"Orb Walker","floor":36,"turns":4},{"damage":10,"enemies":"3 Shapes","floor":37,"turns":4},{"damage":36,"enemies":"Spire Growth","floor":38,"turns":4},{"damage":4,"enemies":"4 Shapes","floor":39,"turns":6},{"damage":0,"enemies":"Transient","floor":43,"turns":5},{"damage":36,"enemies":"3 Darklings","floor":45,"turns":6},{"damage":77,"enemies":"Nemesis","floor":46,"turns":4}],"seed_played":"-1907582763508170514","potions_obtained":[{"floor":2.0,"key":"PowerPotion"},{"floor":3.0,"key":"Strength Potion"},{"floor":8.0,"key":"Slimebound:ThreeZeroPotion"},{"floor":14.0,"key":"SteroidPotion"},{"floor":22,"key":"sneckomod:MuddlingPotion"},{"floor":26,"key":"LiquidMemories"},{"floor":28,"key":"FearPotion"},{"floor":29,"key":"DistilledChaos"},{"floor":33,"key":"Strength Potion"},{"floor":38,"key":"Swift Potion"}],"is_trial":false,"path_per_floor":["R","M","M","M","M","$","T","M","?","E","R","M","R","E","M","B",null,"R","M","$","?","M","E","T","?","M","$","M","E","R","M","M","B",null,"R","M","M","M","M","R","T","?","M","R","M","E"],"character_chosen":"SLIMEBOUND","items_purchased":["Slimebound:ItLooksTasty","Slimebound:SamplingLick","PreservedInsect","Slimebound:Dissolve"],"campfire_rested":2,"item_purchase_floors":[6,20,20,27],"current_hp_per_floor":[77,77,69,70,61,63,63,46,38,13,36,40,63,68,65,43,77,77,68,76,49,52,56,56,56,58,66,69,59,59,64,62,57,77,77,71,69,56,60,60,60,60,73,83,53,0,0,0],"gold":119,"neow_bonus":"TWENTY_PERCENT_HP_BONUS","is_daily":false,"chose_seed":false,"campfire_upgraded":2,"win_rate":0.0,"timestamp":1613194005,"path_taken":["R","M","M","M","M","$","T","M","?","E","R","M","R","E","M","BOSS","R","M","$","?","M","E","T","?","?","$","?","E","R","M","M","BOSS","R","M","M","M","M","R","T","?","M","R","M","E"],"items_purchased_type":["Card","Card","Relic","Card"],"build_version":"2020-12-22","purchased_purges":1,"victory":false,"max_hp_per_floor":[77,77,77,77,77,77,77,77,77,77,77,77,77,77,77,77,77,77,77,77,77,77,77,77,77,77,77,77,77,77,77,77,77,77,77,77,77,77,77,77,77,77,77,87,87,87,87,87],"card_choices":[{"not_picked":["Slimebound:RejuvenatingLick","Slimebound:ComboTackle"],"picked":"Slimebound:TongueLash","floor":2.0},{"not_picked":["Slimebound:GoopTackle","Slimebound:SplitLeeching"],"picked":"Slimebound:Recollect","floor":3.0},{"not_picked":["Slimebound:Prepare","Slimebound:LivingWall"],"picked":"Slimebound:Gluttony","floor":4.0},{"not_picked":["Slimebound:RollThrough","Slimebound:LeechingTouch"],"picked":"Slimebound:AcidTongue","floor":5.0},{"not_picked":["Slimebound:PressTheAttack","Slimebound:SplitBruiser"],"picked":"Slimebound:LeechingTouch","floor":6.0},{"not_picked":["Slimebound:DuplicatedForm","Slimebound:SplitLeeching"],"picked":"Slimebound:LeechEnergy","floor":8.0},{"not_picked":["Slimebound:SlimeBarrage","Slimebound:FinishingTackle"],"picked":"Slimebound:SplitMire","floor":9.0},{"not_picked":["Slimebound:FinishingTackle","Slimebound:BestDefense"],"picked":"Slimebound:DuplicatedForm","floor":10.0},{"not_picked":["Slimebound:SplitLeeching","Slimebound:FinishingTackle"],"picked":"Slimebound:ServeAndProtect","floor":12.0},{"not_picked":["Slimebound:Recollect","Slimebound:SlimeSpikes","Slimebound:LeechingTouch"],"picked":"SKIP","floor":14.0},{"not_picked":["Slimebound:ComboTackle","Slimebound:Prepare"],"picked":"Slimebound:LivingWall","floor":15.0},{"not_picked":["Slimebound:RallyTheTroops","Slimebound:MassRepurpose"],"picked":"Slimebound:OozeBath","floor":16.0},{"not_picked":[],"picked":"Slimebound:HauntingLick+1","floor":19.0},{"not_picked":[],"picked":"Slimebound:Prepare","floor":20.0},{"not_picked":[],"picked":"Slimebound:ItLooksTasty","floor":22},{"not_picked":["Slimebound:GoopSpray"],"picked":"SKIP","floor":23},{"not_picked":["Slimebound:GoopSpray"],"picked":"SKIP","floor":26},{"not_picked":["Slimebound:PressTheAttack"],"picked":"SKIP","floor":27},{"not_picked":[],"picked":"Slimebound:GoopSpray","floor":28},{"not_picked":["Slimebound:ServeAndProtect"],"picked":"SKIP","floor":29},{"not_picked":["Slimebound:DisruptingSlam"],"picked":"SKIP","floor":31},{"not_picked":["Slimebound:ComboTackle"],"picked":"SKIP","floor":32},{"not_picked":[],"picked":"Slimebound:LivingWall","floor":36},{"not_picked":["Slimebound:LivingWall+1"],"picked":"SKIP","floor":37},{"not_picked":["Slimebound:Prepare+1"],"picked":"SKIP","floor":38},{"not_picked":[],"picked":"Slimebound:Dissolve","floor":39},{"not_picked":["Slimebound:SplitLeeching+1"],"picked":"SKIP","floor":43},{"not_picked":["Slimebound:Dissolve"],"picked":"SKIP","floor":45}],"player_experience":1057253,"relics_obtained":[{"floor":7.0,"key":"Art of War"},{"floor":10.0,"key":"Meat on the Bone"},{"floor":14.0,"key":"Toy Ornithopter"},{"floor":21.0,"key":"Red Mask"},{"floor":23,"key":"Boot"},{"floor":24,"key":"Shovel"},{"floor":29,"key":"Torii"},{"floor":30,"key":"Orichalcum"},{"floor":40,"key":"HornCleat"},{"floor":44,"key":"Whetstone"}],"event_choices":[{"damage_healed":0.0,"max_hp_gain":0.0,"max_hp_loss":0.0,"gold_gain":0.0,"event_name":"Masked Bandits","player_choice":"Fought Bandits","floor":21.0,"gold_loss":0.0,"damage_taken":0.0},{"damage_healed":0,"gold_gain":0,"player_choice":"Leave","damage_taken":0,"max_hp_gain":0,"max_hp_loss":0,"event_name":"FaceTrader","floor":25,"gold_loss":0}],"is_beta":false,"boss_relics":[{"not_picked":["Tiny House","Snecko Eye"],"picked":"Busted Crown"},{"not_picked":["Sozu","bronze:MakeshiftBattery"],"picked":"Philosopher\u0027s Stone"}],"items_purged_floors":[27],"is_endless":false,"potions_floor_spawned":[2,3,8,14,22,26,28,29,32,33,38],"killed_by":"Nemesis","ascension_level":1}}