{"host":"8ztb9kwpjc2zof9s","time":1613252444,"event":{"mods":["BaseMod","Block Reminder","Curses Come First","Minty Spire (QoL Compilation)","Relic Stats","StSLib"],"gold_per_floor":[112,131,131,63,238,272,38,38,38],"floor_reached":8,"language":"ENG","playtime":284,"items_purged":[],"score":84,"play_id":"77a7103d-6ed6-4ca2-8240-4f75a1a7daaf","local_time":"20210213134044","is_ascension_mode":true,"campfire_choices":[],"circlet_count":0,"master_deck":["AscendersBane","Strike_G","Strike_G","Strike_G","Strike_G","Defend_G","Defend_G","Defend_G","Defend_G","Defend_G","Survivor","Neutralize","Backflip","Escape Plan","Noxious Fumes","Doubt","Mayhem","Infinite Blades"],"relics":["Ring of the Snake","Blood Vial"],"acts_visited":["Exordium"],"potions_floor_usage":[],"damage_taken":[{"damage":0,"enemies":"2 Louse","floor":1,"turns":5},{"damage":10,"enemies":"Jaw Worm","floor":2,"turns":7},{"damage":32,"enemies":"Lagavulin","floor":6,"turns":11},{"damage":61,"enemies":"Gremlin Nob","floor":8,"turns":5}],"seed_played":"-8653048224258931085","potions_obtained":[{"floor":6,"key":"BlessingOfTheForge"}],"is_trial":false,"path_per_floor":["M","M","?","$","?","E","$","E"],"character_chosen":"THE_SILENT","items_purchased":["Noxious Fumes","Mayhem","Infinite Blades"],"campfire_rested":0,"item_purchase_floors":[4,7,7],"current_hp_per_floor":[70,60,53,53,53,21,21,0,0],"gold":38,"neow_bonus":"TEN_PERCENT_HP_BONUS","is_daily":false,"chose_seed":false,"campfire_upgraded":0,"win_rate":0.0,"timestamp":1613252444,"path_taken":["M","M","?","$","?","E","?","E"],"items_purchased_type":["Card","Card","Card"],"build_version":"2020-12-22","purchased_purges":0,"victory":false,"max_hp_per_floor":[77,77,77,77,77,77,77,77,77],"relic_stats":{"Blood Vial":2,"counters":[4,28],"obtain_stats":[{"Blood Vial":6,"Ring of the Snake":0},{"Blood Vial":3,"Ring of the Snake":0},{"Blood Vial":23,"Ring of the Snake":0}],"Ring of the Snake":[8]},"card_choices":[{"not_picked":["Bane","Dagger Throw"],"picked":"Backflip","floor":1},{"not_picked":["Sucker Punch","Deadly Poison"],"picked":"Escape Plan","floor":2},{"not_picked":["Calculated Gamble","Deflect","Finisher"],"picked":"SKIP","floor":6}],"player_experience":324286,"relics_obtained":[{"floor":6,"key":"Blood Vial"}],"event_choices":[{"cards_removed":["Strike_G"],"damage_healed":0,"gold_gain":0,"player_choice":"Card Removal","damage_taken":7,"max_hp_gain":0,"max_hp_loss":0,"event_name":"Golden Wing","floor":3,"gold_loss":0},{"damage_healed":0,"gold_gain":175,"player_choice":"AGREE","damage_taken":0,"max_hp_gain":0,"max_hp_loss":0,"event_name":"Liars Game","floor":5,"gold_loss":0,"cards_obtained":["Doubt"]}],"is_beta":false,"boss_relics":[],"items_purged_floors":[],"is_endless":false,"potions_floor_spawned":[6],"killed_by":"Gremlin Nob","ascension_level":11}}