{"host":"kaame4qwxxqnygv7","time":1613209361,"event":{"mods":["AchievementEnabler","BaseMod","Better Match","Better Skull","Better Third Choice","Block Reminder","DeckTracker","Energized Spire","GungeonMod","Minty Spire (QoL Compilation)","Quick Restart","Red Circlet Mod","StSLib","SuperFastMode","The Blue Laboratory"],"gold_per_floor":[364,98,108,108,283,312,332,348,375,375,375,16,16,33,33,130,130,55,71,71,88,28,28,58,70,70,70,82,102,122,134,149,149,149,248,248,268,281,293,305,305,305,335,335,335],"floor_reached":44,"language":"KOR","playtime":2203,"items_purged":["Clumsy","Strike_B"],"score":494,"play_id":"4e56afaf-0276-40f4-8ee9-86035feb29f7","local_time":"20210213184241","is_ascension_mode":true,"campfire_choices":[{"floor":11.0,"key":"REST"},{"floor":15.0,"key":"REST"},{"data":"Blizzard","floor":23.0,"key":"SMITH"},{"floor":27,"key":"RECALL"},{"floor":33,"key":"REST"},{"data":"Redo","floor":42,"key":"SMITH"}],"circlet_count":0,"master_deck":["Zap","Dualcast","Cold Snap","Defragment+1","Coolheaded","Redo","Coolheaded","Apotheosis+1","Machine Learning","Hologram+1","Consume","Blizzard+1","White Noise+1","Seek","Core Surge","Scrape","Biased Cognition","Biased Cognition","Meteor Strike","Rainbow","Scrape","Multi-Cast","Redo+1","Static Discharge+1","Normality","Cold Snap"],"relics":["Cracked Core","Odd Mushroom","MealTicket","Eternal Feather","Mummified Hand","energizedSpire:CursedPentagram","Omamori","DemoMod:RatBoots","DemoMod:ResourcefulSack","DemoMod:PartiallyEatenCheese","Pandora\u0027s Box","Runic Pyramid","Anchor"],"acts_visited":["Exordium","TheCity","DemoMod:Maze","TheBeyond"],"potions_floor_usage":[25,30,32,39],"damage_taken":[{"damage":0.0,"enemies":"2 Louse","floor":1.0,"turns":2.0},{"damage":2.0,"enemies":"Jaw Worm","floor":3.0,"turns":3.0},{"damage":46.0,"enemies":"Lagavulin","floor":6.0,"turns":8.0},{"damage":15.0,"enemies":"The Mushroom Lair","floor":7.0,"turns":5.0},{"damage":0.0,"enemies":"Cultist","floor":8.0,"turns":3.0},{"damage":2.0,"enemies":"3 Louse","floor":14.0,"turns":3.0},{"damage":29.0,"enemies":"Slime Boss","floor":16.0,"turns":16.0},{"damage":26.0,"enemies":"2 Thieves","floor":18.0,"turns":5.0},{"damage":0.0,"enemies":"Spheric Guardian","floor":19.0,"turns":5.0},{"damage":8.0,"enemies":"Snake Plant","floor":21.0,"turns":4.0},{"damage":44.0,"enemies":"Book of Stabbing","floor":24.0,"turns":8.0},{"damage":17,"enemies":"Chosen and Byrds","floor":25,"turns":7},{"damage":0,"enemies":"DemoMod:4_Bullet_Kins_with_one_veteran","floor":28,"turns":5},{"damage":2,"enemies":"DemoMod:2_Veteran_bullet_kins_and_red_shotgun_kin","floor":29,"turns":4},{"damage":0,"enemies":"DemoMod:Red_and_blue_shotgun_kin_with_gunsinger","floor":30,"turns":4},{"damage":25,"enemies":"DemoMod:Veteran_shot_gun_kin_and_blue_shotgun_kin","floor":31,"turns":6},{"damage":10,"enemies":"DemoMod:Veteran_shot_gun_kin_and_blue_shotgun_kin_with_gunsinger","floor":32,"turns":3},{"damage":0,"enemies":"DemoMod:ResourcefulRat","floor":35,"turns":12},{"damage":0,"enemies":"3 Shapes","floor":37,"turns":3},{"damage":7,"enemies":"Orb Walker","floor":38,"turns":3},{"damage":0,"enemies":"Jaw Worm Horde","floor":39,"turns":2},{"damage":3,"enemies":"3 Darklings","floor":40,"turns":4},{"damage":69,"enemies":"Giant Head","floor":43,"turns":9},{"damage":9,"enemies":"Sphere and 2 Shapes","floor":44,"turns":2}],"seed_played":"8680876371392893945","potions_obtained":[{"floor":3.0,"key":"Block Potion"},{"floor":7.0,"key":"blueLaboratory:PhilterOfMotion"},{"floor":8.0,"key":"blueLaboratory:LouseDecoction"},{"floor":19.0,"key":"Explosive Potion"},{"floor":24.0,"key":"blueLaboratory:HummingbirdPotion"},{"floor":28,"key":"blueLaboratory:BottleOfVodka"},{"floor":35,"key":"Swift Potion"},{"floor":39,"key":"PowerPotion"},{"floor":40,"key":"FocusPotion"}],"is_trial":false,"path_per_floor":["M","$","M","?","?","E","?","M","T","?","R","$","?","M","R","B",null,"M","M","$","M","?","R","E","M","T","R","M","M","M","M","M","R","B","B",null,"M","M","M","M","?","R","E","M"],"character_chosen":"DEFECT","items_purchased":["DemoMod:GnawedKey","Defragment","Eternal Feather"],"campfire_rested":3,"item_purchase_floors":[2,2,12],"current_hp_per_floor":[75,75,73,73,73,27,12,12,12,12,34,49,49,47,75,46,75,49,49,64,56,56,65,21,4,75,75,75,73,73,48,38,72,17,17,75,75,68,68,65,65,75,6,0,0],"gold":335,"neow_bonus":"TWO_FIFTY_GOLD","is_daily":false,"chose_seed":false,"campfire_upgraded":2,"win_rate":0.0,"timestamp":1613209361,"path_taken":["M","$","M","?","?","E","?","?","T","?","R","?","?","?","R","BOSS","M","M","$","M","?","R","E","M","T","R","M","M","M","M","M","R","BOSS","BOSS","M","M","?","M","?","R","E","M"],"items_purchased_type":["Relic","Card","Relic"],"build_version":"2020-12-22","purchased_purges":2,"victory":false,"max_hp_per_floor":[75,75,75,75,75,75,75,75,75,75,75,75,75,75,75,75,75,75,75,75,75,75,75,75,75,75,75,75,75,75,75,75,75,75,75,75,75,75,75,75,75,75,75,75,75],"card_choices":[{"not_picked":["Self Repair","Hologram"],"picked":"Cold Snap","floor":1.0},{"not_picked":["Doom and Gloom","Gash","Hello World"],"picked":"SKIP","floor":3.0},{"not_picked":["Go for the Eyes","Lockon"],"picked":"Coolheaded","floor":6.0},{"not_picked":["Beam Cell","Streamline"],"picked":"Redo","floor":7.0},{"not_picked":["Rebound","Fusion"],"picked":"Coolheaded","floor":8.0},{"not_picked":["Compile Driver","Hello World","Streamline"],"picked":"SKIP","floor":14.0},{"not_picked":["Meteor Strike","Rainbow"],"picked":"Machine Learning","floor":16.0},{"not_picked":["Conserve Battery+1","Chill"],"picked":"Hologram+1","floor":18.0},{"not_picked":["Self Repair","Ball Lightning+1"],"picked":"Consume","floor":19.0},{"not_picked":["Streamline","Coolheaded"],"picked":"Blizzard","floor":21.0},{"not_picked":["Sunder","Go for the Eyes"],"picked":"White Noise+1","floor":24.0},{"not_picked":["Rip and Tear","Leap","Blizzard+1"],"picked":"SKIP","floor":25},{"not_picked":["Ball Lightning","Streamline"],"picked":"Seek","floor":28},{"not_picked":["Consume+1","Tempest","Recycle+1"],"picked":"SKIP","floor":29},{"not_picked":["Rip and Tear+1","Compile Driver","Go for the Eyes"],"picked":"SKIP","floor":30},{"not_picked":["Echo Form","Leap","Gash+1"],"picked":"SKIP","floor":31},{"not_picked":["Darkness","Blizzard","Gash+1"],"picked":"SKIP","floor":32},{"not_picked":["Creative AI","Fission"],"picked":"Core Surge","floor":35},{"not_picked":["Genetic Algorithm+1","Leap"],"picked":"Redo","floor":36},{"not_picked":["Barrage+1","Self Repair","Hologram"],"picked":"SKIP","floor":37},{"not_picked":["Creative AI","Hologram+1","Chaos+1"],"picked":"SKIP","floor":38},{"not_picked":["Barrage+1","Blizzard","Storm+1"],"picked":"SKIP","floor":39},{"not_picked":["Conserve Battery+1","Doom and Gloom"],"picked":"Static Discharge+1","floor":40},{"not_picked":["Reinforced Body","Hologram"],"picked":"Cold Snap","floor":43}],"player_experience":284021,"relics_obtained":[{"floor":6.0,"key":"Dream Catcher"},{"floor":7.0,"key":"Odd Mushroom"},{"floor":9.0,"key":"MealTicket"},{"floor":24.0,"key":"Omamori"},{"floor":36,"key":"DemoMod:RatBoots"},{"floor":36,"key":"DemoMod:ResourcefulSack"},{"floor":36,"key":"DemoMod:PartiallyEatenCheese"},{"floor":36,"key":"Pandora\u0027s Box"},{"floor":36,"key":"Runic Pyramid"},{"floor":43,"key":"Anchor"}],"event_choices":[{"damage_healed":0.0,"max_hp_gain":0.0,"max_hp_loss":0.0,"gold_gain":0.0,"event_name":"Living Wall","player_choice":"Grow","floor":4.0,"gold_loss":0.0,"damage_taken":0.0,"cards_upgraded":["Defragment"]},{"damage_healed":0.0,"max_hp_gain":0.0,"max_hp_loss":0.0,"gold_gain":175.0,"event_name":"betterThird:BetterSerpent","player_choice":"AGREE","floor":5.0,"gold_loss":0.0,"damage_taken":108.0},{"damage_healed":0.0,"max_hp_gain":0.0,"max_hp_loss":0.0,"gold_gain":0.0,"event_name":"Mushrooms","player_choice":"Fought Mushrooms","floor":7.0,"gold_loss":0.0,"damage_taken":0.0},{"damage_healed":12.0,"max_hp_gain":0.0,"max_hp_loss":75.0,"gold_gain":0.0,"event_name":"betterThird:BetterShining","player_choice":"Protect","floor":10.0,"gold_loss":1.0,"damage_taken":0.0},{"damage_healed":0.0,"max_hp_gain":0.0,"max_hp_loss":0.0,"gold_gain":0.0,"event_name":"WeMeetAgain","player_choice":"Gave Potion","floor":13.0,"gold_loss":0.0,"damage_taken":0.0,"relics_obtained":["Mummified Hand"]},{"cards_removed":["Doubt"],"damage_healed":0.0,"max_hp_gain":0.0,"max_hp_loss":0.0,"gold_gain":0.0,"event_name":"Designer","player_choice":"Single Remove","floor":22.0,"gold_loss":60.0,"damage_taken":0.0},{"damage_healed":0,"gold_gain":0,"player_choice":"Memory 1","damage_taken":0,"max_hp_gain":0,"max_hp_loss":0,"event_name":"SensoryStone","floor":41,"gold_loss":0}],"is_beta":false,"boss_relics":[{"not_picked":["Tiny House","energizedSpire:SpiderWeb"],"picked":"energizedSpire:CursedPentagram"},{"not_picked":[]}],"items_purged_floors":[2,12],"is_endless":false,"potions_floor_spawned":[3,7,8,19,24,28,35,39,40],"killed_by":"Sphere and 2 Shapes","ascension_level":4}}