{"host":"5uuadjc5gi6cs0xs","time":1613241921,"event":{"mods":["2.2 Compatiblity","Abigail Mod","AchievementEnabler","Act Like it!","BaseMod","BetterRewards","Chen","FTL Soundtrack","Friendly Minions","Hero for Fun","KinomotoSakuraMod(????)","Kiyohime????","Koishi","Marisa????????","Minty Spire (QoL Compilation)","Onozuka Komachi Mod","Permanent Neow","Prisma Mod","Quick Restart","Railgun Mod","Rare Cards Sparkle","Relic Stats","Remilia??????","StSLib","The Administrix","The Animator","The Exalted","The Gatherer","TheSwordswoman","Waifu the Spire","WarShipGirlsR/????R mod","Yohane!","Yuri Mod","Yuyuko"],"gold_per_floor":[116,136,136,101,120,155,155,172,195,211,211,244,260,274,274,376,376,390,100,60,70,82,82,82],"floor_reached":23,"language":"DEU","playtime":1716,"items_purged":[],"score":205,"play_id":"720fbce5-d232-4e1d-a1fa-ba9a5e4e9548","local_time":"20210213194521","is_ascension_mode":false,"campfire_choices":[{"floor":7,"key":"REST"},{"floor":11,"key":"REST"},{"floor":15,"key":"REST"}],"circlet_count":0,"master_deck":["KiyohimeMod:Strike","KiyohimeMod:Strike","KiyohimeMod:Strike","KiyohimeMod:Defend","KiyohimeMod:Defend","KiyohimeMod:Defend","KiyohimeMod:Defend","KiyohimeMod:Track","KiyohimeMod:FlameKiss","KiyohimeMod:Shapeshift","KiyohimeMod:Barrier+1","KiyohimeMod:RedBlackKey","KiyohimeMod:CommandCard_Quick+1","KiyohimeMod:RealityMarble","KiyohimeMod:GreenBlackKey","KiyohimeMod:FirstPremonition","KiyohimeMod:RedBlackKey","KiyohimeMod:AVerseOfBurningLoveStory","KiyohimeMod:BlueBlackKey","KiyohimeMod:CommandCard_Buster","KiyohimeMod:FragmentsOf2030","KiyohimeMod:ExSpicyMapoTofu+1","KiyohimeMod:FormalCraft","KiyohimeMod:AndSoTheShipConquers"],"relics":["KiyohimeMod:FireDragon","Bromod:ArcaneTempo","ScarletDevilRocket","Bromod:ArcaneConsequence","Fusion Hammer","Bronze Scales","Tiny Chest"],"acts_visited":["Exordium","TheCity"],"potions_floor_usage":[12,12,18,21,23],"damage_taken":[{"damage":0,"enemies":"Jaw Worm","floor":1,"turns":3},{"damage":0,"enemies":"Small Slimes","floor":2,"turns":2},{"damage":2,"enemies":"Cultist","floor":5,"turns":3},{"damage":16,"enemies":"3 Sentries","floor":6,"turns":6},{"damage":14,"enemies":"Lots of Slimes","floor":8,"turns":3},{"damage":5,"enemies":"Exordium Thugs","floor":10,"turns":4},{"damage":10,"enemies":"Lagavulin","floor":12,"turns":4},{"damage":0,"enemies":"Gremlin Gang","floor":13,"turns":3},{"damage":5,"enemies":"Looter","floor":14,"turns":2},{"damage":38,"enemies":"Hexaghost","floor":16,"turns":8},{"damage":23,"enemies":"Shell Parasite","floor":18,"turns":5},{"damage":0,"enemies":"2 Thieves","floor":21,"turns":3},{"damage":32,"enemies":"Snake Plant","floor":22,"turns":5},{"damage":33,"enemies":"Book of Stabbing","floor":23,"turns":4}],"seed_played":"7566338296980245195","potions_obtained":[{"floor":5,"key":"FearPotion"},{"floor":6,"key":"Energy Potion"},{"floor":8,"key":"Fire Potion"},{"floor":10,"key":"SkillPotion"},{"floor":16,"key":"Swift Potion"},{"floor":21,"key":"Regen Potion"}],"is_trial":false,"path_per_floor":["M","M","?","?","M","E","R","M","T","M","R","E","M","M","R","B",null,"M","$","?","M","M","E"],"character_chosen":"Kiyohime","items_purchased":["Bronze Scales","Tiny Chest"],"campfire_rested":3,"item_purchase_floors":[19,19],"current_hp_per_floor":[42,42,38,53,51,35,53,39,39,34,52,42,42,37,55,17,60,37,37,37,37,10,0,0],"gold":82,"neow_bonus":"THREE_RARE_CARDS","is_daily":false,"chose_seed":false,"campfire_upgraded":0,"win_rate":0.0,"timestamp":1613241921,"path_taken":["M","M","?","?","M","E","R","M","T","M","R","E","M","M","R","BOSS","M","$","?","?","?","E"],"items_purchased_type":["Relic","Relic"],"build_version":"2020-12-22","purchased_purges":0,"victory":false,"max_hp_per_floor":[60,60,60,60,60,60,60,60,60,60,60,60,60,60,60,60,60,60,60,60,60,60,60,60],"relic_stats":{"counters":[14,55],"Bronze Scales":[48],"Tiny Chest":0,"obtain_stats":[{"KiyohimeMod:FireDragon":0,"ScarletDevilRocket":9,"Bronze Scales":19,"Bromod:ArcaneTempo":6,"Tiny Chest":19,"Fusion Hammer":17,"Bromod:ArcaneConsequence":12},{"KiyohimeMod:FireDragon":0,"ScarletDevilRocket":5,"Bronze Scales":11,"Bromod:ArcaneTempo":4,"Tiny Chest":11,"Fusion Hammer":10,"Bromod:ArcaneConsequence":7},{"KiyohimeMod:FireDragon":0,"ScarletDevilRocket":17,"Bronze Scales":43,"Bromod:ArcaneTempo":14,"Tiny Chest":43,"Fusion Hammer":38,"Bromod:ArcaneConsequence":25}]},"card_choices":[{"not_picked":["KiyohimeMod:JeweledSword","KiyohimeMod:FacelessMoon"],"picked":"KiyohimeMod:Barrier","floor":0},{"not_picked":["KiyohimeMod:FirstPremonition","KiyohimeMod:Berserker"],"picked":"KiyohimeMod:RedBlackKey","floor":1},{"not_picked":["KiyohimeMod:ImaginaryAround","KiyohimeMod:CommandCard_Buster"],"picked":"KiyohimeMod:CommandCard_Quick","floor":2},{"not_picked":["KiyohimeMod:AndSoTheShipConquers","KiyohimeMod:SteelTraining"],"picked":"KiyohimeMod:RealityMarble","floor":5},{"not_picked":["KiyohimeMod:Barrier","KiyohimeMod:FirstPremonition"],"picked":"KiyohimeMod:GreenBlackKey","floor":6},{"not_picked":["KiyohimeMod:SteelTraining","KiyohimeMod:RedBlackKey"],"picked":"KiyohimeMod:FirstPremonition","floor":8},{"not_picked":["KiyohimeMod:Fragarach","KiyohimeMod:Berserker"],"picked":"KiyohimeMod:RedBlackKey","floor":10},{"not_picked":["KiyohimeMod:RedBlackKey","KiyohimeMod:EatSoul"],"picked":"KiyohimeMod:AVerseOfBurningLoveStory","floor":12},{"not_picked":["KiyohimeMod:Preemptive","KiyohimeMod:EatSoul"],"picked":"KiyohimeMod:BlueBlackKey","floor":13},{"not_picked":["KiyohimeMod:BlueBlackKey","KiyohimeMod:GreenBlackKey"],"picked":"KiyohimeMod:CommandCard_Buster","floor":14},{"not_picked":["KiyohimeMod:AVerseOfBurningLoveStory","KiyohimeMod:CastleOfTheSun"],"picked":"KiyohimeMod:FragmentsOf2030","floor":16},{"not_picked":["KiyohimeMod:CommandCard_Arts+1","KiyohimeMod:RedBlackKey+1"],"picked":"KiyohimeMod:ExSpicyMapoTofu","floor":18},{"not_picked":["KiyohimeMod:ImaginaryAround","KiyohimeMod:WaterTurn+1"],"picked":"KiyohimeMod:FormalCraft","floor":21},{"not_picked":["KiyohimeMod:RedBlackKey+1","KiyohimeMod:RealityMarble"],"picked":"KiyohimeMod:AndSoTheShipConquers","floor":22}],"player_experience":419794,"relics_obtained":[{"floor":6,"key":"Bromod:ArcaneTempo"},{"floor":9,"key":"ScarletDevilRocket"},{"floor":12,"key":"Bromod:ArcaneConsequence"}],"event_choices":[{"damage_healed":15,"gold_gain":0,"player_choice":"Healed","damage_taken":0,"max_hp_gain":0,"max_hp_loss":0,"event_name":"The Cleric","floor":4,"gold_loss":35},{"damage_healed":0,"gold_gain":0,"player_choice":"Upgraded Two","damage_taken":0,"max_hp_gain":0,"max_hp_loss":0,"event_name":"Designer","floor":20,"gold_loss":40,"cards_upgraded":["KiyohimeMod:Barrier","KiyohimeMod:ExSpicyMapoTofu"]}],"is_beta":false,"boss_relics":[{"not_picked":["Coffee Dripper","Runic Dome"],"picked":"Fusion Hammer"}],"items_purged_floors":[],"is_endless":false,"potions_floor_spawned":[5,6,8,10,16,21],"killed_by":"Book of Stabbing","ascension_level":0}}