{"host":"toh0bbw446wnuexf","time":1613260653,"event":{"mods":["BaseMod","Downfall","Hermit","Minty Spire (QoL Compilation)","Random Character Button","StSLib"],"gold_per_floor":[99,116,130,140,125,125,125,125,125,125,160,260,260,277,303,303,303,303],"floor_reached":16,"language":"ENG","playtime":993,"items_purged":[],"score":105,"play_id":"2e386c47-ed7f-49aa-8d95-64a85ace9b11","local_time":"20210214125733","is_ascension_mode":true,"campfire_choices":[{"data":"sneckomod:SnekBite","floor":1,"key":"SMITH"},{"data":"sneckomod:DiceCrush","floor":8,"key":"SMITH"},{"data":"sneckomod:DiceBlock","floor":10,"key":"SMITH"},{"data":"sneckomod:UnknownStrength","floor":13,"key":"SMITH"}],"circlet_count":0,"master_deck":["sneckomod:Strike","sneckomod:Strike","sneckomod:Strike","sneckomod:Defend","sneckomod:Defend","sneckomod:Defend","sneckomod:TailWhip","sneckomod:SnekBite+1","sneckomod:Unknown","sneckomod:UnknownStrength+1","sneckomod:UnknownDexterity","sneckomod:DiceCrush+1","sneckomod:DiceBlock+1","sneckomod:UnknownDexterity"],"relics":["sneckomod:SneckoSoul","Akabeko","CeramicFish"],"acts_visited":["Exordium"],"potions_floor_usage":[],"damage_taken":[{"damage":3,"enemies":"Jaw Worm","floor":2,"turns":3},{"damage":4,"enemies":"2 Louse","floor":3,"turns":3},{"damage":1,"enemies":"Cultist","floor":4,"turns":3},{"damage":3,"enemies":"downfall:FleeingMerchant","floor":5,"turns":4},{"damage":18,"enemies":"Gremlin Nob","floor":11,"turns":4},{"damage":19,"enemies":"Exordium Thugs","floor":14,"turns":5},{"damage":17,"enemies":"Blue Slaver","floor":15,"turns":5},{"damage":85,"enemies":"DF_ARCHETYPE_STREAMLINE","floor":16,"turns":14}],"seed_played":"-8809302504169514665","potions_obtained":[{"floor":2,"key":"Dexterity Potion"},{"floor":15,"key":"Fire Potion"}],"is_trial":false,"path_per_floor":["R","M","M","M","$","?","T","R","?","R","E","?","R","M","M","B"],"character_chosen":"THE_SNECKO","items_purchased":[],"campfire_rested":0,"item_purchase_floors":[],"current_hp_per_floor":[90,87,83,82,79,84,84,84,84,84,66,66,66,47,30,0,0,0],"gold":303,"neow_bonus":"REMOVE_CARD","is_daily":false,"chose_seed":false,"campfire_upgraded":4,"win_rate":0.0,"timestamp":1613260653,"path_taken":["R","M","M","M","$","?","T","R","?","R","E","?","R","?","M","BOSS"],"items_purchased_type":[],"build_version":"2020-12-22","purchased_purges":0,"victory":false,"max_hp_per_floor":[90,90,90,90,90,95,95,95,95,95,95,95,95,95,95,95,95,95],"card_choices":[{"not_picked":["sneckomod:QuickMove","sneckomod:SnakeSap"],"picked":"sneckomod:UnknownStrength","floor":2},{"not_picked":["sneckomod:UnknownCommonAttack","sneckomod:SnekBeam"],"picked":"sneckomod:UnknownDexterity","floor":3},{"not_picked":["sneckomod:Rotation","sneckomod:Unknown1Cost"],"picked":"sneckomod:DiceCrush","floor":4},{"not_picked":["sneckomod:IronFang","sneckomod:MorePower"],"picked":"sneckomod:DiceBlock","floor":5},{"not_picked":["sneckomod:UnknownCommonAttack","sneckomod:UnknownVulnerable","sneckomod:UnknownCommonSkill"],"picked":"SKIP","floor":11},{"not_picked":["sneckomod:QuickBite","sneckomod:WideSting","sneckomod:SnakeSap"],"picked":"SKIP","floor":14},{"not_picked":["sneckomod:WideSting","sneckomod:QuickMove"],"picked":"sneckomod:UnknownDexterity","floor":15}],"player_experience":697133,"relics_obtained":[{"floor":7,"key":"Akabeko"},{"floor":11,"key":"CeramicFish"}],"event_choices":[{"damage_healed":0,"gold_gain":0,"player_choice":"Donut","damage_taken":0,"max_hp_gain":5,"max_hp_loss":0,"event_name":"Big Fish","floor":6,"gold_loss":0}],"is_beta":false,"boss_relics":[],"items_purged_floors":[],"is_endless":false,"potions_floor_spawned":[2,15],"killed_by":"DF_ARCHETYPE_STREAMLINE","ascension_level":1}}