{"host":"kwyq3wo3fj8d4s27","time":1613199710,"event":{"mods":["AchievementEnabler","BaseMod","Colored Map","Highlight Path","Minty Spire (QoL Compilation)","StSLib"],"gold_per_floor":[119,1014,1014,1032,1032,1063,1063,1102,1102,1118,1068,1091,324,324,324,454,454,467,1097,1122,1122,1122,1122,1156,443,443,461,461,477,490,533,533,658,658,674,737,751,68,81,81,1092,1092,1115,1159,1175,0,0,14,14,14],"floor_reached":51,"language":"ENG","playtime":2118,"items_purged":["Strike_B","Strike_B","Defend_B","Defend_B","Defend_B"],"score":1008,"play_id":"eefd7756-3f38-4cd1-8165-1e75eee32ad2","local_time":"20210212230150","is_ascension_mode":true,"campfire_choices":[{"data":"Dualcast","floor":7,"key":"SMITH"},{"data":"Blizzard","floor":15,"key":"SMITH"},{"data":"Defend_B","floor":23,"key":"PURGE"},{"data":"Redo","floor":28,"key":"SMITH"},{"data":"Zap","floor":32,"key":"SMITH"},{"data":"Defragment","floor":40,"key":"SMITH"},{"data":"Loop","floor":42,"key":"SMITH"},{"data":"Coolheaded","floor":47,"key":"SMITH"},{"data":"Coolheaded","floor":49,"key":"SMITH"}],"circlet_count":0,"master_deck":["Zap+1","Dualcast+1","Redo+1","Coolheaded+1","Panache","Blizzard+1","Defragment+1","Seek","Defragment+1","Coolheaded+1","Defragment+1","Coolheaded+1","Loop+1","Defragment+1","Loop+1"],"relics":["Cracked Core","Pen Nib","MealTicket","Golden Idol","CaptainsWheel","Bag of Preparation","Pocketwatch","PreservedInsect","Unceasing Top","Vajra","Frozen Eye","Philosopher\u0027s Stone","Bird Faced Urn","Peace Pipe","Orrery","Dream Catcher","OrangePellets","InkBottle","Boot","Eternal Feather","Whetstone","Inserter","Calipers","Ancient Tea Set","Centennial Puzzle","Strawberry","Regal Pillow","DollysMirror","Potion Belt","Omamori","Red Mask"],"acts_visited":["Exordium","TheCity","TheBeyond"],"potions_floor_usage":[],"damage_taken":[{"damage":6,"enemies":"Cultist","floor":1,"turns":3},{"damage":6,"enemies":"Jaw Worm","floor":4,"turns":3},{"damage":21,"enemies":"3 Sentries","floor":6,"turns":9},{"damage":22,"enemies":"Lagavulin","floor":8,"turns":6},{"damage":10,"enemies":"Small Slimes","floor":10,"turns":2},{"damage":38,"enemies":"The Guardian","floor":16,"turns":11},{"damage":0,"enemies":"Spheric Guardian","floor":18,"turns":4},{"damage":9,"enemies":"Chosen","floor":20,"turns":3},{"damage":15,"enemies":"Book of Stabbing","floor":24,"turns":5},{"damage":12,"enemies":"Snecko","floor":27,"turns":4},{"damage":18,"enemies":"Snake Plant","floor":29,"turns":2},{"damage":0,"enemies":"Cultist and Chosen","floor":30,"turns":3},{"damage":23,"enemies":"Slavers","floor":31,"turns":2},{"damage":0,"enemies":"Automaton","floor":33,"turns":5},{"damage":0,"enemies":"Orb Walker","floor":35,"turns":3},{"damage":0,"enemies":"Mind Bloom Boss Battle","floor":36,"turns":3},{"damage":0,"enemies":"3 Shapes","floor":37,"turns":3},{"damage":19,"enemies":"Jaw Worm Horde","floor":39,"turns":2},{"damage":0,"enemies":"Giant Head","floor":44,"turns":5},{"damage":22,"enemies":"Sphere and 2 Shapes","floor":45,"turns":2},{"damage":14,"enemies":"3 Darklings","floor":48,"turns":2},{"damage":14,"enemies":"Donu and Deca","floor":50,"turns":4}],"seed_played":"5305960913012027645","potions_obtained":[{"floor":6,"key":"Strength Potion"},{"floor":8,"key":"FocusPotion"},{"floor":10,"key":"PotionOfCapacity"},{"floor":44,"key":"EssenceOfSteel"},{"floor":45,"key":"Regen Potion"}],"is_trial":false,"path_per_floor":["M","$","?","M","?","E","R","E","T","M","?","T","$","?","R","B",null,"M","$","M","?","?","R","E","$","T","M","R","M","M","E","R","B",null,"M","?","M","$","M","R","$","R","T","E","M","?","R","M","R","B",null],"character_chosen":"DEFECT","items_purchased":["Coolheaded","Pen Nib","MealTicket","Panache","Defragment","Unceasing Top","Vajra","Frozen Eye","Bird Faced Urn","Peace Pipe","Orrery","OrangePellets","InkBottle","Boot","Defragment","Coolheaded","Ancient Tea Set","Centennial Puzzle","FairyPotion","Strawberry","Regal Pillow","DollysMirror","Loop"],"campfire_rested":0,"item_purchase_floors":[2,2,2,2,13,13,13,13,19,19,19,25,25,25,38,38,38,38,38,41,41,41,41],"current_hp_per_floor":[69,69,69,63,45,58,58,36,36,26,26,26,41,41,41,60,75,75,75,66,66,66,66,55,70,70,62,68,56,62,45,51,57,75,75,75,75,75,56,62,82,82,82,82,64,64,73,70,79,70],"gold":14,"neow_bonus":"THREE_CARDS","is_daily":false,"chose_seed":false,"campfire_upgraded":8,"win_rate":0.0,"timestamp":1613199710,"path_taken":["M","?","?","?","?","E","R","E","T","M","?","?","$","?","R","BOSS","M","$","M","?","?","R","E","$","T","?","R","?","?","E","R","BOSS","M","?","M","$","M","R","$","R","T","E","M","?","R","?","R","BOSS"],"items_purchased_type":["Card","Relic","Relic","Card","Card","Relic","Relic","Relic","Relic","Relic","Relic","Relic","Relic","Relic","Card","Card","Relic","Relic","Potion","Relic","Relic","Relic","Card"],"build_version":"2020-12-22","purchased_purges":5,"victory":true,"max_hp_per_floor":[75,75,75,75,75,75,75,75,75,75,75,75,75,75,75,75,75,75,75,75,75,75,75,75,75,75,75,75,75,75,75,75,75,75,75,75,75,75,75,75,82,82,82,82,82,82,82,82,82,82],"card_choices":[{"not_picked":["Compile Driver","Lockon"],"picked":"Redo","floor":0},{"not_picked":["Beam Cell","Ball Lightning","Sweeping Beam"],"picked":"SKIP","floor":1},{"not_picked":["Turbo","Tempest","Hologram"],"picked":"SKIP","floor":4},{"not_picked":["Amplify","Heatsinks","Turbo"],"picked":"SKIP","floor":6},{"not_picked":["Sweeping Beam","Redo","Go for the Eyes"],"picked":"SKIP","floor":8},{"not_picked":["Compile Driver","Rebound"],"picked":"Blizzard","floor":10},{"not_picked":["Buffer","Rainbow"],"picked":"Seek","floor":16},{"not_picked":["Steam","Compile Driver","Skim"],"picked":"SKIP","floor":18},{"not_picked":["Stack","Sweeping Beam","Turbo"],"picked":"SKIP","floor":20},{"not_picked":["Melter+1","Sweeping Beam+1","Hologram"],"picked":"SKIP","floor":24},{"not_picked":["Scrape","Hello World"],"picked":"Defragment+1","floor":27},{"not_picked":["Turbo","Sweeping Beam"],"picked":"Coolheaded+1","floor":29},{"not_picked":["Stack+1","Melter+1","Rainbow"],"picked":"SKIP","floor":30},{"not_picked":["Conserve Battery","Sunder","Streamline+1"],"picked":"SKIP","floor":31},{"not_picked":["Ball Lightning","Hello World","Blizzard+1"],"picked":"SKIP","floor":35},{"not_picked":["Reinforced Body","Chill+1","Turbo+1"],"picked":"SKIP","floor":37},{"not_picked":["Cold Snap+1","Tempest+1"],"picked":"Loop+1","floor":39},{"not_picked":["Barrage+1","Meteor Strike","Sweeping Beam"],"picked":"SKIP","floor":44},{"not_picked":["Barrage+1","Steam","Ball Lightning"],"picked":"SKIP","floor":45},{"not_picked":["Leap","Cold Snap","Static Discharge"],"picked":"SKIP","floor":48}],"player_experience":15930,"relics_obtained":[{"floor":6,"key":"CaptainsWheel"},{"floor":8,"key":"Bag of Preparation"},{"floor":9,"key":"Pocketwatch"},{"floor":12,"key":"PreservedInsect"},{"floor":24,"key":"Dream Catcher"},{"floor":26,"key":"Eternal Feather"},{"floor":31,"key":"Whetstone"},{"floor":36,"key":"Calipers"},{"floor":43,"key":"Potion Belt"},{"floor":44,"key":"Omamori"}],"event_choices":[{"cards_removed":["Strike_B"],"damage_healed":0,"gold_gain":0,"player_choice":"Offered Basic","damage_taken":0,"max_hp_gain":0,"max_hp_loss":0,"event_name":"Bonfire Elementals","floor":3,"gold_loss":0},{"damage_healed":0,"gold_gain":0,"player_choice":"Take Damage","damage_taken":18,"relics_obtained":["Golden Idol"],"max_hp_gain":0,"max_hp_loss":0,"event_name":"Golden Idol","floor":5,"gold_loss":0},{"cards_removed":["Strike_B"],"damage_healed":0,"gold_gain":0,"player_choice":"Card Removal","damage_taken":0,"max_hp_gain":0,"max_hp_loss":0,"event_name":"The Cleric","floor":11,"gold_loss":50},{"damage_healed":0,"gold_gain":0,"player_choice":"Ignored","damage_taken":0,"max_hp_gain":0,"max_hp_loss":0,"event_name":"Liars Game","floor":14,"gold_loss":0},{"damage_healed":0,"gold_gain":0,"player_choice":"Ignored","damage_taken":0,"max_hp_gain":0,"max_hp_loss":0,"event_name":"The Mausoleum","floor":21,"gold_loss":0},{"damage_healed":0,"gold_gain":0,"player_choice":"Forge","damage_taken":0,"max_hp_gain":0,"max_hp_loss":0,"event_name":"Accursed Blacksmith","floor":22,"gold_loss":0,"cards_upgraded":["Defragment"]},{"damage_healed":0,"gold_gain":0,"player_choice":"Fight","damage_taken":0,"max_hp_gain":0,"max_hp_loss":0,"event_name":"MindBloom","floor":36,"gold_loss":0},{"damage_healed":0,"gold_gain":0,"player_choice":"Paid","damage_taken":0,"relics_obtained":["Red Mask"],"max_hp_gain":0,"max_hp_loss":0,"event_name":"Tomb of Lord Red Mask","floor":46,"gold_loss":1175}],"is_beta":false,"boss_relics":[{"not_picked":["Calling Bell","Cursed Key"],"picked":"Philosopher\u0027s Stone"},{"not_picked":["Sozu","Empty Cage"],"picked":"Inserter"}],"items_purged_floors":[2,13,19,25,38],"is_endless":false,"potions_floor_spawned":[6,8,10,16,24,29,30,31,33,35,36,44,45],"ascension_level":1}}