{"host":"krw8kyiy0um8ye49","time":1613220182,"event":{"mods":["BaseMod","Minty Spire (QoL Compilation)","StSLib","The Runesmith"],"gold_per_floor":[114,114,79,38,57,89,108,123,147,163,163,238,238,238,238,337,337,357,373,373,220,220,246,246,246,546,546,560,15,42,55,55,156,156,172,182,202,202,202,232,232,81,81,81,95,95,129,89,89,89],"floor_reached":51,"language":"ENG","playtime":2749,"items_purged":["Runesmith:Strike_RS"],"score":836,"play_id":"070c4242-da9a-40b4-8f59-df0298f57e45","local_time":"20210213134302","is_ascension_mode":false,"campfire_choices":[{"data":"Runesmith:Augment","floor":11,"key":"SMITH"},{"data":"Runesmith:LithiumIon","floor":13,"key":"SMITH"},{"data":"Runesmith:RunicBlueprint","floor":15,"key":"SMITH"},{"data":"Runesmith:EarthShield","floor":24,"key":"SMITH"},{"data":"Runesmith:BackupBattery","floor":32,"key":"SMITH"},{"data":"Runesmith:BackupBattery+1","floor":41,"key":"SMITH"},{"data":"Runesmith:Empowerment","floor":44,"key":"SMITH"},{"data":"Runesmith:EnergizedChisel","floor":46,"key":"SMITH"},{"data":"Runesmith:CraftFirestone","floor":49,"key":"SMITH"}],"circlet_count":0,"master_deck":["Runesmith:Strike_RS+1","Runesmith:Strike_RS+1","Runesmith:Strike_RS","Runesmith:Defend_RS","Runesmith:Defend_RS+1","Runesmith:Defend_RS","Runesmith:Defend_RS","Runesmith:CraftFirestone+1","Runesmith:Fortify+1","Runesmith:EnergizedChisel+1","Runesmith:LithiumIon+1","Runesmith:HeatExchange","Runesmith:Augment+1","Runesmith:RunicBlueprint+1","Runesmith:BackupBattery+2","Runesmith:HammerThrow+1","Runesmith:ArcReactor+1","Runesmith:EarthShield+1","Runesmith:Firestorm+1","Runesmith:Empowerment+1","Runesmith:GrandSlam","Runesmith:HammerThrow+1"],"relics":["Runesmith:BrokenRuby","NeowsBlessing","Centennial Puzzle","Toy Ornithopter","Busted Crown","MutagenicStrength","Whetstone","Old Coin","Runesmith:MiniCore","Happy Flower","Sling","Incense Burner","Sozu","PreservedInsect","Strange Spoon","Sundial","Ginger"],"acts_visited":["Exordium","TheCity","TheBeyond"],"potions_floor_usage":[16,27,29,30,30,40],"damage_taken":[{"damage":0,"enemies":"Small Slimes","floor":1,"turns":1},{"damage":0,"enemies":"Jaw Worm","floor":5,"turns":1},{"damage":0,"enemies":"Lagavulin","floor":6,"turns":1},{"damage":0,"enemies":"2 Louse","floor":7,"turns":4},{"damage":0,"enemies":"Exordium Wildlife","floor":8,"turns":3},{"damage":5,"enemies":"Large Slime","floor":10,"turns":5},{"damage":6,"enemies":"The Guardian","floor":16,"turns":9},{"damage":14,"enemies":"3 Byrds","floor":18,"turns":4},{"damage":2,"enemies":"Spheric Guardian","floor":19,"turns":4},{"damage":25,"enemies":"Book of Stabbing","floor":23,"turns":7},{"damage":0,"enemies":"Slavers","floor":27,"turns":1},{"damage":2,"enemies":"Centurion and Healer","floor":28,"turns":6},{"damage":0,"enemies":"Gremlin Leader","floor":30,"turns":5},{"damage":5,"enemies":"3 Cultists","floor":31,"turns":6},{"damage":8,"enemies":"Automaton","floor":33,"turns":10},{"damage":1,"enemies":"Orb Walker","floor":35,"turns":6},{"damage":11,"enemies":"3 Darklings","floor":36,"turns":5},{"damage":3,"enemies":"Sphere and 2 Shapes","floor":37,"turns":5},{"damage":13,"enemies":"Giant Head","floor":40,"turns":8},{"damage":0,"enemies":"4 Shapes","floor":45,"turns":3},{"damage":0,"enemies":"Nemesis","floor":47,"turns":9},{"damage":10,"enemies":"Awakened One","floor":50,"turns":9}],"seed_played":"-6132595449187729235","potions_obtained":[{"floor":5,"key":"SneckoOil"},{"floor":7,"key":"Dexterity Potion"},{"floor":8,"key":"GamblersBrew"},{"floor":10,"key":"SmokeBomb"},{"floor":28,"key":"DistilledChaos"},{"floor":33,"key":"AttackPotion"}],"is_trial":false,"path_per_floor":["M","?","?","$","M","E","M","M","T","M","R","?","R","?","R","B",null,"M","M","?","$","?","E","R","?","T","E","M","$","E","M","R","B",null,"M","M","M","?","$","E","R","$","T","R","M","R","E","?","R","B",null],"character_chosen":"RUNESMITH_CLASS","items_purchased":["Runesmith:LithiumIon","Runesmith:Firestorm","Runesmith:MiniCore","Fruit Juice","Happy Flower","Sling","Strange Spoon"],"campfire_rested":0,"item_purchase_floors":[4,21,29,29,29,29,42],"current_hp_per_floor":[70,56,70,70,70,70,70,70,70,65,65,54,54,54,54,53,70,56,54,54,54,54,29,29,29,29,34,32,42,52,47,47,39,75,74,63,60,60,60,52,52,52,52,52,52,52,52,52,52,42],"gold":89,"neow_bonus":"THREE_ENEMY_KILL","is_daily":false,"chose_seed":false,"campfire_upgraded":9,"win_rate":0.0,"timestamp":1613220182,"path_taken":["M","?","?","?","M","E","?","M","T","M","R","?","R","?","R","BOSS","M","M","?","$","?","E","R","?","T","E","?","$","E","M","R","BOSS","M","M","M","?","$","E","R","$","T","R","M","R","E","?","R","BOSS"],"items_purchased_type":["Card","Card","Relic","Potion","Relic","Relic","Relic"],"build_version":"2020-12-22","purchased_purges":1,"victory":true,"max_hp_per_floor":[70,70,70,70,70,70,70,70,70,70,70,70,70,70,70,70,70,70,70,70,70,70,70,70,70,70,70,70,75,75,75,75,75,75,75,75,75,75,75,75,75,75,75,75,75,75,75,75,75,75],"card_choices":[{"not_picked":["Runesmith:Overpower","Runesmith:ShiftingStrike"],"picked":"Runesmith:EnergizedChisel","floor":1},{"not_picked":["Runesmith:Repurpose","Runesmith:Discharge"],"picked":"Runesmith:HeatExchange","floor":5},{"not_picked":["Runesmith:Prism","Runesmith:Accelerate"],"picked":"Runesmith:Augment","floor":6},{"not_picked":["Runesmith:Firestorm","Runesmith:Superposition"],"picked":"Runesmith:RunicBlueprint","floor":7},{"not_picked":["Runesmith:Duplicate","Runesmith:RuneHurl"],"picked":"Runesmith:BackupBattery","floor":8},{"not_picked":["Runesmith:StaticCage","Runesmith:BackupBattery"],"picked":"Runesmith:HammerThrow","floor":10},{"not_picked":["Runesmith:FissionHammer","Runesmith:CraftIndustria"],"picked":"Runesmith:ArcReactor","floor":16},{"not_picked":["Runesmith:Overpower+1"],"picked":"SKIP","floor":18},{"not_picked":[],"picked":"Runesmith:EarthShield","floor":19},{"not_picked":[],"picked":"Runesmith:Empowerment","floor":23},{"not_picked":["Runesmith:StaticCage"],"picked":"SKIP","floor":28},{"not_picked":["Runesmith:EarthShield"],"picked":"SKIP","floor":30},{"not_picked":["Runesmith:EarthShield"],"picked":"SKIP","floor":31},{"not_picked":[],"picked":"Runesmith:GrandSlam","floor":33},{"not_picked":[],"picked":"Runesmith:HammerThrow+1","floor":35},{"not_picked":["Runesmith:MakeshiftArmor+1"],"picked":"SKIP","floor":36},{"not_picked":["Runesmith:EnergizedChisel"],"picked":"SKIP","floor":37},{"not_picked":["Runesmith:PerfectChisel"],"picked":"SKIP","floor":40},{"not_picked":["Runesmith:Repurpose"],"picked":"SKIP","floor":45},{"not_picked":["Runesmith:FissionHammer"],"picked":"SKIP","floor":47}],"player_experience":170770,"relics_obtained":[{"floor":6,"key":"Centennial Puzzle"},{"floor":9,"key":"Toy Ornithopter"},{"floor":23,"key":"Whetstone"},{"floor":26,"key":"Old Coin"},{"floor":30,"key":"Incense Burner"},{"floor":40,"key":"PreservedInsect"},{"floor":43,"key":"Sundial"},{"floor":47,"key":"Ginger"}],"event_choices":[{"damage_healed":0,"gold_gain":0,"player_choice":"Entered Light","damage_taken":14,"max_hp_gain":0,"max_hp_loss":0,"event_name":"Shining Light","floor":2,"gold_loss":0,"cards_upgraded":["Runesmith:Defend_RS","Runesmith:Fortify"]},{"damage_healed":17,"gold_gain":0,"player_choice":"Healed","damage_taken":0,"max_hp_gain":0,"max_hp_loss":0,"event_name":"The Cleric","floor":3,"gold_loss":35},{"damage_healed":0,"gold_gain":75,"player_choice":"Gather Gold","damage_taken":11,"max_hp_gain":0,"max_hp_loss":0,"event_name":"World of Goop","floor":12,"gold_loss":0},{"damage_healed":0,"gold_gain":0,"player_choice":"Grow","damage_taken":0,"max_hp_gain":0,"max_hp_loss":0,"event_name":"Living Wall","floor":14,"gold_loss":0,"cards_upgraded":["Runesmith:HammerThrow"]},{"damage_healed":0,"gold_gain":0,"player_choice":"Inject Mutagens","damage_taken":0,"relics_obtained":["MutagenicStrength"],"max_hp_gain":0,"max_hp_loss":0,"event_name":"Drug Dealer","floor":20,"gold_loss":0},{"damage_healed":0,"gold_gain":0,"player_choice":"Ignored","damage_taken":0,"max_hp_gain":0,"max_hp_loss":0,"event_name":"Vampires","floor":22,"gold_loss":0},{"damage_healed":0,"gold_gain":0,"player_choice":"Upgraded","damage_taken":0,"max_hp_gain":0,"max_hp_loss":0,"event_name":"Upgrade Shrine","floor":25,"gold_loss":0,"cards_upgraded":["Runesmith:Firestorm"]},{"damage_healed":0,"gold_gain":0,"player_choice":"Memory 1","damage_taken":0,"max_hp_gain":0,"max_hp_loss":0,"event_name":"SensoryStone","floor":38,"gold_loss":0},{"damage_healed":0,"gold_gain":0,"player_choice":"Upgrade","damage_taken":0,"max_hp_gain":0,"max_hp_loss":0,"event_name":"Designer","floor":48,"gold_loss":40,"cards_upgraded":["Runesmith:ArcReactor"]}],"is_beta":false,"boss_relics":[{"not_picked":["Runesmith:PocketReactor","Pandora\u0027s Box"],"picked":"Busted Crown"},{"not_picked":["Coffee Dripper","Astrolabe"],"picked":"Sozu"}],"items_purged_floors":[21],"is_endless":false,"potions_floor_spawned":[5,7,8,10,28,33,37,45],"ascension_level":0}}