{"host":"pqs17sqrgflf4eqa","time":1613189471,"event":{"mods":["AchievementEnabler","BaseMod","Bestiary","Better Altar","Better Match","Better Skull","Block Reminder","Bossed Relics","Colored Map","Colored Powertips","Curses Come First","Dark Map","DeckTracker","Defective Defect","Displayed Cursed Tome","Emptier Cage","Googly Eyes","Highlight Path","Minty Spire (QoL Compilation)","Quick Restart","Slay-I","StSLib","SuperFastMode","Synergy Search","Thieving Mod","Transform Curses","everything is the same but u backflip on backflip","slay the spire mod where everything is the same but ironclad has a cowboy hat"],"gold_per_floor":[119,119,119,133,14,44,59,92,115,138,167,167,182,195,195,290,290,303,318,337,42,42,70,70,102,172,172,22,122,222,234,234,234,234],"floor_reached":33,"language":"ENG","playtime":899,"items_purged":[],"score":394,"play_id":"0a74a99b-9278-4262-bc45-136d25276ac9","local_time":"20210212231111","is_ascension_mode":true,"campfire_choices":[{"data":"Armaments","floor":12,"key":"SMITH"},{"data":"Spot Weakness","floor":15,"key":"SMITH"},{"floor":24,"key":"REST"},{"data":"Defend_R","floor":27,"key":"SMITH"},{"data":"Immolate","floor":32,"key":"SMITH"}],"circlet_count":0,"master_deck":["Strike_R","Strike_R","Strike_R","Strike_R","Strike_R","Defend_R","Defend_R+1","Defend_R+1","Defend_R+1","Bash","Shockwave+1","Anger","Shrug It Off+1","Flex","Flash of Steel","Sword Boomerang","Twin Strike","Flex","Evolve","Armaments+1","Spot Weakness+1","Reckless Charge","Immolate+1","Dropkick+1","Armaments+1","Havoc+1","Sword Boomerang","Warcry+1"],"relics":["Burning Blood","Happy Flower","Boot","Oddly Smooth Stone","Odd Mushroom","Matryoshka","Sozu","Anchor","War Paint","Meat on the Bone","Red Skull","Ancient Tea Set","Kunai","Membership Card","Turnip","Bottled Flame"],"acts_visited":["Exordium","TheCity"],"potions_floor_usage":[6,10,14,23],"damage_taken":[{"damage":4,"enemies":"Cultist","floor":1,"turns":3},{"damage":4,"enemies":"Small Slimes","floor":4,"turns":4},{"damage":17,"enemies":"3 Sentries","floor":6,"turns":8},{"damage":1,"enemies":"Jaw Worm","floor":7,"turns":3},{"damage":22,"enemies":"Lagavulin","floor":8,"turns":5},{"damage":0,"enemies":"The Mushroom Lair","floor":10,"turns":3},{"damage":20,"enemies":"3 Sentries","floor":11,"turns":6},{"damage":0,"enemies":"Large Slime","floor":13,"turns":4},{"damage":0,"enemies":"2 Fungi Beasts","floor":14,"turns":2},{"damage":30,"enemies":"Slime Boss","floor":16,"turns":8},{"damage":6,"enemies":"3 Byrds","floor":18,"turns":4},{"damage":6,"enemies":"Chosen","floor":19,"turns":3},{"damage":34,"enemies":"3 Cultists","floor":20,"turns":5},{"damage":42,"enemies":"Book of Stabbing","floor":23,"turns":5},{"damage":30,"enemies":"Gremlin Leader","floor":25,"turns":5},{"damage":4,"enemies":"Colosseum Slavers","floor":29,"turns":2},{"damage":37,"enemies":"Colosseum Nobs","floor":29,"turns":4},{"damage":8,"enemies":"Snake Plant","floor":31,"turns":3},{"damage":40,"enemies":"Automaton","floor":33,"turns":4}],"seed_played":"8088423637916923342","potions_obtained":[{"floor":4,"key":"Regen Potion"},{"floor":7,"key":"ElixirPotion"},{"floor":8,"key":"DistilledChaos"},{"floor":11,"key":"Fire Potion"},{"floor":13,"key":"BloodPotion"}],"is_trial":false,"path_per_floor":["M","?","?","M","$","E","M","E","T","?","E","R","M","M","R","B",null,"M","M","M","$","?","E","R","E","T","R","$","?","?","M","R","B"],"character_chosen":"IRONCLAD","items_purchased":["Flex","Flash of Steel","Anchor","War Paint","Membership Card"],"campfire_rested":1,"item_purchase_floors":[5,5,21,21,28],"current_hp_per_floor":[74,74,58,60,60,64,69,53,53,59,45,45,51,57,57,33,68,68,68,40,40,40,20,44,32,32,32,32,27,27,37,37,0,0],"gold":234,"neow_bonus":"THREE_CARDS","is_daily":false,"chose_seed":false,"campfire_upgraded":4,"win_rate":0.0,"timestamp":1613189471,"path_taken":["M","?","?","M","?","E","M","E","T","?","E","R","M","M","R","BOSS","M","M","M","$","?","E","R","E","T","R","$","?","?","M","R","BOSS"],"items_purchased_type":["Card","Card","Relic","Relic","Relic"],"build_version":"2020-12-22","purchased_purges":0,"victory":false,"max_hp_per_floor":[80,80,80,80,80,80,80,80,80,80,80,80,80,80,80,80,80,80,80,80,80,80,80,80,80,80,80,80,80,80,80,80,80,80],"card_choices":[{"not_picked":["Wild Strike","Fire Breathing"],"picked":"Shockwave","floor":0},{"not_picked":["Clash","Sword Boomerang"],"picked":"Anger","floor":1},{"not_picked":["Clothesline","Feed"],"picked":"Shrug It Off","floor":4},{"not_picked":["Anger","Dark Embrace"],"picked":"Sword Boomerang","floor":6},{"not_picked":["Thunderclap","Anger"],"picked":"Twin Strike","floor":7},{"not_picked":["Sword Boomerang","Intimidate"],"picked":"Flex","floor":8},{"not_picked":["Barricade","Metallicize"],"picked":"Evolve","floor":10},{"not_picked":["Perfected Strike","Wild Strike"],"picked":"Armaments","floor":11},{"not_picked":["Headbutt","Flame Barrier"],"picked":"Spot Weakness","floor":13},{"not_picked":["Body Slam","Entrench"],"picked":"Reckless Charge","floor":14},{"not_picked":["Reaper","Corruption"],"picked":"Immolate","floor":16},{"not_picked":["True Grit","Anger+1","Clash+1"],"picked":"SKIP","floor":18},{"not_picked":["Bloodletting","Cleave+1"],"picked":"Dropkick+1","floor":19},{"not_picked":["Fire Breathing","Heavy Blade"],"picked":"Armaments+1","floor":20},{"not_picked":["Warcry","Dropkick"],"picked":"Havoc+1","floor":23},{"not_picked":["Bloodletting","Heavy Blade"],"picked":"Sword Boomerang","floor":25},{"not_picked":["Spot Weakness","Flex"],"picked":"Warcry+1","floor":31}],"player_experience":183284,"relics_obtained":[{"floor":6,"key":"Happy Flower"},{"floor":8,"key":"Boot"},{"floor":9,"key":"Oddly Smooth Stone"},{"floor":10,"key":"Odd Mushroom"},{"floor":11,"key":"Matryoshka"},{"floor":23,"key":"Meat on the Bone"},{"floor":25,"key":"Red Skull"},{"floor":26,"key":"Ancient Tea Set"},{"floor":26,"key":"Kunai"},{"floor":29,"key":"Turnip"},{"floor":29,"key":"Bottled Flame"}],"event_choices":[{"damage_healed":0,"gold_gain":0,"player_choice":"Ignored","damage_taken":0,"max_hp_gain":0,"max_hp_loss":0,"event_name":"Golden Wing","floor":2,"gold_loss":0},{"damage_healed":0,"gold_gain":0,"player_choice":"Entered Light","damage_taken":16,"max_hp_gain":0,"max_hp_loss":0,"event_name":"Shining Light","floor":3,"gold_loss":0,"cards_upgraded":["Defend_R","Shockwave"]},{"damage_healed":0,"gold_gain":0,"player_choice":"Fought Mushrooms","damage_taken":0,"max_hp_gain":0,"max_hp_loss":0,"event_name":"Mushrooms","floor":10,"gold_loss":0},{"damage_healed":0,"gold_gain":0,"player_choice":"Ignored","damage_taken":0,"max_hp_gain":0,"max_hp_loss":0,"event_name":"Ghosts","floor":22,"gold_loss":0},{"damage_healed":0,"gold_gain":0,"player_choice":"Fight","damage_taken":0,"max_hp_gain":0,"max_hp_loss":0,"event_name":"Colosseum","floor":29,"gold_loss":0},{"damage_healed":0,"gold_gain":0,"player_choice":"Fought Nobs","damage_taken":0,"max_hp_gain":0,"max_hp_loss":0,"event_name":"Colosseum","floor":29,"gold_loss":0},{"damage_healed":0,"gold_gain":100,"player_choice":"Pray","damage_taken":0,"max_hp_gain":0,"max_hp_loss":0,"event_name":"Golden Shrine","floor":30,"gold_loss":0}],"is_beta":false,"boss_relics":[{"not_picked":["Coffee Dripper","Black Star"],"picked":"Sozu"}],"items_purged_floors":[],"is_endless":false,"potions_floor_spawned":[4,7,8,11,13,19,20,23,29],"killed_by":"Automaton","ascension_level":6}}