{"host":"fkig9nrckec4xsh0","time":1613178228,"event":{"mods":["Act Like it!","BaseMod","Colored Map","Gensokyo","Hermit","Marisa????????","Minty Spire (QoL Compilation)","Quick Restart","Replay The Spire","StSLib"],"gold_per_floor":[118,22,34,34,34,59,375,610,637,669,669,740,758,789,789,865,865,877,396,396,396,396,396,414,414,446,446,446,464,514,548,548,548],"floor_reached":32,"language":"ENG","playtime":1400,"items_purged":["Strike_G"],"score":585,"play_id":"e5496716-299f-4368-9382-eb163ca6bc95","local_time":"20210212200348","is_ascension_mode":true,"campfire_choices":[{"floor":11.0,"key":"DIG"},{"floor":15,"key":"REST"},{"floor":25,"key":"DIG"},{"data":"Mayhem","floor":27,"key":"SMITH"}],"circlet_count":0,"master_deck":["AscendersBane","Strike_G","Strike_G","Strike_G+1","Strike_G+1","Defend_G","Defend_G","Defend_G","Defend_G","Survivor","Neutralize","Acrobatics","ReplayTheSpireMod:Tripwire","Bouncing Flask","Noxious Fumes","Deadly Poison","Mayhem+1","ReplayTheSpireMod:Brewmster","RitualDagger","Deadly Poison","Envenom"],"relics":["Ring of the Snake","NeowsBlessing","Gensokyo:Justice","Ring of Misfortune","Snake Skull","Letter Opener","Ginger","Whetstone","Shovel","Pen Nib","Singing Bowl","Replay:Kaleidoscope","Replay:Bronze Core","Anchor","ReplayTheSpireMod:ShopPack","Ancient Tea Set","ReplayFunnel","Vampiric Spirits","Gremlin Food"],"acts_visited":["Exordium","TheCity"],"potions_floor_usage":[26,31,32],"damage_taken":[{"damage":0.0,"enemies":"Gensokyo:Python","floor":1.0,"turns":1.0},{"damage":0.0,"enemies":"Gensokyo:3_Fairies","floor":3.0,"turns":2.0},{"damage":2.0,"enemies":"Gensokyo:Mamizou","floor":6.0,"turns":3.0},{"damage":12.0,"enemies":"Gensokyo:2_Kodama","floor":7.0,"turns":6.0},{"damage":21.0,"enemies":"Gensokyo:Aya","floor":8.0,"turns":6.0},{"damage":0.0,"enemies":"Gensokyo:Cirno","floor":10.0,"turns":5.0},{"damage":0.0,"enemies":"Gensokyo:VengefulSpirit","floor":13.0,"turns":4.0},{"damage":1,"enemies":"Gensokyo:Mamizou","floor":14,"turns":8},{"damage":26,"enemies":"Gensokyo:Reimu","floor":16,"turns":11},{"damage":4,"enemies":"2 Thieves","floor":18,"turns":4},{"damage":8,"enemies":"Spheric Guardian","floor":24,"turns":4},{"damage":8,"enemies":"Book of Stabbing","floor":26,"turns":5},{"damage":17,"enemies":"Snecko","floor":29,"turns":4},{"damage":14,"enemies":"Slavers","floor":31,"turns":4},{"damage":23,"enemies":"Snake Plant","floor":32,"turns":3}],"seed_played":"-1702586284433170872","potions_obtained":[{"floor":3.0,"key":"Fire Potion"},{"floor":8.0,"key":"SpeedPotion"},{"floor":16,"key":"SpeedPotion"},{"floor":26,"key":"Strength Potion"},{"floor":29,"key":"AttackPotion"},{"floor":31,"key":"PowerPotion"}],"is_trial":false,"path_per_floor":["M","COS","M","?","?","E","M","E","T","E","R","T","M","E","R","B",null,"M","$","?","PTL","PTL","?","M","R","E","R","T","M","?","E","M"],"character_chosen":"THE_SILENT","items_purchased":["Anchor","Noxious Fumes","Deadly Poison","ReplayTheSpireMod:ShopPack"],"campfire_rested":1,"item_purchase_floors":[19,19,19,19],"current_hp_per_floor":[59,59,59,59,59,57,45,24,24,24,24,24,26,25,45,21,58,56,58,52,52,52,52,44,44,36,36,36,24,24,22,0,0],"gold":548,"neow_bonus":"THREE_ENEMY_KILL","is_daily":false,"chose_seed":false,"campfire_upgraded":1,"win_rate":0.0,"timestamp":1613178228,"path_taken":["M","COS","M","?","?","E","M","E","T","E","R","?","?","E","R","BOSS","M","$","?","PTL","PTL","?","M","R","E","R","T","?","?","E","M"],"items_purchased_type":["Relic","Card","Card","Relic"],"build_version":"2020-12-22","purchased_purges":1,"victory":false,"max_hp_per_floor":[66,66,66,66,66,66,66,66,66,66,66,66,68,68,68,70,70,72,74,74,74,74,74,74,74,74,74,74,76,76,78,78,78],"card_choices":[{"not_picked":["Slice","ReplayTheSpireMod:Shiv Toss","Flying Knee"],"picked":"SKIP","floor":1.0},{"not_picked":["Dagger Throw","Choke"],"picked":"Blade Dance","floor":3.0},{"not_picked":["Underhanded Strike","Unload"],"picked":"Acrobatics","floor":6.0},{"not_picked":["Bane","Endless Agony","Sucker Punch"],"picked":"SKIP","floor":7.0},{"not_picked":["Atom Bomb","Well Laid Plans"],"picked":"ReplayTheSpireMod:Tripwire","floor":8.0},{"not_picked":["Acrobatics","Outmaneuver","Hidden Blade"],"picked":"SKIP","floor":10.0},{"not_picked":["Calculated Gamble","Prepared","Hidden Blade"],"picked":"Singing Bowl","floor":13.0},{"not_picked":["ReplayTheSpireMod:Exploit Weakness","Flying Knee"],"picked":"Bouncing Flask","floor":14},{"not_picked":["Atom Bomb","Grand Finale","Bullet Time"],"picked":"Singing Bowl","floor":16},{"not_picked":["Heel Hook","Flying Knee","ReplayTheSpireMod:Exploit Weakness"],"picked":"Singing Bowl","floor":18},{"not_picked":["ReplayTheSpireMod:Necrogeddon","Chrysalis"],"picked":"Mayhem","floor":19},{"not_picked":["Panacea","ReplayTheSpireMod:Trickstab","Survey Options"],"picked":"Singing Bowl","floor":19},{"not_picked":["Replay:Parry","Panacea"],"picked":"ReplayTheSpireMod:Brewmster","floor":19},{"not_picked":["Prepared","PiercingWail"],"picked":"Deadly Poison","floor":24},{"not_picked":["Heel Hook","Calculated Gamble"],"picked":"Envenom","floor":26},{"not_picked":["Backflip+1","Dagger Throw","Sneak Up"],"picked":"Singing Bowl","floor":29},{"not_picked":["Glass Knife","Hidden Blade","Leg Sweep"],"picked":"Singing Bowl","floor":31}],"player_experience":435472,"relics_obtained":[{"floor":5.0,"key":"Ring of Misfortune"},{"floor":6.0,"key":"Snake Skull"},{"floor":8.0,"key":"Ginger"},{"floor":9.0,"key":"Whetstone"},{"floor":10.0,"key":"Shovel"},{"floor":11.0,"key":"Pen Nib"},{"floor":12.0,"key":"Singing Bowl"},{"floor":14,"key":"Replay:Kaleidoscope"},{"floor":25,"key":"Ancient Tea Set"},{"floor":26,"key":"ReplayFunnel"},{"floor":28,"key":"Vampiric Spirits"},{"floor":31,"key":"Gremlin Food"}],"event_choices":[{"damage_healed":0,"gold_gain":0,"player_choice":"Joined the Cult","damage_taken":6,"max_hp_gain":0,"max_hp_loss":0,"event_name":"Nest","floor":20,"gold_loss":0,"cards_obtained":["RitualDagger"]},{"cards_removed":["Defend_G"],"damage_healed":0,"gold_gain":0,"player_choice":"Purged","damage_taken":0,"max_hp_gain":0,"max_hp_loss":0,"event_name":"Purifier","floor":23,"gold_loss":0},{"damage_healed":0,"gold_gain":50,"player_choice":"Pray","damage_taken":0,"max_hp_gain":0,"max_hp_loss":0,"event_name":"Golden Shrine","floor":30,"gold_loss":0}],"is_beta":false,"boss_relics":[{"not_picked":["Painkiller Herb","Tiny House"],"picked":"Replay:Bronze Core"}],"items_purged_floors":[19],"is_endless":false,"potions_floor_spawned":[3,8,16,26,29,31],"killed_by":"Snake Plant","ascension_level":16}}