{"host":"5z7rhcocprldured","time":1613241777,"event":{"mods":["2.2 Compatiblity","AchievementEnabler","AlwaysNeverKeys","BaseMod","Best Route Mod","Better Altar","Better Match","Better Note","Better Sensory Stone","Better Skull","Better Third Choice","BetterRewards","Block Reminder","Colored Map","Colored Powertips","Emptier Cage","Energized Spire","Infinite Spire","Minty Spire (QoL Compilation)","Permanent Neow","Rare Cards Sparkle","Replay The Spire","SacredBarkPlus","Spicy Shops","StSLib","Synergy Search","Unceasing Turn Reminder"],"gold_per_floor":[114,114,124,47,63,113,125,150,162,174,202,216,216],"floor_reached":12,"language":"ENG","playtime":417,"items_purged":[],"score":70,"play_id":"89ecb0d6-3a4d-49d9-989d-c5ce19a40c95","local_time":"20210213184257","is_ascension_mode":false,"campfire_choices":[{"data":"Crippling Poison","floor":7,"key":"SMITH"},{"data":"Caltrops","floor":10,"key":"SMITH"}],"circlet_count":0,"master_deck":["Strike_G","Strike_G","Strike_G","Strike_G","Strike_G","Defend_G","Defend_G","Defend_G","Defend_G","Defend_G","Survivor","Neutralize","Blade Dance","Crippling Poison+1","infinitespire:NeuralNetwork","Flying Knee","Predator","Caltrops+1","Clumsy","Toxin Wave"],"relics":["Ring of the Snake","ClockworkSouvenir","Ring of Greed","infinitespire:Midas Blood","MawBank","Replay:Kaleidoscope"],"acts_visited":["Exordium"],"potions_floor_usage":[],"damage_taken":[{"damage":0,"enemies":"Small Slimes","floor":1,"turns":3},{"damage":2,"enemies":"Jaw Worm","floor":3,"turns":5},{"damage":0,"enemies":"Cultist","floor":5,"turns":4},{"damage":4,"enemies":"Red Slaver","floor":8,"turns":3},{"damage":7,"enemies":"Looter","floor":11,"turns":4},{"damage":5,"enemies":"Lagavulin","floor":12,"turns":3}],"seed_played":"-3614623655591182237","potions_obtained":[{"floor":8,"key":"Elixir"},{"floor":11,"key":"Swift Potion"}],"is_trial":false,"path_per_floor":["M","?","M","$","M","?","R","M","T","R","M","E"],"character_chosen":"THE_SILENT","items_purchased":["ClockworkSouvenir"],"campfire_rested":0,"item_purchase_floors":[4],"current_hp_per_floor":[70,53,51,51,51,51,51,47,47,47,40,35,35],"gold":216,"neow_bonus":"THREE_CARDS","is_daily":false,"chose_seed":false,"campfire_upgraded":2,"win_rate":0.0,"timestamp":1613241777,"path_taken":["M","?","M","$","M","?","R","M","T","R","M","E"],"items_purchased_type":["Relic"],"build_version":"2020-12-22","purchased_purges":0,"victory":false,"max_hp_per_floor":[70,70,70,70,70,70,70,70,70,70,70,70,70],"card_choices":[{"not_picked":["Acrobatics","Deflect"],"picked":"Blade Dance","floor":0},{"not_picked":["Eviscerate","Acrobatics"],"picked":"Crippling Poison","floor":1},{"not_picked":["infinitespire:FutureSight","infinitespire:UltimateForm"],"picked":"infinitespire:NeuralNetwork","floor":2},{"not_picked":["Deflect","Heel Hook"],"picked":"Flying Knee","floor":3},{"not_picked":["Acrobatics","Eviscerate"],"picked":"Predator","floor":5},{"not_picked":["All Out Attack","Bane"],"picked":"Caltrops","floor":8},{"not_picked":["Blade Dance","Outmaneuver"],"picked":"Toxin Wave","floor":11}],"player_experience":177354,"relics_obtained":[{"floor":6,"key":"Ring of Greed"},{"floor":6,"key":"infinitespire:Midas Blood"},{"floor":6,"key":"MawBank"},{"floor":9,"key":"Replay:Kaleidoscope"}],"event_choices":[],"is_beta":false,"boss_relics":[],"items_purged_floors":[],"is_endless":false,"potions_floor_spawned":[8,11],"killed_by":"Lagavulin","ascension_level":0}}