{"host":"toh0bbw446wnuexf","time":1613182702,"event":{"mods":["BaseMod","Downfall","Hermit","Minty Spire (QoL Compilation)","Random Character Button","StSLib"],"gold_per_floor":[99,111,21,21,31,66,142,142,157,157,173,58,58,58,75,173,173,173,193,207,221,206,206,231,231,231,231,242,242,253,253,271,372,372,372,383,401,451,467,481,481,481,481,481,481,631,631,650,650,650,650,650],"floor_reached":50,"language":"ENG","playtime":3824,"items_purged":["sneckomod:Unknown","sneckomod:Unknown"],"score":544,"play_id":"72e32353-e4c4-4c9e-90f6-a90ce217f171","local_time":"20210213151822","is_ascension_mode":true,"campfire_choices":[{"data":"sneckomod:SnekBite","floor":1,"key":"SMITH"},{"data":"sneckomod:IronFang","floor":8,"key":"SMITH"},{"data":"sneckomod:DiceBlock","floor":13,"key":"SMITH"},{"data":"sneckomod:QuickBite","floor":18,"key":"SMITH"},{"data":"sneckomod:TailWhip","floor":25,"key":"SMITH"},{"data":"sneckomod:Unknown3Cost","floor":27,"key":"SMITH"},{"data":"sneckomod:Defend","floor":35,"key":"SMITH"},{"data":"sneckomod:Defend","floor":44,"key":"SMITH"},{"data":"expansioncontent:StudyTheSpire","floor":47,"key":"SMITH"},{"floor":49,"key":"REST"}],"circlet_count":0,"master_deck":["sneckomod:Strike+1","sneckomod:Defend+1","sneckomod:Defend+1","sneckomod:TailWhip+1","sneckomod:SnekBite+1","sneckomod:IronFang+1","sneckomod:QuickBite+1","sneckomod:WideSting","sneckomod:DiceBlock+1","sneckomod:Unknown3Cost+1","expansioncontent:StudyTheSpire+1"],"relics":["Velvet Choker","Dream Catcher","Singing Bowl","Omamori","Art of War","Empty Cage","Lantern","FossilizedHelix","Bottled Flame"],"acts_visited":["Exordium","TheCity","TheBeyond"],"potions_floor_usage":[31],"damage_taken":[{"damage":0,"enemies":"2 Louse","floor":2,"turns":2},{"damage":5,"enemies":"downfall:FleeingMerchant","floor":3,"turns":4},{"damage":0,"enemies":"Jaw Worm","floor":5,"turns":2},{"damage":8,"enemies":"Lagavulin","floor":6,"turns":4},{"damage":7,"enemies":"Small Slimes","floor":9,"turns":3},{"damage":3,"enemies":"Red Slaver","floor":11,"turns":2},{"damage":0,"enemies":"downfall:FleeingMerchant","floor":12,"turns":4},{"damage":2,"enemies":"Exordium Wildlife","floor":15,"turns":4},{"damage":57,"enemies":"DF_ARCHETYPE_STREAMLINE","floor":16,"turns":12},{"damage":4,"enemies":"Shell Parasite","floor":19,"turns":5},{"damage":6,"enemies":"Snecko","floor":20,"turns":5},{"damage":9,"enemies":"Centurion and Healer","floor":21,"turns":6},{"damage":5,"enemies":"downfall:FleeingMerchant","floor":22,"turns":4},{"damage":16,"enemies":"Chosen and Byrds","floor":28,"turns":7},{"damage":31,"enemies":"Snake Plant","floor":30,"turns":6},{"damage":0,"enemies":"Cultist and Chosen","floor":31,"turns":1},{"damage":24,"enemies":"Centurion and Healer","floor":32,"turns":6},{"damage":0,"enemies":"SI_MIRROR_ARCHETYPE","floor":33,"turns":12},{"damage":11,"enemies":"3 Darklings","floor":36,"turns":5},{"damage":3,"enemies":"3 Shapes","floor":37,"turns":4},{"damage":27,"enemies":"3 Shapes","floor":38,"turns":6},{"damage":29,"enemies":"Spire Growth","floor":39,"turns":5},{"damage":0,"enemies":"Jaw Worm Horde","floor":40,"turns":4},{"damage":0,"enemies":"downfall:FleeingMerchant","floor":46,"turns":3},{"damage":14,"enemies":"Maw","floor":48,"turns":6},{"damage":125,"enemies":"IC_BLOCK_ARCHETYPE","floor":50,"turns":7}],"seed_played":"3780662256288083093","potions_obtained":[{"floor":6,"key":"SmokeBomb"},{"floor":16,"key":"champ:CounterPotion"},{"floor":21,"key":"sneckomod:OffclassReductionPotion"},{"floor":33,"key":"BlessingOfTheForge"},{"floor":40,"key":"Swift Potion"},{"floor":48,"key":"AttackPotion"}],"is_trial":false,"path_per_floor":["R","M","$","?","M","E","T","R","M","?","M","$","R","?","M","B",null,"R","M","M","M","$","?","T","R","?","R","M","?","M","M","M","B",null,"R","M","M","?","M","M","T","?","?","R","?","$","R","M","R","B"],"character_chosen":"THE_SNECKO","items_purchased":["expansioncontent:StudyTheSpire"],"campfire_rested":1,"item_purchase_floors":[46],"current_hp_per_floor":[90,90,85,90,90,82,82,82,77,77,76,76,76,73,73,16,101,101,99,95,88,85,85,85,85,85,85,71,71,42,42,20,22,117,117,108,107,82,55,57,57,111,111,111,111,113,113,101,117,0,0,0],"gold":650,"neow_bonus":"BOSS_RELIC","is_daily":false,"chose_seed":false,"campfire_upgraded":9,"win_rate":0.0,"timestamp":1613182702,"path_taken":["R","M","$","?","M","E","T","R","M","?","M","$","R","?","M","BOSS","R","M","M","M","$","?","T","R","?","R","M","?","?","M","M","BOSS","R","M","M","?","M","M","T","?","?","R","?","$","R","M","R","BOSS"],"items_purchased_type":["Card"],"build_version":"2020-12-22","purchased_purges":2,"victory":false,"max_hp_per_floor":[90,90,90,95,95,95,95,95,97,97,99,99,99,99,101,101,101,101,103,105,107,109,109,109,109,109,109,111,111,113,113,115,117,117,117,119,121,123,125,127,127,111,111,111,111,113,113,115,117,117,117,117],"card_choices":[{"not_picked":["sneckomod:SoulDraw","sneckomod:UnknownCommonSkill","sneckomod:UnknownUncommonAttack"],"picked":"SKIP","floor":2},{"not_picked":["sneckomod:DiceCrush","sneckomod:UnknownBlock"],"picked":"sneckomod:IronFang","floor":3},{"not_picked":["sneckomod:DiceBlock","sneckomod:UnknownBlock"],"picked":"sneckomod:QuickBite","floor":5},{"not_picked":["sneckomod:UnknownBlock","sneckomod:UnknownX"],"picked":"sneckomod:WideSting","floor":6},{"not_picked":["sneckomod:IronFang","sneckomod:DiceCrush","sneckomod:RainOfDice"],"picked":"Singing Bowl","floor":9},{"not_picked":["sneckomod:UnlimitedRolls","sneckomod:SoulRoll","sneckomod:UnknownVulnerable"],"picked":"Singing Bowl","floor":11},{"not_picked":["sneckomod:UnknownDraw","sneckomod:UnlimitedRolls"],"picked":"sneckomod:DiceBlock","floor":12},{"not_picked":["sneckomod:UnknownCommonAttack","sneckomod:MasterEye","sneckomod:TrashToTreasure"],"picked":"Singing Bowl","floor":15},{"not_picked":["sneckomod:Mudshield","sneckomod:Restock"],"picked":"sneckomod:Unknown3Cost","floor":16},{"not_picked":["sneckomod:PureSnecko","sneckomod:UnknownCommonAttack","sneckomod:UnknownWeak"],"picked":"Singing Bowl","floor":19},{"not_picked":["sneckomod:WideSting","sneckomod:UnknownWeak","sneckomod:UnknownUncommonAttack+1"],"picked":"Singing Bowl","floor":20},{"not_picked":["sneckomod:UnknownClassBLUE","sneckomod:SoulRoll+1","sneckomod:UnknownCommonAttack"],"picked":"Singing Bowl","floor":21},{"not_picked":["sneckomod:UnknownClassBLUE","sneckomod:UnlimitedRolls","sneckomod:SerpentIdol+1"],"picked":"Singing Bowl","floor":22},{"not_picked":["sneckomod:UnknownDraw","sneckomod:Nope","sneckomod:UnknownClassRED"],"picked":"Singing Bowl","floor":28},{"not_picked":["sneckomod:UnknownDraw","sneckomod:QuickBite+1","sneckomod:UnknownUncommonPower+1"],"picked":"Singing Bowl","floor":30},{"not_picked":["sneckomod:Nope","sneckomod:SlitherStrike","sneckomod:WideSting"],"picked":"Singing Bowl","floor":32},{"not_picked":["sneckomod:MorePower","sneckomod:Restock","sneckomod:UnlimitedRolls"],"picked":"Singing Bowl","floor":33},{"not_picked":["sneckomod:UnknownClassTHE_BRONZE_AUTOMATON+1","sneckomod:Nope+1","sneckomod:MasterEye+1"],"picked":"Singing Bowl","floor":36},{"not_picked":["sneckomod:SerpentIdol","sneckomod:QuickMove","sneckomod:TrashToTreasure+1"],"picked":"Singing Bowl","floor":37},{"not_picked":["sneckomod:DiceBlock","sneckomod:MasterEye+1","sneckomod:SoulDraw"],"picked":"Singing Bowl","floor":38},{"not_picked":["sneckomod:Nope","sneckomod:UnknownCommonAttack+1","sneckomod:Unknown1Cost"],"picked":"Singing Bowl","floor":39},{"not_picked":["sneckomod:Nope+1","sneckomod:UnknownClassRED+1","sneckomod:SlitherStrike+1"],"picked":"Singing Bowl","floor":40},{"not_picked":["sneckomod:DiceBlock","sneckomod:UnknownBlock","sneckomod:DiceCrush+1"],"picked":"Singing Bowl","floor":46},{"not_picked":["sneckomod:CheapStock+1","sneckomod:SoulExchange","sneckomod:DiceBoulder"],"picked":"Singing Bowl","floor":48},{"not_picked":["sneckomod:CheapStock+1","sneckomod:Unknown1Cost+1","sneckomod:Nope+1"],"picked":"Singing Bowl","floor":49}],"player_experience":693309,"relics_obtained":[{"floor":6,"key":"Dream Catcher"},{"floor":7,"key":"Singing Bowl"},{"floor":24,"key":"Lantern"},{"floor":38,"key":"FossilizedHelix"},{"floor":41,"key":"Bottled Flame"}],"event_choices":[{"damage_healed":0,"gold_gain":0,"player_choice":"Donut","damage_taken":0,"max_hp_gain":5,"max_hp_loss":0,"event_name":"Big Fish","floor":4,"gold_loss":0},{"damage_healed":0,"gold_gain":0,"player_choice":"Success","damage_taken":3,"relics_obtained":["Art of War"],"max_hp_gain":0,"max_hp_loss":0,"event_name":"Scrap Ooze","floor":14,"gold_loss":0},{"damage_healed":0,"gold_gain":0,"player_choice":"Ignored","damage_taken":0,"max_hp_gain":0,"max_hp_loss":0,"event_name":"Ghosts","floor":26,"gold_loss":0},{"cards_removed":["sneckomod:Defend"],"damage_healed":0,"gold_gain":0,"player_choice":"Removed Skill","damage_taken":0,"max_hp_gain":0,"max_hp_loss":0,"event_name":"Falling","floor":43,"gold_loss":0}],"is_beta":false,"boss_relics":[{"not_picked":["bronze:MakeshiftBattery","Black Star"],"picked":"Empty Cage"},{"not_picked":["Runic Dome","Coffee Dripper","sneckomod:SneckoBoss"]}],"items_purged_floors":[3,12],"is_endless":false,"potions_floor_spawned":[6,16,21,28,31,33,40,48],"killed_by":"IC_BLOCK_ARCHETYPE","ascension_level":1}}