{"host":"5dk97cf2ubw2v967","time":1613230561,"event":{"mods":["AlwaysNeverKeys","BaseMod","Better Altar","Better Vampires","Block Reminder","Card Filter","Colored Powertips","Downfall","Googly Eyes","Highlight Path","Minty Spire (QoL Compilation)","Permanent Neow","Potion Indicator Mod","Quick Restart","Relic Filter","Relic Stats","Say the Spire","Spicy Shops","StSLib","Waifu the Spire","everything is the same but u backflip on backflip"],"gold_per_floor":[109,109,109,128,139,139,139,139],"floor_reached":7,"language":"ENG","playtime":192,"items_purged":[],"score":82,"play_id":"f1b52490-61a0-4526-a59e-a8c8cee609a4","local_time":"20210213153601","is_ascension_mode":true,"campfire_choices":[{"data":"1","floor":6.0,"key":"LIFT"}],"circlet_count":0,"master_deck":["AscendersBane","Strike_R","Strike_R","Strike_R","Strike_R+1","Strike_R","Defend_R+1","Defend_R","Defend_R","Defend_R","Bash","downfall:Bewildered","Pummel","Bloodletting","Disarm"],"relics":["Burning Blood","Girya","Mummified Hand"],"acts_visited":["Exordium"],"potions_floor_usage":[7],"damage_taken":[{"damage":11.0,"enemies":"Jaw Worm","floor":1.0,"turns":6.0},{"damage":6.0,"enemies":"Cultist","floor":4.0,"turns":3.0},{"damage":2.0,"enemies":"2 Louse","floor":5.0,"turns":4.0},{"damage":44,"enemies":"Lagavulin","floor":7,"turns":8}],"seed_played":"-8182388064764779302","potions_obtained":[{"floor":4.0,"key":"GamblersBrew"}],"is_trial":false,"path_per_floor":["M","?","T","M","M","R","E"],"character_chosen":"IRONCLAD","items_purchased":[],"campfire_rested":0,"item_purchase_floors":[],"current_hp_per_floor":[63,40,40,40,44,44,0,0],"gold":139,"neow_bonus":"ONE_RARE_RELIC","is_daily":false,"chose_seed":false,"campfire_upgraded":0,"win_rate":0.0,"timestamp":1613230561,"path_taken":["M","?","?","M","M","R","E"],"items_purchased_type":[],"build_version":"2020-12-22","purchased_purges":0,"victory":false,"max_hp_per_floor":[75,75,75,75,75,75,75,75],"relic_stats":{"counters":[4,21],"Mummified Hand":[0],"obtain_stats":[{"Girya":0,"Mummified Hand":3,"Burning Blood":0},{"Girya":0,"Mummified Hand":1,"Burning Blood":0},{"Girya":0,"Mummified Hand":6,"Burning Blood":0}],"Burning Blood":18},"card_choices":[{"not_picked":["Second Wind","Sword Boomerang"],"picked":"Pummel","floor":1.0},{"not_picked":["Armaments","Iron Wave"],"picked":"Bloodletting","floor":4.0},{"not_picked":["Havoc","Power Through"],"picked":"Disarm","floor":5.0}],"player_experience":1316599,"relics_obtained":[{"floor":3.0,"key":"Mummified Hand"}],"event_choices":[{"damage_healed":0.0,"max_hp_gain":0.0,"max_hp_loss":0.0,"gold_gain":0.0,"event_name":"Shining Light","player_choice":"Entered Light","floor":2.0,"gold_loss":0.0,"damage_taken":23.0,"cards_upgraded":["Strike_R","Defend_R"]}],"is_beta":false,"boss_relics":[],"items_purged_floors":[],"is_endless":false,"potions_floor_spawned":[4],"killed_by":"Lagavulin","ascension_level":20}}