{"host":"it04jaz8eul1eh3d","time":1613224329,"event":{"mods":["AchievementEnabler","BaseMod","Colored Map","DeckTracker","Keyboard Shortcuts","Minty Spire (QoL Compilation)","SuperFastMode"],"gold_per_floor":[116,116,116,131,151,151,167,69,121,71,71,102,114,144,156,270,282,310,100,115,130,84,84,104,138,163,163,163,181,208,225,225,326,326,346,699,1698,1698,1256,1256,1256,1256],"floor_reached":41,"language":"KOR","playtime":1948,"items_purged":["Strike_R","Normality"],"score":579,"play_id":"5d77347f-793a-4382-91cc-4a26b10d89e5","local_time":"20210213225209","is_ascension_mode":false,"campfire_choices":[{"data":"Barricade","floor":6.0,"key":"SMITH"},{"data":"Shrug It Off","floor":13,"key":"SMITH"},{"data":"Shrug It Off","floor":15,"key":"SMITH"},{"data":"Armaments","floor":23,"key":"SMITH"},{"data":"Entrench","floor":28,"key":"SMITH"},{"floor":32,"key":"REST"}],"circlet_count":0,"master_deck":["Strike_R","Strike_R","Strike_R","Defend_R","Defend_R","Defend_R","Bash","Barricade+1","Body Slam","Body Slam","Ghostly Armor","Shrug It Off+1","Strike_R","Shrug It Off+1","Entrench+1","Body Slam","Armaments+1","Shrug It Off+1","Ghostly Armor","Double Tap","Metallicize","Normality","Body Slam"],"relics":["Burning Blood","Red Skull","MawBank","Sozu","TheAbacus","Ginger","Toy Ornithopter","Sundial","Anchor","Runic Pyramid","Old Coin","Peace Pipe"],"acts_visited":["Exordium","TheCity","TheBeyond"],"potions_floor_usage":[41,41],"damage_taken":[{"damage":9.0,"enemies":"Cultist","floor":1.0,"turns":5.0},{"damage":3.0,"enemies":"Small Slimes","floor":4.0,"turns":4.0},{"damage":12.0,"enemies":"Jaw Worm","floor":5.0,"turns":4.0},{"damage":9.0,"enemies":"Blue Slaver","floor":7.0,"turns":5.0},{"damage":34,"enemies":"Gremlin Nob","floor":12,"turns":5},{"damage":7,"enemies":"3 Louse","floor":14,"turns":4},{"damage":6,"enemies":"Hexaghost","floor":16,"turns":11},{"damage":20,"enemies":"3 Byrds","floor":18,"turns":7},{"damage":10,"enemies":"Chosen","floor":20,"turns":4},{"damage":9,"enemies":"Centurion and Healer","floor":21,"turns":5},{"damage":27,"enemies":"Snake Plant","floor":24,"turns":4},{"damage":10,"enemies":"Gremlin Leader","floor":25,"turns":5},{"damage":0,"enemies":"Cultist and Chosen","floor":29,"turns":5},{"damage":10,"enemies":"Book of Stabbing","floor":30,"turns":5},{"damage":9,"enemies":"Snecko","floor":31,"turns":5},{"damage":0,"enemies":"Champ","floor":33,"turns":6},{"damage":4,"enemies":"3 Shapes","floor":35,"turns":6},{"damage":41,"enemies":"2 Orb Walkers","floor":36,"turns":5},{"damage":36,"enemies":"Time Eater","floor":41,"turns":5}],"seed_played":"-2199899028147581648","potions_obtained":[{"floor":1.0,"key":"SpeedPotion"},{"floor":5.0,"key":"LiquidBronze"},{"floor":7.0,"key":"SteroidPotion"}],"is_trial":false,"path_per_floor":["M","?","?","M","M","R","M","$","T","?","?","E","R","M","R","B",null,"M","$","M","M","$","R","M","E","T","T","R","M","E","M","R","B",null,"M","?","?","?","$","?","B"],"character_chosen":"IRONCLAD","items_purchased":["Shrug It Off","Entrench","TheAbacus","Armaments","Peace Pipe","Body Slam"],"campfire_rested":1,"item_purchase_floors":[8,19,19,22,39,39],"current_hp_per_floor":[77,82,75,78,72,72,69,69,69,69,69,41,41,40,40,40,85,71,71,67,64,64,64,43,39,39,39,39,45,41,38,63,69,85,85,50,50,50,50,50,24,24],"gold":1256,"neow_bonus":"THREE_RARE_CARDS","is_daily":false,"chose_seed":false,"campfire_upgraded":5,"win_rate":0.0,"timestamp":1613224329,"path_taken":["M","?","?","M","?","R","M","$","T","?","?","E","R","M","R","BOSS","M","$","M","M","$","R","M","E","T","?","R","M","E","M","R","BOSS","M","?","?","?","$","?","BOSS"],"items_purchased_type":["Card","Card","Relic","Card","Relic","Card"],"build_version":"2020-12-22","purchased_purges":2,"victory":false,"max_hp_per_floor":[80,85,85,85,85,85,85,85,85,85,85,85,85,85,85,85,85,85,85,85,85,85,85,85,85,85,85,85,85,85,85,85,85,85,85,85,85,81,81,81,81,81],"card_choices":[{"not_picked":["Corruption","Limit Break"],"picked":"Barricade","floor":0.0},{"not_picked":["Dark Embrace","Reckless Charge"],"picked":"Body Slam","floor":1.0},{"not_picked":["Ghostly Armor","Thunderclap"],"picked":"Body Slam","floor":4.0},{"not_picked":["Havoc","Second Wind"],"picked":"Ghostly Armor","floor":5.0},{"not_picked":["Clothesline","Evolve","Warcry"],"picked":"SKIP","floor":7.0},{"not_picked":["Whirlwind","Anger"],"picked":"Shrug It Off","floor":12},{"not_picked":["Perfected Strike","Limit Break","Havoc"],"picked":"SKIP","floor":14},{"not_picked":["Thunderclap","Wild Strike","Pommel Strike+1"],"picked":"SKIP","floor":18},{"not_picked":["Thunderclap","Hemokinesis","Warcry"],"picked":"SKIP","floor":20},{"not_picked":["Dual Wield+1","Cleave"],"picked":"Body Slam","floor":21},{"not_picked":["Cleave","Carnage+1"],"picked":"Shrug It Off+1","floor":24},{"not_picked":["Searing Blow+1","Burning Pact","Clothesline"],"picked":"SKIP","floor":25},{"not_picked":["Cleave","Intimidate","Whirlwind"],"picked":"SKIP","floor":29},{"not_picked":["Perfected Strike","Anger+1","Dual Wield"],"picked":"SKIP","floor":30},{"not_picked":["Cleave","Clash"],"picked":"Ghostly Armor","floor":31},{"not_picked":["Brutality","Limit Break"],"picked":"Double Tap","floor":33},{"not_picked":["Headbutt+1","Clothesline+1","Shrug It Off"],"picked":"SKIP","floor":35},{"not_picked":["Clothesline+1","Sever Soul+1"],"picked":"Metallicize","floor":36}],"player_experience":166137,"relics_obtained":[{"floor":9.0,"key":"Red Skull"},{"floor":12,"key":"MawBank"},{"floor":25,"key":"Ginger"},{"floor":26,"key":"Toy Ornithopter"},{"floor":27,"key":"Sundial"},{"floor":30,"key":"Anchor"},{"floor":36,"key":"Old Coin"}],"event_choices":[{"damage_healed":0.0,"max_hp_gain":5.0,"max_hp_loss":0.0,"gold_gain":0.0,"event_name":"Big Fish","player_choice":"Donut","floor":2.0,"gold_loss":0.0,"damage_taken":0.0},{"cards_removed":["Decay"],"damage_healed":0.0,"max_hp_gain":0.0,"max_hp_loss":0.0,"gold_gain":0.0,"event_name":"Golden Wing","player_choice":"Card Removal","floor":3.0,"gold_loss":0.0,"damage_taken":7.0},{"cards_removed":["Defend_R"],"damage_healed":0.0,"max_hp_gain":0.0,"max_hp_loss":0.0,"gold_gain":0.0,"event_name":"The Cleric","player_choice":"Card Removal","floor":10.0,"gold_loss":50.0,"damage_taken":0.0},{"cards_removed":["Strike_R"],"damage_healed":0.0,"max_hp_gain":0.0,"max_hp_loss":0.0,"gold_gain":0.0,"event_name":"NoteForYourself","player_choice":"Took Card","floor":11.0,"gold_loss":0.0,"damage_taken":0.0,"cards_obtained":["Strike_R"]},{"damage_healed":0,"gold_gain":0,"player_choice":"Fight","damage_taken":0,"max_hp_gain":0,"max_hp_loss":0,"event_name":"Mysterious Sphere","floor":36,"gold_loss":0},{"damage_healed":0,"gold_gain":999,"player_choice":"Gold","damage_taken":0,"max_hp_gain":0,"max_hp_loss":0,"event_name":"MindBloom","floor":37,"gold_loss":0,"cards_obtained":["Normality","Normality"]},{"damage_healed":0,"gold_gain":0,"player_choice":"Max HP","damage_taken":0,"max_hp_gain":0,"max_hp_loss":4,"event_name":"Winding Halls","floor":38,"gold_loss":0},{"damage_healed":0,"gold_gain":0,"player_choice":"Took Portal","damage_taken":0,"max_hp_gain":0,"max_hp_loss":0,"event_name":"SecretPortal","floor":40,"gold_loss":0}],"is_beta":false,"boss_relics":[{"not_picked":["Fusion Hammer","Velvet Choker"],"picked":"Sozu"},{"not_picked":["Pandora\u0027s Box","Cursed Key"],"picked":"Runic Pyramid"}],"items_purged_floors":[8,39],"is_endless":false,"potions_floor_spawned":[1,5,7,14,21,25,30,36],"killed_by":"Time Eater","ascension_level":0}}