{"host":"lv3zv4svf9qrs9uo","time":1613191265,"event":{"mods":["AchievementEnabler","BaseMod","Minty Spire (QoL Compilation)","Relic Stats"],"gold_per_floor":[118,138,138,138,158,188,202,202,249,283,303,316,344,34,34,131,131,150,150,162,177,190,220,234,234,234],"floor_reached":25,"language":"ENG","playtime":4774,"items_purged":["Iron Wave"],"score":467,"play_id":"7fe9823b-0b5a-4ca4-a4d7-53a4e1e8cc29","local_time":"20210212204105","is_ascension_mode":true,"campfire_choices":[{"data":"Demon Form","floor":8.0,"key":"SMITH"},{"data":"Feel No Pain","floor":15.0,"key":"SMITH"}],"circlet_count":0,"master_deck":["Bash","Intimidate","Bloodletting","Flex","Demon Form+1","Second Wind","Armaments+1","Havoc","Whirlwind+1","Feel No Pain+1","Shrug It Off","Sword Boomerang","True Grit","Feed","True Grit","Shockwave","Sentinel","Dark Shackles","Inflame","Juggernaut","Battle Trance","Fiend Fire"],"relics":["Pandora\u0027s Box","Mummified Hand","MealTicket","Oddly Smooth Stone","Tiny Chest","Velvet Choker","Orichalcum"],"acts_visited":["Exordium","TheCity"],"potions_floor_usage":[23,23,25],"damage_taken":[{"damage":7.0,"enemies":"Jaw Worm","floor":1.0,"turns":3.0},{"damage":7.0,"enemies":"Small Slimes","floor":2.0,"turns":3.0},{"damage":0.0,"enemies":"Cultist","floor":5.0,"turns":4.0},{"damage":10.0,"enemies":"Lagavulin","floor":6.0,"turns":4.0},{"damage":11.0,"enemies":"Exordium Thugs","floor":7.0,"turns":4.0},{"damage":4.0,"enemies":"3 Sentries","floor":10.0,"turns":2.0},{"damage":0.0,"enemies":"3 Louse","floor":11.0,"turns":1.0},{"damage":0.0,"enemies":"Lots of Slimes","floor":12.0,"turns":2.0},{"damage":3.0,"enemies":"Gremlin Nob","floor":13.0,"turns":3.0},{"damage":3.0,"enemies":"Hexaghost","floor":16.0,"turns":6.0},{"damage":0.0,"enemies":"3 Byrds","floor":18.0,"turns":4.0},{"damage":14.0,"enemies":"Chosen","floor":20.0,"turns":5.0},{"damage":16.0,"enemies":"Sentry and Sphere","floor":21.0,"turns":7.0},{"damage":8.0,"enemies":"Shelled Parasite and Fungi","floor":22.0,"turns":5.0},{"damage":44,"enemies":"Slavers","floor":23,"turns":7},{"damage":0,"enemies":"Snake Plant","floor":24,"turns":3},{"damage":3,"enemies":"Centurion and Healer","floor":25,"turns":2}],"seed_played":"-1122113739684219314","potions_obtained":[{"floor":2.0,"key":"Ancient Potion"},{"floor":5.0,"key":"Ancient Potion"},{"floor":6.0,"key":"PowerPotion"},{"floor":10.0,"key":"Block Potion"},{"floor":18.0,"key":"Weak Potion"},{"floor":24,"key":"GamblersBrew"}],"is_trial":false,"path_per_floor":["M","M","?","?","M","E","M","R","T","E","M","M","E","$","R","B",null,"M","?","M","M","M","E","M","M"],"character_chosen":"IRONCLAD","items_purchased":["Sentinel","Dark Shackles","Inflame"],"campfire_rested":0,"item_purchase_floors":[14,14,14],"current_hp_per_floor":[65,58,58,58,58,48,37,37,37,33,33,33,30,45,45,42,71,74,74,64,51,47,3,3,0,0],"gold":234,"neow_bonus":"BOSS_RELIC","is_daily":false,"chose_seed":false,"campfire_upgraded":2,"win_rate":0.0,"timestamp":1613191265,"path_taken":["M","M","?","?","M","E","M","R","T","E","?","M","E","$","R","BOSS","M","?","M","M","M","E","M","M"],"items_purchased_type":["Card","Card","Card"],"build_version":"2020-12-22","purchased_purges":1,"victory":false,"max_hp_per_floor":[80,80,80,80,80,80,80,80,80,80,80,80,80,80,80,80,80,83,83,87,90,94,94,94,94,94],"relic_stats":{"counters":[17,65],"Mummified Hand":[32],"Pandora\u0027s Box":["Intimidate","Bloodletting","Flex","Demon Form","Iron Wave","Second Wind","Armaments","Havoc","Whirlwind"],"MealTicket":15,"Tiny Chest":0,"Orichalcum":[12],"obtain_stats":[{"Mummified Hand":6,"Oddly Smooth Stone":10,"Velvet Choker":17,"Pandora\u0027s Box":0,"MealTicket":9,"Tiny Chest":13,"Orichalcum":23,"Burning Blood":0},{"Mummified Hand":4,"Oddly Smooth Stone":6,"Velvet Choker":10,"Pandora\u0027s Box":0,"MealTicket":5,"Tiny Chest":9,"Orichalcum":15,"Burning Blood":0},{"Mummified Hand":14,"Oddly Smooth Stone":20,"Velvet Choker":32,"Pandora\u0027s Box":0,"MealTicket":18,"Tiny Chest":26,"Orichalcum":60,"Burning Blood":0}]},"card_choices":[{"not_picked":["Body Slam","Clash"],"picked":"Feel No Pain","floor":1.0},{"not_picked":["Clash","Wild Strike"],"picked":"Shrug It Off","floor":2.0},{"not_picked":["Rage","Feel No Pain"],"picked":"Sword Boomerang","floor":5.0},{"not_picked":["Wild Strike","Whirlwind"],"picked":"True Grit","floor":6.0},{"not_picked":["Warcry","Reckless Charge"],"picked":"Feed","floor":7.0},{"not_picked":["Headbutt","Heavy Blade"],"picked":"True Grit","floor":10.0},{"not_picked":["Infernal Blade","Wild Strike","Thunderclap"],"picked":"SKIP","floor":11.0},{"not_picked":["Body Slam","True Grit","Entrench"],"picked":"SKIP","floor":12.0},{"not_picked":["Demon Form","Intimidate"],"picked":"Shockwave","floor":13.0},{"not_picked":["Brutality","Feed"],"picked":"Juggernaut","floor":16.0},{"not_picked":["Cleave","Pommel Strike","Anger"],"picked":"SKIP","floor":18.0},{"not_picked":["Wild Strike","Armaments","Hemokinesis"],"picked":"SKIP","floor":20.0},{"not_picked":["Clothesline+1","Iron Wave"],"picked":"Fiend Fire","floor":21.0},{"not_picked":["Sword Boomerang","Sentinel","Perfected Strike"],"picked":"SKIP","floor":22.0},{"not_picked":["Iron Wave","Dropkick+1","Combust+1"],"picked":"SKIP","floor":23},{"not_picked":["Cleave","Entrench","Wild Strike"],"picked":"SKIP","floor":24}],"player_experience":579671,"relics_obtained":[{"floor":6.0,"key":"Mummified Hand"},{"floor":9.0,"key":"MealTicket"},{"floor":10.0,"key":"Oddly Smooth Stone"},{"floor":13.0,"key":"Tiny Chest"},{"floor":23,"key":"Orichalcum"}],"event_choices":[{"damage_healed":0.0,"max_hp_gain":0.0,"max_hp_loss":0.0,"gold_gain":0.0,"event_name":"Living Wall","player_choice":"Grow","floor":3.0,"gold_loss":0.0,"damage_taken":0.0,"cards_upgraded":["Armaments"]},{"damage_healed":0.0,"max_hp_gain":0.0,"max_hp_loss":0.0,"gold_gain":0.0,"event_name":"Upgrade Shrine","player_choice":"Upgraded","floor":4.0,"gold_loss":0.0,"damage_taken":0.0,"cards_upgraded":["Whirlwind"]},{"damage_healed":0.0,"max_hp_gain":0.0,"max_hp_loss":0.0,"gold_gain":0.0,"event_name":"The Library","player_choice":"Read","floor":19.0,"gold_loss":0.0,"damage_taken":0.0,"cards_obtained":["Battle Trance"]}],"is_beta":false,"boss_relics":[{"not_picked":["Black Star","Runic Cube"],"picked":"Velvet Choker"}],"items_purged_floors":[14],"is_endless":false,"potions_floor_spawned":[2,5,6,10,18,24],"killed_by":"Centurion and Healer","ascension_level":9}}