{"host":"67z713vnjolu4670","time":1613226356,"event":{"mods":["Act Like it!","BaseMod","BetterRewards","Colored Map","Colored Powertips","Downfall","Gensokyo","Minty Spire (QoL Compilation)","Quick Restart","Rare Cards Sparkle","Replay The Spire","StSLib","The Jungle","WarShipGirlsR/’ΩΩ¢…Ÿ≈ÆR mod"],"gold_per_floor":[113,127,27,46,62,95,108,108,108,124,124,157,173,185,185,288,288,304,314,331,349,349,349],"floor_reached":22,"language":"ZHS","playtime":2490,"items_purged":["rmod:strick","rmod:defend"],"score":304,"play_id":"7e902189-b150-437b-990b-1646c536856e","local_time":"20210213222556","is_ascension_mode":false,"campfire_choices":[{"data":"rmod:diamondstrike","floor":8.0,"key":"SMITH"},{"floor":11.0,"key":"REST"},{"floor":15.0,"key":"REST"}],"circlet_count":0,"master_deck":["rmod:strick","rmod:strick","rmod:defend","rmod:defend","rmod:basicallowance","rmod:maingunfire","rmod:chargemoney","rmod:ammunitionsupply","rmod:diamondstrike+1","rmod:steelsupply","rmod:circuitoustactics","rmod:aluminumsupply","rmod:abidefaith","rmod:firesupport","rmod:timeschanged","rmod:victimresponsibility","rmod:windflower","rmod:selfconfidence","rmod:fuelsupply","rmod:ridicule","rmod:wife"],"relics":["rmod:firstchargereward","Anchor","Ornamental Fan","Mirror","Replay:Grab Bag","Sozu","Philosopher\u0027s Stone","Empty Cage"],"acts_visited":["Gensokyo:Gensokyo","Gensokyo:Gensokyoer"],"potions_floor_usage":[],"damage_taken":[{"damage":9.0,"enemies":"Gensokyo:3_Fairies","floor":1.0,"turns":5.0},{"damage":10.0,"enemies":"Gensokyo:Gryphon","floor":2.0,"turns":3.0},{"damage":0.0,"enemies":"Gensokyo:Python","floor":4.0,"turns":2.0},{"damage":4.0,"enemies":"Gensokyo:3_Kodama","floor":5.0,"turns":4.0},{"damage":18.0,"enemies":"Gensokyo:Mamizou","floor":6.0,"turns":5.0},{"damage":5.0,"enemies":"Gensokyo:5_Fairies","floor":7.0,"turns":7.0},{"damage":7.0,"enemies":"Gensokyo:Python_and_Kodama","floor":10.0,"turns":4.0},{"damage":29.0,"enemies":"Gensokyo:Cirno","floor":12.0,"turns":8.0},{"damage":0.0,"enemies":"Gensokyo:Kitsune","floor":13.0,"turns":3.0},{"damage":1.0,"enemies":"Gensokyo:2_Rabbits","floor":14.0,"turns":3.0},{"damage":11.0,"enemies":"Gensokyo:Reimu","floor":16.0,"turns":8.0},{"damage":19.0,"enemies":"Gensokyo:2_Gloops","floor":18.0,"turns":5.0},{"damage":0.0,"enemies":"Gensokyo:3_Dogs","floor":19.0,"turns":3.0},{"damage":31.0,"enemies":"Gensokyo:3_Gloops","floor":20.0,"turns":5.0},{"damage":15.0,"enemies":"Gensokyo:Mirror_and_Dog","floor":21.0,"turns":5.0},{"damage":13,"enemies":"Gensokyo:Wraith","floor":22,"turns":2}],"seed_played":"-7845988844243821024","potions_obtained":[{"floor":1.0,"key":"champ:CounterPotion"},{"floor":4.0,"key":"Fire Potion"},{"floor":6.0,"key":"LifebloodPotion"},{"floor":12.0,"key":"Adrenaline Potion"},{"floor":16.0,"key":"Swift Potion"}],"is_trial":false,"path_per_floor":["M","M","$","M","M","E","M","R","T","M","R","E","M","M","R","B",null,"M","M","M","M","M"],"character_chosen":"PRAEFECT","items_purchased":["rmod:chargemoney","rmod:ammunitionsupply"],"campfire_rested":2,"item_purchase_floors":[0,0],"current_hp_per_floor":[61,51,51,51,47,29,24,24,24,17,39,10,10,9,31,20,75,56,56,25,10,0,0],"gold":349,"neow_bonus":"","is_daily":false,"chose_seed":false,"campfire_upgraded":1,"win_rate":0.0,"timestamp":1613226356,"path_taken":["M","M","?","M","M","E","M","R","T","M","R","E","M","M","R","BOSS","M","M","M","M","M"],"items_purchased_type":["Card","Card"],"build_version":"2020-12-22","purchased_purges":2,"victory":false,"max_hp_per_floor":[75,75,75,75,75,75,75,75,75,75,75,75,75,75,75,75,75,75,75,75,75,75,75],"card_choices":[{"not_picked":["rmod:circuitoustactics","rmod:salvage"],"picked":"rmod:diamondstrike","floor":1.0},{"not_picked":["rmod:luckystar","rmod:circuitoustactics"],"picked":"rmod:steelsupply","floor":2.0},{"not_picked":["rmod:ammunitionsupply","rmod:fletcherpendant"],"picked":"rmod:circuitoustactics","floor":4.0},{"not_picked":["rmod:salvage","rmod:diamondstrike"],"picked":"rmod:aluminumsupply","floor":5.0},{"not_picked":["rmod:fletcherpendant","rmod:ammunitionsupply"],"picked":"rmod:abidefaith","floor":6.0},{"not_picked":["rmod:aviationdawn","rmod:supportescort"],"picked":"rmod:firesupport","floor":7.0},{"not_picked":["rmod:supportescort","rmod:punchline","rmod:victimresponsibility"],"picked":"SKIP","floor":10.0},{"not_picked":["rmod:slowdown","rmod:ammunitionsupply"],"picked":"rmod:timeschanged","floor":12.0},{"not_picked":["rmod:circuitoustactics","rmod:spoils","rmod:goodsister"],"picked":"SKIP","floor":13.0},{"not_picked":["rmod:launchingtorpedo","rmod:tearstotiara"],"picked":"rmod:victimresponsibility","floor":14.0},{"not_picked":["rmod:acesubmarine","rmod:seals"],"picked":"rmod:windflower","floor":16.0},{"not_picked":["rmod:diamondstrike","rmod:aviationdawn"],"picked":"rmod:selfconfidence","floor":18.0},{"not_picked":["rmod:slowdown+1","rmod:diamondstrike"],"picked":"rmod:fuelsupply","floor":19.0},{"not_picked":["rmod:luckystar","rmod:aviationdawn"],"picked":"rmod:ridicule","floor":20.0},{"not_picked":["rmod:steelsupply","rmod:victimresponsibility"],"picked":"rmod:wife","floor":21.0}],"player_experience":7485,"relics_obtained":[{"floor":6.0,"key":"Anchor"},{"floor":9.0,"key":"Ornamental Fan"},{"floor":12.0,"key":"Mirror"}],"event_choices":[],"is_beta":false,"boss_relics":[{"not_picked":["Coffee Dripper","Ring of Chaos"],"picked":"Replay:Grab Bag"},{"not_picked":["Cursed Key","ChewingGum"],"picked":"Sozu"},{"not_picked":["Fusion Hammer","Runic Dome"],"picked":"Philosopher\u0027s Stone"},{"not_picked":["Snecko Eye","SacredBark"],"picked":"Empty Cage"}],"items_purged_floors":[0,3],"is_endless":false,"potions_floor_spawned":[1,4,6,12,16],"killed_by":"Gensokyo:Wraith","ascension_level":0}}