{"host":"1stlzvh7atuy33yh","time":1613185774,"event":{"mods":["BaseMod","Colored Map","Colored Powertips","Downfall","Friendly Minions","Minty Spire (QoL Compilation)","StSLib","The Mystic"],"gold_per_floor":[114,134,14,29,46,80,80,97,97,112,132,232,245,259,259,356,356,373,393,407,407,89,89,99,314,337,337,337,357,3,14,14,14,14],"floor_reached":33,"language":"ENG","playtime":3672,"items_purged":["mysticmod:Defend_Mystic","mysticmod:Strike_Mystic","mysticmod:Strike_Mystic"],"score":255,"play_id":"dffd7a1c-7753-4383-abb5-23657ed0cca2","local_time":"20210212220934","is_ascension_mode":false,"campfire_choices":[{"data":"mysticmod:StyleChange","floor":7,"key":"SMITH"},{"floor":15,"key":"REST"},{"floor":23,"key":"REST"},{"floor":28,"key":"REST"},{"floor":32,"key":"REST"}],"circlet_count":0,"master_deck":["mysticmod:Strike_Mystic","mysticmod:Strike_Mystic","mysticmod:Defend_Mystic","mysticmod:Defend_Mystic","mysticmod:Defend_Mystic","mysticmod:ArcaneDodge","mysticmod:ShockingGrasp","mysticmod:Sideswipe","mysticmod:ChargedParry","mysticmod:PowerSlash","mysticmod:StyleChange+1","mysticmod:Riposte","mysticmod:Probe","mysticmod:MightyMagic","mysticmod:Shield","mysticmod:Disintegrate","mysticmod:HunkerDown","mysticmod:KnowledgePool","mysticmod:CorrosiveTouch","mysticmod:CureLightWounds","mysticmod:Snowball","mysticmod:MagicMissile","mysticmod:SuddenClarity","mysticmod:Fireball"],"relics":["mysticmod:SpellBook","Anchor","Bottled Flame","SacredBark","Old Coin","Bronze Scales","mysticmod:BentSpoon"],"acts_visited":["Exordium","TheCity"],"potions_floor_usage":[6,16,16,16,16,16,16,20,31,33,33],"damage_taken":[{"damage":0,"enemies":"Cultist","floor":1,"turns":3},{"damage":0,"enemies":"Jaw Worm","floor":2,"turns":2},{"damage":0,"enemies":"2 Louse","floor":4,"turns":1},{"damage":0,"enemies":"Looter","floor":5,"turns":3},{"damage":32,"enemies":"3 Sentries","floor":6,"turns":12},{"damage":0,"enemies":"3 Louse","floor":8,"turns":2},{"damage":0,"enemies":"Large Slime","floor":10,"turns":3},{"damage":14,"enemies":"Exordium Wildlife","floor":11,"turns":5},{"damage":0,"enemies":"Exordium Thugs","floor":13,"turns":3},{"damage":0,"enemies":"Lots of Slimes","floor":14,"turns":3},{"damage":41,"enemies":"Slime Boss","floor":16,"turns":9},{"damage":7,"enemies":"Shell Parasite","floor":18,"turns":7},{"damage":5,"enemies":"3 Byrds","floor":19,"turns":7},{"damage":54,"enemies":"Cultist and Chosen","floor":20,"turns":8},{"damage":40,"enemies":"Chosen and Byrds","floor":24,"turns":9},{"damage":25,"enemies":"Centurion and Healer","floor":29,"turns":4},{"damage":6,"enemies":"Snecko","floor":31,"turns":5},{"damage":134,"enemies":"Collector","floor":33,"turns":13}],"seed_played":"-2781569041322982143","potions_obtained":[{"floor":1,"key":"BlessingOfTheForge"},{"floor":4,"key":"DistilledChaos"},{"floor":8,"key":"EntropicBrew"},{"floor":13,"key":"sneckomod:MuddlingPotion"},{"floor":16,"key":"mysticmod:EssenceOfMagic"},{"floor":20,"key":"DuplicationPotion"},{"floor":31,"key":"SkillPotion"}],"is_trial":false,"path_per_floor":["M","M","$","M","M","E","R","M","T","M","M","?","M","M","R","B",null,"M","M","M","?","$","R","M","?","T","?","R","M","$","M","R","B"],"character_chosen":"MYSTIC_CLASS","items_purchased":["mysticmod:PowerSlash","mysticmod:MagicMissile","FairyPotion","ColorlessPotion","mysticmod:BentSpoon","mysticmod:Fireball"],"campfire_rested":4,"item_purchase_floors":[3,22,22,22,30,30],"current_hp_per_floor":[77,77,77,77,77,45,45,45,45,45,31,31,31,31,54,13,77,70,65,14,39,39,62,25,25,25,25,48,26,26,23,46,0,0],"gold":14,"neow_bonus":"RANDOM_COMMON_RELIC","is_daily":false,"chose_seed":false,"campfire_upgraded":1,"win_rate":0.0,"timestamp":1613185774,"path_taken":["M","M","?","M","?","E","R","M","T","M","M","?","M","M","R","BOSS","M","?","M","?","$","R","M","?","T","?","R","M","$","M","R","BOSS"],"items_purchased_type":["Card","Card","Potion","Potion","Relic","Card"],"build_version":"2020-12-22","purchased_purges":3,"victory":false,"max_hp_per_floor":[77,77,77,77,77,77,77,77,77,77,77,77,77,77,77,77,77,77,77,77,77,77,77,77,77,77,77,77,77,77,77,77,77,77],"card_choices":[{"not_picked":["mysticmod:Grease","mysticmod:PureInstinct"],"picked":"mysticmod:Sideswipe","floor":1},{"not_picked":["mysticmod:Disengage","mysticmod:Grease"],"picked":"mysticmod:ChargedParry","floor":2},{"not_picked":["mysticmod:ComponentsPouch","mysticmod:Alacrity"],"picked":"mysticmod:StyleChange","floor":4},{"not_picked":["mysticmod:Sideswipe","mysticmod:BulkUp"],"picked":"mysticmod:Riposte","floor":5},{"not_picked":["mysticmod:Fly","mysticmod:Daze"],"picked":"mysticmod:Probe","floor":6},{"not_picked":["mysticmod:Feint","mysticmod:SuddenClarity"],"picked":"mysticmod:MightyMagic","floor":8},{"not_picked":["mysticmod:BulkUp","mysticmod:PunishingArmor"],"picked":"mysticmod:Shield","floor":10},{"not_picked":["mysticmod:PowerSlash","mysticmod:BulkUp"],"picked":"mysticmod:Disintegrate","floor":11},{"not_picked":["mysticmod:EnergizedRift","mysticmod:Daze"],"picked":"mysticmod:HunkerDown","floor":13},{"not_picked":["mysticmod:BladeMaster","mysticmod:ComponentsPouch","mysticmod:PreparedCaster"],"picked":"SKIP","floor":14},{"not_picked":["mysticmod:ObscuringMist","mysticmod:Lunge"],"picked":"mysticmod:KnowledgePool","floor":16},{"not_picked":["mysticmod:DiviningBlow+1","mysticmod:EarthenWall"],"picked":"mysticmod:CorrosiveTouch","floor":18},{"not_picked":["mysticmod:Daze","mysticmod:Riposte+1"],"picked":"mysticmod:CureLightWounds","floor":19},{"not_picked":["mysticmod:Daze","mysticmod:FiveFootStep"],"picked":"mysticmod:Snowball","floor":20},{"not_picked":["mysticmod:PreparedCaster","mysticmod:VorpalThrust","mysticmod:Snowball"],"picked":"SKIP","floor":24},{"not_picked":["mysticmod:PunishingArmor","mysticmod:CorrosiveTouch+1"],"picked":"mysticmod:SuddenClarity","floor":29},{"not_picked":["mysticmod:ArcaneAccuracy","mysticmod:PunishingArmor","mysticmod:FiveFootStep"],"picked":"SKIP","floor":31}],"player_experience":101828,"relics_obtained":[{"floor":6,"key":"Bottled Flame"},{"floor":26,"key":"Bronze Scales"}],"event_choices":[{"damage_healed":0,"gold_gain":100,"player_choice":"Gold","damage_taken":0,"max_hp_gain":0,"max_hp_loss":0,"event_name":"Wheel of Change","floor":12,"gold_loss":0},{"damage_healed":25,"gold_gain":0,"player_choice":"Heal","damage_taken":0,"max_hp_gain":0,"max_hp_loss":0,"event_name":"The Library","floor":21,"gold_loss":0},{"damage_healed":0,"gold_gain":0,"player_choice":"Obtained Relic","damage_taken":0,"relics_obtained":["Old Coin"],"max_hp_gain":0,"max_hp_loss":0,"event_name":"Addict","floor":25,"gold_loss":85},{"damage_healed":0,"gold_gain":0,"player_choice":"Ignored","damage_taken":0,"max_hp_gain":0,"max_hp_loss":0,"event_name":"Vampires","floor":27,"gold_loss":0}],"is_beta":false,"boss_relics":[{"not_picked":["Sozu","Calling Bell"],"picked":"SacredBark"}],"items_purged_floors":[3,22,30],"is_endless":false,"potions_floor_spawned":[1,4,8,13,14,16,20,31],"killed_by":"Collector","ascension_level":0}}