{"host":"y4mx56vxqys6xwyn","time":1613251999,"event":{"mods":["BaseMod","Hermit","Minty Spire (QoL Compilation)","StSLib"],"gold_per_floor":[110,18,18,30,30,30,30,46,46,46,46,62,62,237,237,338,338,353,353,338,338,357,357,377,377,377,407,70,70,70,89,89,188,188,205,205,225,225,225],"floor_reached":38,"language":"ENG","playtime":2554,"items_purged":["Doubt"],"score":382,"play_id":"3c55421a-5e44-4682-96fc-f5732f935449","local_time":"20210213153319","is_ascension_mode":false,"campfire_choices":[{"data":"Anger","floor":6,"key":"SMITH"},{"data":"Anger","floor":11,"key":"SMITH"},{"floor":15,"key":"REST"},{"floor":23,"key":"REST"},{"floor":25,"key":"REST"},{"floor":29,"key":"REST"},{"data":"RitualDagger","floor":32,"key":"SMITH"}],"circlet_count":0,"master_deck":["Strike_R+1","Strike_R+1","Strike_R+1","Defend_R+1","Bash","Demon Form+1","Brutality+1","Warcry","Ghostly Armor","Searing Blow","Anger+1","Anger+1","Inflame","Bloodletting","Impervious","Anger+1","Battle Trance+1","RitualDagger+1","Spot Weakness+1","Clash","Blood for Blood+1","Chrysalis","Swift Strike","Fiend Fire","Reaper","Entrench+1","Pommel Strike"],"relics":["Astrolabe","Kunai","CaptainsWheel","Lantern","SacredBark","Omamori","Toy Ornithopter","White Beast Statue","Busted Crown"],"acts_visited":["Exordium","TheCity","TheBeyond"],"potions_floor_usage":[16,31,31,33,37],"damage_taken":[{"damage":6,"enemies":"Small Slimes","floor":1,"turns":4},{"damage":3,"enemies":"Cultist","floor":4,"turns":4},{"damage":3,"enemies":"Jaw Worm","floor":8,"turns":3},{"damage":2,"enemies":"2 Fungi Beasts","floor":12,"turns":3},{"damage":19,"enemies":"Slime Boss","floor":16,"turns":6},{"damage":13,"enemies":"Spheric Guardian","floor":18,"turns":4},{"damage":26,"enemies":"2 Thieves","floor":20,"turns":4},{"damage":28,"enemies":"Centurion and Healer","floor":22,"turns":5},{"damage":19,"enemies":"Cultist and Chosen","floor":24,"turns":6},{"damage":27,"enemies":"Book of Stabbing","floor":27,"turns":5},{"damage":30,"enemies":"Snake Plant","floor":31,"turns":3},{"damage":35,"enemies":"Automaton","floor":33,"turns":6},{"damage":26,"enemies":"3 Darklings","floor":35,"turns":5},{"damage":34,"enemies":"Orb Walker","floor":37,"turns":4}],"seed_played":"2623964943321288778","potions_obtained":[{"floor":4,"key":"AttackPotion"},{"floor":16,"key":"BlessingOfTheForge"},{"floor":18,"key":"DuplicationPotion"},{"floor":31,"key":"BloodPotion"},{"floor":33,"key":"EntropicBrew"},{"floor":35,"key":"DuplicationPotion"},{"floor":37,"key":"LiquidMemories"}],"is_trial":false,"path_per_floor":["M","$","?","M","?","R","?","M","T","?","R","M","T","?","R","B",null,"M","?","M","?","M","R","M","R","T","E","$","R","?","M","R","B",null,"M","?","M","M"],"character_chosen":"IRONCLAD","items_purchased":["Ghostly Armor","Explosive Potion","Chrysalis","Swift Strike"],"campfire_rested":4,"item_purchase_floors":[2,2,28,28],"current_hp_per_floor":[74,74,74,71,46,46,39,36,36,36,36,34,34,34,58,39,80,67,67,41,35,7,31,12,36,36,9,9,33,33,45,45,15,80,64,80,46,0,0],"gold":225,"neow_bonus":"BOSS_RELIC","is_daily":false,"chose_seed":false,"campfire_upgraded":3,"win_rate":0.0,"timestamp":1613251999,"path_taken":["M","$","?","M","?","R","?","M","T","?","R","?","?","?","R","BOSS","M","?","?","?","M","R","M","R","T","E","$","R","?","M","R","BOSS","M","?","M","M"],"items_purchased_type":["Card","Potion","Card","Card"],"build_version":"2020-12-22","purchased_purges":1,"victory":false,"max_hp_per_floor":[80,80,80,80,80,80,80,80,80,80,80,80,80,80,80,80,80,80,80,80,80,80,80,80,80,80,80,80,80,80,80,80,80,80,80,80,80,80,80],"card_choices":[{"not_picked":["Thunderclap","Body Slam"],"picked":"Warcry","floor":1},{"not_picked":["Second Wind","Body Slam"],"picked":"Anger","floor":4},{"not_picked":["Reckless Charge","Disarm"],"picked":"Anger","floor":8},{"not_picked":["Flame Barrier","Armaments"],"picked":"Bloodletting","floor":12},{"not_picked":["Offering","Bludgeon"],"picked":"Impervious","floor":16},{"not_picked":["Twin Strike+1","Pummel"],"picked":"Anger+1","floor":18},{"not_picked":["Dark Embrace","True Grit"],"picked":"Battle Trance+1","floor":20},{"not_picked":["Perfected Strike+1","Thunderclap"],"picked":"Spot Weakness+1","floor":22},{"not_picked":["Rampage","Rupture+1"],"picked":"Clash","floor":24},{"not_picked":["Twin Strike+1","Shrug It Off"],"picked":"Blood for Blood+1","floor":27},{"not_picked":["Heavy Blade","Clash"],"picked":"Fiend Fire","floor":31},{"not_picked":["Bludgeon","Brutality"],"picked":"Reaper","floor":33},{"not_picked":[],"picked":"Entrench+1","floor":35},{"not_picked":[],"picked":"Pommel Strike","floor":37}],"player_experience":21170,"relics_obtained":[{"floor":9,"key":"CaptainsWheel"},{"floor":13,"key":"Lantern"},{"floor":26,"key":"Toy Ornithopter"},{"floor":27,"key":"White Beast Statue"}],"event_choices":[{"damage_healed":0,"gold_gain":0,"cards_transformed":["Strike_R"],"player_choice":"Change","damage_taken":0,"max_hp_gain":0,"max_hp_loss":0,"event_name":"Living Wall","floor":3,"gold_loss":0,"cards_obtained":["Searing Blow"]},{"damage_healed":0,"gold_gain":0,"player_choice":"Success","damage_taken":25,"relics_obtained":["Kunai"],"max_hp_gain":0,"max_hp_loss":0,"event_name":"Scrap Ooze","floor":5,"gold_loss":0},{"cards_removed":["Feel No Pain"],"damage_healed":0,"gold_gain":0,"player_choice":"Card Removal","damage_taken":7,"max_hp_gain":0,"max_hp_loss":0,"event_name":"Golden Wing","floor":7,"gold_loss":0},{"damage_healed":0,"gold_gain":0,"cards_transformed":["Defend_R"],"player_choice":"Transformed","damage_taken":0,"max_hp_gain":0,"max_hp_loss":0,"event_name":"Transmorgrifier","floor":10,"gold_loss":0,"cards_obtained":["Inflame"]},{"damage_healed":0,"gold_gain":175,"player_choice":"AGREE","damage_taken":0,"max_hp_gain":0,"max_hp_loss":0,"event_name":"Liars Game","floor":14,"gold_loss":0,"cards_obtained":["Doubt"]},{"damage_healed":0,"gold_gain":0,"player_choice":"Gave Potion","damage_taken":0,"relics_obtained":["Omamori"],"max_hp_gain":0,"max_hp_loss":0,"event_name":"WeMeetAgain","floor":19,"gold_loss":0},{"damage_healed":0,"gold_gain":0,"player_choice":"Joined the Cult","damage_taken":6,"max_hp_gain":0,"max_hp_loss":0,"event_name":"Nest","floor":21,"gold_loss":0,"cards_obtained":["RitualDagger"]},{"damage_healed":0,"gold_gain":0,"player_choice":"Simplicity","damage_taken":0,"max_hp_gain":0,"max_hp_loss":0,"event_name":"Back to Basics","floor":30,"gold_loss":0,"cards_upgraded":["Strike_R","Strike_R","Strike_R","Defend_R"]},{"damage_healed":20,"gold_gain":0,"player_choice":"Writhe","damage_taken":0,"max_hp_gain":0,"max_hp_loss":0,"event_name":"Winding Halls","floor":36,"gold_loss":0,"cards_obtained":["Writhe"]}],"is_beta":false,"boss_relics":[{"not_picked":["Velvet Choker","Runic Dome"],"picked":"SacredBark"},{"not_picked":["SlaversCollar","Runic Cube"],"picked":"Busted Crown"}],"items_purged_floors":[28],"is_endless":false,"potions_floor_spawned":[4,16,18,31,33,35,37],"killed_by":"4 Shapes","ascension_level":0}}