{"host":"g1qzxxy7a24sg3a3","time":1613201023,"event":{"mods":["ATMod(阿瑾Mod)","Act Like it!","Arknights","BaseMod","Conspire","Custom Start","Gensokyo","GungeonMod","Hallownest","Lobotomy","LobotomyExtend","Minty Spire (QoL Compilation)","MostiFishMod","Pale of the Ancients","Reliquary","Replay The Spire","SOS（斯巴达之子）","Shop Mod","Spicy Shops","StSLib","TestMod","The Administrix","The Bug Knight","Waifu the Spire","WarShipGirlsR/战舰少女R mod","[IsaacMod]以撒尖塔","【遗物卡牌】REMEMod","残留之物"],"gold_per_floor":[111,128,143,155,155,155,184,184,210,210,210],"floor_reached":10,"language":"ZHS","playtime":405,"items_purged":[],"score":82,"play_id":"71140dd1-3e59-42aa-a84c-03e2f65c52bc","local_time":"20210213152343","is_ascension_mode":true,"campfire_choices":[{"data":"Berserk","floor":6,"key":"SMITH"},{"data":"Limit Break","floor":8,"key":"SMITH"}],"circlet_count":0,"master_deck":["Strike_R","Strike_R","Strike_R","Strike_R","Strike_R","Defend_R","Defend_R","Defend_R","Defend_R","Bash","AT_FamilyPortrait","Berserk+1","GreedKing","Scorched","Limit Break+1","CrumblingArmor"],"relics":["Burning Blood","AT_ATBox","DaveBox","testmod-TestBox","REME_ComplimentaryCards","HushsDoor","Brimstone","testmod-Hope","Chaos","CogitoBucket","SynthV:TestCard","LetterFromLob","HollowDreamFlower"],"acts_visited":["Exordium"],"potions_floor_usage":[],"damage_taken":[{"damage":7,"enemies":"Cultist","floor":1,"turns":3},{"damage":1,"enemies":"conspire:RoseBush","floor":2,"turns":6},{"damage":9,"enemies":"ats:Genji","floor":3,"turns":2},{"damage":6,"enemies":"Exordium Wildlife","floor":4,"turns":3},{"damage":45,"enemies":"Lagavulin","floor":7,"turns":4},{"damage":47,"enemies":"HollowMod:MossKnight","floor":10,"turns":5}],"seed_played":"-1552166493010083105","potions_obtained":[{"floor":4,"key":"Elixir"},{"floor":7,"key":"Block Potion"}],"is_trial":false,"path_per_floor":["M","M","M","M","?","R","E","R","T","E"],"character_chosen":"IRONCLAD","items_purchased":[],"campfire_rested":0,"item_purchase_floors":[],"current_hp_per_floor":[79,80,77,77,77,77,38,38,38,0,0],"gold":210,"neow_bonus":"","is_daily":false,"chose_seed":false,"campfire_upgraded":2,"win_rate":0.0,"timestamp":1613201023,"path_taken":["M","M","M","?","?","R","E","R","T","E"],"items_purchased_type":[],"build_version":"2020-12-22","purchased_purges":0,"victory":false,"max_hp_per_floor":[80,80,80,80,80,80,80,80,80,80,80],"card_choices":[{"not_picked":["Scorched","Wellcheers","OSAHOGD"],"picked":"Singing Bowl","floor":1},{"not_picked":["Rupture","DemoMod:WhiteBlade","Defy Death"],"picked":"SKIP","floor":1},{"not_picked":["UniverseFragment","OldLady","VoidDream"],"picked":"Singing Bowl","floor":2},{"not_picked":["Iron Wave","Run Through","Second Wind","Shrug It Off","Flame Barrier"],"picked":"SKIP","floor":2},{"not_picked":["Funeral","SnowQueen"],"picked":"GreedKing","floor":3},{"not_picked":["Reckless Charge","Clothesline","Shrug It Off","Iron Wave","Wild Strike"],"picked":"SKIP","floor":3},{"not_picked":["Murderer","PunishingBird"],"picked":"Scorched","floor":4},{"not_picked":["Body Slam","Anger","Warcry","REME_Scribble","Shrug It Off"],"picked":"SKIP","floor":4},{"not_picked":["Warcry","Clash","Body Slam","Sword Boomerang"],"picked":"Limit Break","floor":7},{"not_picked":["VoidDream","ShyLook"],"picked":"CrumblingArmor","floor":7}],"player_experience":94635,"relics_obtained":[{"floor":1,"key":"SynthV:TestCard"},{"floor":1,"key":"LetterFromLob"},{"floor":7,"key":"HollowDreamFlower"}],"event_choices":[],"is_beta":false,"boss_relics":[],"items_purged_floors":[],"is_endless":false,"potions_floor_spawned":[4,7],"killed_by":"HollowMod:MossKnight","ascension_level":4}}