{"host":"z8galgznf6llawpn","time":1613185799,"event":{"mods":["AchievementEnabler","Act Like it!","BaseMod","Colored Map","Downfall","Friendly Minions","Minty Spire (QoL Compilation)","Permanent Neow","StSLib","Unceasing Turn Reminder"],"gold_per_floor":[99,109,125,138,138,138,164,46,60,60,74,101,251,6,19,120,120,20,38,49,62,74,74,100,125,10,28,53,53,64,64,78,183,183,183,195,215,221,247,247,247,266,280,305,332,351,382,233,243,243],"floor_reached":51,"language":"ENG","playtime":4206,"items_purged":["Pain","downfall:Icky","champ:IronFortress"],"score":858,"play_id":"f03aab7a-3117-4118-b25e-425ba3d48a11","local_time":"20210212220959","is_ascension_mode":false,"campfire_choices":[{"data":"champ:Taunt","floor":1.0,"key":"SMITH"},{"data":"champ:EndlessRage","floor":6,"key":"SMITH"},{"data":"champ:StrikeOfGenius","floor":18,"key":"SMITH"},{"data":"champ:Improvising","floor":35,"key":"SMITH"}],"circlet_count":0,"master_deck":["champ:Strike","champ:Strike","champ:Strike","champ:Strike","champ:Defend+1","champ:Defend","champ:Defend+1","champ:Execute","champ:Taunt+1","champ:PreciseThrust","champ:AdrenalArmor","champ:EndlessRage+1","champ:VampiricStrike","champ:GutPunch","champ:Shatter","champ:RapidStrikes","champ:ArenaPreparation","champ:FocusedBerserking","champ:StrikeOfGenius+1","champ:AdrenalArmor+1","champ:TripleStrike","champ:StrikeOfGenius+1","champ:Improvising+1","champ:PerfectedStrike","champ:EnragedBash","champ:Improvising","champ:UltimateStance","champ:PerfectedStrike","champ:Duel"],"relics":["champ:ChampionCrown","Mango","Bronze Scales","WarpedTongs","WingedGreaves","Frozen Eye","SacredBark","downfall:HeartBlessingGreen","Enchiridion","Akabeko","StoneCalendar","sneckomod:BabySnecko","Philosopher\u0027s Stone","Omamori","Bottled Lightning","Centennial Puzzle","Nunchaku","StrikeDummy","Strange Spoon"],"acts_visited":["Exordium","TheCity","TheBeyond"],"potions_floor_usage":[25,37],"damage_taken":[{"damage":16.0,"enemies":"2 Louse","floor":2.0,"turns":3.0},{"damage":20.0,"enemies":"Cultist","floor":3.0,"turns":4.0},{"damage":20.0,"enemies":"Small Slimes","floor":4.0,"turns":4.0},{"damage":30,"enemies":"downfall:FleeingMerchant","floor":8,"turns":4},{"damage":4,"enemies":"Red Slaver","floor":9,"turns":2},{"damage":0,"enemies":"3 Louse","floor":11,"turns":3},{"damage":50,"enemies":"Lagavulin","floor":12,"turns":7},{"damage":38,"enemies":"downfall:FleeingMerchant","floor":14,"turns":4},{"damage":31,"enemies":"Large Slime","floor":15,"turns":4},{"damage":59,"enemies":"IC_STATUS_ARCHETYPE","floor":16,"turns":6},{"damage":19,"enemies":"3 Byrds","floor":19,"turns":4},{"damage":36,"enemies":"Chosen","floor":20,"turns":5},{"damage":80,"enemies":"3 Cultists","floor":21,"turns":4},{"damage":25,"enemies":"Snake Plant","floor":22,"turns":4},{"damage":54,"enemies":"Slavers","floor":25,"turns":4},{"damage":39,"enemies":"downfall:FleeingMerchant","floor":26,"turns":4},{"damage":49,"enemies":"Shelled Parasite and Fungi","floor":27,"turns":3},{"damage":40,"enemies":"Book of Stabbing","floor":28,"turns":3},{"damage":46,"enemies":"Chosen and Byrds","floor":30,"turns":2},{"damage":58,"enemies":"Snake Plant","floor":32,"turns":3},{"damage":98,"enemies":"WA_ARCHETYPE_CALM","floor":33,"turns":5},{"damage":39,"enemies":"3 Shapes","floor":36,"turns":3},{"damage":60,"enemies":"3 Darklings","floor":37,"turns":4},{"damage":50,"enemies":"downfall:FleeingMerchant","floor":38,"turns":2},{"damage":65,"enemies":"4 Shapes","floor":42,"turns":3},{"damage":23,"enemies":"Jaw Worm Horde","floor":43,"turns":3},{"damage":107,"enemies":"Nemesis","floor":44,"turns":5},{"damage":30,"enemies":"Reptomancer","floor":45,"turns":4},{"damage":50,"enemies":"3 Darklings","floor":46,"turns":1},{"damage":153,"enemies":"Nemesis","floor":47,"turns":5},{"damage":43,"enemies":"Maw","floor":49,"turns":5},{"damage":119,"enemies":"SI_POISON_ARCHETYPE","floor":50,"turns":6}],"seed_played":"9199599845050072844","potions_obtained":[{"floor":3.0,"key":"Fire Potion"},{"floor":9,"key":"Swift Potion"},{"floor":12,"key":"CultistPotion"},{"floor":22,"key":"FairyPotion"},{"floor":25,"key":"bronze:BurnAndBuffPotion"},{"floor":27,"key":"FairyPotion"},{"floor":28,"key":"DistilledChaos"},{"floor":37,"key":"LiquidMemories"}],"is_trial":false,"path_per_floor":["R","M","M","M","?","R","T","$","M","?","M","E","?","$","M","B",null,"R","M","M","M","M","?","T","E","$","M","E","?","M","?","M","B",null,"R","M","M","$","?","?","T","M","M","E","E","M","E","$","M","B",null],"character_chosen":"THE_CHAMP","items_purchased":["champ:GutPunch","champ:Shatter","Frozen Eye","champ:EnragedBash","champ:Improvising","Strange Spoon"],"campfire_rested":0,"item_purchase_floors":[8,8,14,38,38,48],"current_hp_per_floor":[77,71,61,61,61,61,61,61,57,57,57,22,22,89,83,74,104,104,95,84,104,89,73,73,59,55,31,104,104,103,103,90,77,104,104,95,95,95,95,95,95,104,104,62,99,99,104,104,86,82],"gold":243,"neow_bonus":"ONE_RARE_RELIC","is_daily":false,"chose_seed":false,"campfire_upgraded":4,"win_rate":0.0,"timestamp":1613185799,"path_taken":["R","M","M","M","?","R","T","?","M","?","?","E","?","$","M","BOSS","R","M","M","M","M","?","T","E","$","M","E","?","M","?","M","BOSS","R","M","M","$","?","?","T","?","M","E","E","M","E","?","M","BOSS"],"items_purchased_type":["Card","Card","Relic","Card","Card","Relic"],"build_version":"2020-12-22","purchased_purges":3,"victory":true,"max_hp_per_floor":[104,104,104,104,104,104,104,104,104,104,104,104,104,104,104,104,104,104,104,104,104,104,104,104,104,104,104,104,104,104,104,104,104,104,104,104,104,104,104,104,104,104,104,104,104,104,104,104,104,104],"card_choices":[{"not_picked":["champ:RapidStrikes","champ:RecklessLeap"],"picked":"champ:PreciseThrust","floor":2.0},{"not_picked":["champ:GladiatorStyle","champ:SetATrap"],"picked":"champ:AdrenalArmor","floor":3.0},{"not_picked":["champ:FlashCut","champ:Shatter"],"picked":"champ:EndlessRage","floor":4.0},{"not_picked":["champ:PerfectedStrike","champ:HeartStrike"],"picked":"champ:VampiricStrike","floor":8},{"not_picked":["champ:FocusedDefense","champ:Lariat"],"picked":"champ:RapidStrikes","floor":9},{"not_picked":["champ:AdrenalArmor","champ:Backstep"],"picked":"champ:ArenaPreparation","floor":11},{"not_picked":["champ:RisingSlash","champ:AdrenalArmor"],"picked":"champ:IronFortress","floor":12},{"not_picked":["champ:TornadoPunch","champ:PreciseThrust"],"picked":"champ:FocusedBerserking","floor":14},{"not_picked":["champ:EnGarde","champ:Circumvent","champ:GutPunch"],"picked":"SKIP","floor":15},{"not_picked":["champ:UltimateStance","champ:CheapShot"],"picked":"champ:StrikeOfGenius","floor":16},{"not_picked":["champ:PreciseThrust+1","champ:CrownThrow+1","champ:Haymaker"],"picked":"SKIP","floor":19},{"not_picked":["champ:Haymaker","champ:PreemptiveStrike","champ:IronFortress+1"],"picked":"SKIP","floor":20},{"not_picked":["champ:BladeFlurry","champ:GladiatorStyle","champ:Parry"],"picked":"SKIP","floor":21},{"not_picked":["champ:ArenaPreparation","champ:TornadoPunch"],"picked":"champ:AdrenalArmor+1","floor":22},{"not_picked":["champ:Endure+1","champ:EndlessRage"],"picked":"champ:TripleStrike","floor":25},{"not_picked":["champ:CalledShot","champ:GutPunch","champ:Duel+1"],"picked":"SKIP","floor":26},{"not_picked":["champ:BringItOn","champ:DefensiveShout","champ:GutPunch"],"picked":"SKIP","floor":27},{"not_picked":["champ:FocusedDefense","champ:Encircle","champ:Circumvent+1"],"picked":"SKIP","floor":28},{"not_picked":["champ:FocusedDefense","champ:Encircle","champ:Circumvent+1"],"picked":"SKIP","floor":28},{"not_picked":["champ:BerserkersShout","champ:RapidStrikes","champ:BladeFlurry"],"picked":"SKIP","floor":30},{"not_picked":["champ:ArenaPreparation","champ:FancyFootwork+1","champ:Encircle"],"picked":"SKIP","floor":32},{"not_picked":["champ:UltimateStance","champ:SwordThrow"],"picked":"champ:Improvising","floor":33},{"not_picked":["champ:SetATrap","champ:ShieldWall+1","champ:FlashCut"],"picked":"SKIP","floor":36},{"not_picked":["champ:CrownThrow+1","champ:DeathBlow"],"picked":"champ:PerfectedStrike","floor":37},{"not_picked":["champ:BringItOn","champ:PreemptiveStrike","champ:Endure+1"],"picked":"SKIP","floor":38},{"not_picked":["champ:FanOfKnives+1","champ:CrookedStrike"],"picked":"champ:PerfectedStrike","floor":42},{"not_picked":["champ:AdrenalArmor+1","champ:Circumvent","champ:MurderStrike"],"picked":"SKIP","floor":43},{"not_picked":["champ:PreciseThrust","champ:Backstep","champ:EnGarde"],"picked":"SKIP","floor":44},{"not_picked":["champ:BringItOn","champ:TornadoPunch+1","champ:DefensiveShout+1"],"picked":"SKIP","floor":45},{"not_picked":["champ:CrownThrow","champ:AdrenalArmor","champ:SetATrap+1"],"picked":"SKIP","floor":46},{"not_picked":["champ:GutPunch","champ:RecklessLeap+1","champ:FanOfKnives"],"picked":"SKIP","floor":47},{"not_picked":["champ:FaceSlap","champ:CrownThrow"],"picked":"champ:Duel","floor":49}],"player_experience":425840,"relics_obtained":[{"floor":7,"key":"Bronze Scales"},{"floor":12,"key":"WingedGreaves"},{"floor":23,"key":"Enchiridion"},{"floor":24,"key":"War Paint"},{"floor":25,"key":"Akabeko"},{"floor":28,"key":"StoneCalendar"},{"floor":39,"key":"Omamori"},{"floor":41,"key":"Bottled Lightning"},{"floor":44,"key":"Centennial Puzzle"},{"floor":45,"key":"Nunchaku"},{"floor":47,"key":"StrikeDummy"}],"event_choices":[{"damage_healed":0,"gold_gain":0,"player_choice":"Rummage","damage_taken":0,"relics_obtained":["WarpedTongs"],"max_hp_gain":0,"max_hp_loss":0,"event_name":"Accursed Blacksmith","floor":10,"gold_loss":0,"cards_obtained":["Pain"]}],"is_beta":false,"boss_relics":[{"not_picked":["champ:ChampionCrownUpgraded","Fusion Hammer"],"picked":"SacredBark"},{"not_picked":["Runic Pyramid","Calling Bell"],"picked":"Philosopher\u0027s Stone"}],"items_purged_floors":[14,26,38],"is_endless":false,"potions_floor_spawned":[3,9,12,15,21,22,25,27,28,32,33,37,43,44,49],"ascension_level":0}}