{"host":"8iprjuzow65cevwy","time":1613254615,"event":{"mods":["BaseMod","Colored Map","Highlight Path","Minty Spire (QoL Compilation)"],"gold_per_floor":[113,113,13,31,50,81,356,381,381,28,47,64,90,105,105,200,200,212,228,153,153,28,54,54,54],"floor_reached":24,"language":"ENG","playtime":1045,"items_purged":["Decay","Regret","Writhe"],"score":295,"play_id":"c1ff0223-6bde-43aa-a357-151fe9d7136e","local_time":"20210213231655","is_ascension_mode":true,"campfire_choices":[{"floor":15,"key":"REST"}],"circlet_count":0,"master_deck":["Strike_R","Strike_R","Strike_R","Strike_R","Defend_R","Defend_R","Defend_R","Defend_R","Bash","Cleave","Shockwave","Bash","Pommel Strike","Power Through","Rage","Pummel","Anger+1","Sadistic Nature","Carnage+1","Body Slam+1","Pommel Strike+1","True Grit","Berserk","Iron Wave+1","Sentinel+1","Pummel+1"],"relics":["Burning Blood","NeowsBlessing","Darkstone Periapt","Molten Egg 2","StrikeDummy","StoneCalendar","Mark of Pain","Kunai","Meat on the Bone"],"acts_visited":["Exordium","TheCity"],"potions_floor_usage":[13,13,13,23],"damage_taken":[{"damage":0,"enemies":"2 Louse","floor":1,"turns":1},{"damage":0,"enemies":"Cultist","floor":4,"turns":1},{"damage":0,"enemies":"Jaw Worm","floor":5,"turns":1},{"damage":31,"enemies":"Gremlin Nob","floor":6,"turns":5},{"damage":48,"enemies":"3 Sentries","floor":8,"turns":10},{"damage":1,"enemies":"Gremlin Gang","floor":11,"turns":3},{"damage":0,"enemies":"Blue Slaver","floor":12,"turns":3},{"damage":15,"enemies":"Lagavulin","floor":13,"turns":4},{"damage":3,"enemies":"3 Louse","floor":14,"turns":2},{"damage":25,"enemies":"The Guardian","floor":16,"turns":7},{"damage":46,"enemies":"Spheric Guardian","floor":18,"turns":5},{"damage":12,"enemies":"Chosen","floor":19,"turns":3},{"damage":12,"enemies":"Book of Stabbing","floor":23,"turns":4},{"damage":26,"enemies":"Snake Plant","floor":24,"turns":3}],"seed_played":"-7229644594700447794","potions_obtained":[{"floor":1,"key":"Swift Potion"},{"floor":8,"key":"Strength Potion"},{"floor":11,"key":"CultistPotion"},{"floor":14,"key":"Energy Potion"}],"is_trial":false,"path_per_floor":["M","?","$","M","M","E","?","E","T","$","M","M","E","M","R","B",null,"M","M","?","?","$","E","M"],"character_chosen":"IRONCLAD","items_purchased":["Pommel Strike","Sadistic Nature","Carnage+1"],"campfire_rested":1,"item_purchase_floors":[3,10,10],"current_hp_per_floor":[80,80,80,80,80,55,61,19,19,19,24,30,21,24,49,30,72,32,26,26,32,32,26,0,0],"gold":54,"neow_bonus":"THREE_ENEMY_KILL","is_daily":false,"chose_seed":false,"campfire_upgraded":0,"win_rate":0.0,"timestamp":1613254615,"path_taken":["M","?","$","M","?","E","?","E","T","$","M","M","E","?","R","BOSS","M","M","?","?","$","E","M"],"items_purchased_type":["Card","Card","Card"],"build_version":"2020-12-22","purchased_purges":3,"victory":false,"max_hp_per_floor":[80,80,80,80,80,80,86,86,86,86,86,86,86,86,86,86,86,86,86,86,92,92,92,92,92],"card_choices":[{"not_picked":["Rage","Perfected Strike"],"picked":"Cleave","floor":1},{"not_picked":["Carnage","Inflame"],"picked":"Power Through","floor":4},{"not_picked":["Twin Strike","Clothesline"],"picked":"Rage","floor":5},{"not_picked":["Cleave","Thunderclap"],"picked":"Pummel","floor":6},{"not_picked":["Berserk","Burning Pact"],"picked":"Anger+1","floor":8},{"not_picked":["Bloodletting","Fire Breathing","Rupture"],"picked":"SKIP","floor":11},{"not_picked":["Evolve","Clash+1"],"picked":"Body Slam+1","floor":12},{"not_picked":["Clothesline+1","Sever Soul+1"],"picked":"Pommel Strike+1","floor":13},{"not_picked":["Blood for Blood+1","Immolate+1"],"picked":"True Grit","floor":14},{"not_picked":["Limit Break","Immolate+1"],"picked":"Berserk","floor":16},{"not_picked":["Warcry","Evolve+1"],"picked":"Iron Wave+1","floor":18},{"not_picked":["Metallicize","True Grit"],"picked":"Sentinel+1","floor":19},{"not_picked":["Spot Weakness","Warcry"],"picked":"Pummel+1","floor":23}],"player_experience":322019,"relics_obtained":[{"floor":6,"key":"Darkstone Periapt"},{"floor":8,"key":"Molten Egg 2"},{"floor":9,"key":"StrikeDummy"},{"floor":13,"key":"StoneCalendar"},{"floor":23,"key":"Meat on the Bone"}],"event_choices":[{"damage_healed":0,"gold_gain":0,"player_choice":"3 cards matched","damage_taken":0,"max_hp_gain":0,"max_hp_loss":0,"event_name":"Match and Keep!","floor":2,"gold_loss":0,"cards_obtained":["Decay","Shockwave","Bash"]},{"damage_healed":0,"gold_gain":275,"player_choice":"Desecrate","damage_taken":0,"max_hp_gain":0,"max_hp_loss":0,"event_name":"Golden Shrine","floor":7,"gold_loss":0,"cards_obtained":["Regret"]},{"cards_removed":["Strike_R"],"damage_healed":0,"gold_gain":0,"player_choice":"Gave Gold","damage_taken":0,"max_hp_gain":0,"max_hp_loss":0,"event_name":"Beggar","floor":20,"gold_loss":75},{"damage_healed":0,"gold_gain":0,"player_choice":"Opened","damage_taken":0,"relics_obtained":["Kunai"],"max_hp_gain":0,"max_hp_loss":0,"event_name":"The Mausoleum","floor":21,"gold_loss":0,"cards_obtained":["Writhe"]}],"is_beta":false,"boss_relics":[{"not_picked":["Snecko Eye","Busted Crown"],"picked":"Mark of Pain"}],"items_purged_floors":[3,10,22],"is_endless":false,"potions_floor_spawned":[1,8,11,14],"killed_by":"Snake Plant","ascension_level":5}}