{"host":"iphsb0ccnjx0pfn6","time":1613195624,"event":{"mods":["2.2 Compatiblity","AchievementEnabler","BaseMod","Colored Map","DeckTracker","Keyboard Shortcuts","Minty Spire (QoL Compilation)","Permanent Neow","Quick Restart","Relic Stats","StSLib","SuperFastMode","Uncapped","everything is the same but u backflip on backflip"],"gold_per_floor":[112,37,54,54,54,77,77,120,120,120,20,20,20,20,35,35,128,128,143,18,18,36,36,36,61,75,75,75,75,75,101,121,121,200,200,217,67,117,127,142,170,170,495,541,552,569,569,587,598,598,598,598],"floor_reached":53,"language":"KOR","playtime":1459,"items_purged":["Strike_R","Pain","Strike_R","Fiend Fire"],"score":2035,"play_id":"dbc25ad5-cb8a-46dc-a8b5-0d699686cf50","local_time":"20210213145344","is_ascension_mode":true,"campfire_choices":[{"data":"Pommel Strike","floor":7.0,"key":"SMITH"},{"data":"Flame Barrier","floor":9.0,"key":"SMITH"},{"data":"Pommel Strike","floor":16.0,"key":"SMITH"},{"floor":24.0,"key":"REST"},{"floor":30.0,"key":"REST"},{"floor":33.0,"key":"REST"},{"data":"Strike_R","floor":42,"key":"PURGE"},{"data":"Strike_R","floor":47,"key":"PURGE"},{"data":"Strike_R","floor":50,"key":"PURGE"}],"circlet_count":0,"master_deck":["AscendersBane","Defend_R","Defend_R","Defend_R","Defend_R","Bash","Burning Pact","Pommel Strike+1","Flame Barrier+1","Pommel Strike+1","Burning Pact","Double Tap","Shrug It Off"],"relics":["Burning Blood","NeowsBlessing","Bloody Idol","WarpedTongs","Gremlin Horn","Sundial","Shuriken","Fusion Hammer","Oddly Smooth Stone","Eternal Feather","Bottled Flame","Runic Pyramid","Peace Pipe","Bronze Scales","Old Coin"],"acts_visited":["Exordium","TheCity","TheBeyond"],"potions_floor_usage":[51,52],"damage_taken":[{"damage":0.0,"enemies":"Cultist","floor":1.0,"turns":1.0},{"damage":0.0,"enemies":"Small Slimes","floor":3.0,"turns":1.0},{"damage":2.0,"enemies":"2 Louse","floor":6.0,"turns":1.0},{"damage":13.0,"enemies":"Gremlin Nob","floor":8.0,"turns":3.0},{"damage":5.0,"enemies":"Exordium Wildlife","floor":15.0,"turns":5.0},{"damage":14.0,"enemies":"Hexaghost","floor":17.0,"turns":9.0},{"damage":8.0,"enemies":"Shell Parasite","floor":19.0,"turns":6.0},{"damage":10.0,"enemies":"Spheric Guardian","floor":22.0,"turns":4.0},{"damage":35.0,"enemies":"Slavers","floor":25.0,"turns":4.0},{"damage":17.0,"enemies":"Shelled Parasite and Fungi","floor":26.0,"turns":5.0},{"damage":18.0,"enemies":"Gremlin Leader","floor":31.0,"turns":2.0},{"damage":31.0,"enemies":"Snake Plant","floor":32.0,"turns":3.0},{"damage":14.0,"enemies":"Champ","floor":34.0,"turns":4.0},{"damage":40.0,"enemies":"3 Darklings","floor":36.0,"turns":3.0},{"damage":26.0,"enemies":"2 Orb Walkers","floor":38.0,"turns":2.0},{"damage":0,"enemies":"3 Shapes","floor":39,"turns":7},{"damage":0,"enemies":"Spire Growth","floor":40,"turns":2},{"damage":0,"enemies":"Giant Head","floor":41,"turns":3},{"damage":0,"enemies":"Reptomancer","floor":43,"turns":2},{"damage":0,"enemies":"3 Darklings","floor":45,"turns":2},{"damage":1,"enemies":"Writhing Mass","floor":46,"turns":2},{"damage":0,"enemies":"Spire Growth","floor":48,"turns":2},{"damage":15,"enemies":"Jaw Worm Horde","floor":49,"turns":2},{"damage":24,"enemies":"Time Eater","floor":51,"turns":10},{"damage":12,"enemies":"Donu and Deca","floor":52,"turns":2}],"seed_played":"-5290399372771093575","potions_obtained":[{"floor":1.0,"key":"BlessingOfTheForge"},{"floor":6.0,"key":"GamblersBrew"},{"floor":8.0,"key":"PowerPotion"},{"floor":22.0,"key":"PowerPotion"},{"floor":32.0,"key":"SteroidPotion"},{"floor":36.0,"key":"LiquidMemories"},{"floor":39,"key":"Block Potion"},{"floor":48,"key":"PowerPotion"}],"is_trial":false,"path_per_floor":["M","$","M","?","?","M","R","E","R","T","$","?","$","$","M","R","B",null,"M","$","$","M","?","R","E","M","T","?","?","R","E","M","R","B",null,"M","$","?","M","M","E","R","E","T","M","M","R","M","M","R","B","B",null],"character_chosen":"IRONCLAD","items_purchased":[],"campfire_rested":3,"item_purchase_floors":[],"current_hp_per_floor":[74,74,75,49,49,53,53,46,46,46,46,41,41,41,42,42,34,65,63,63,63,59,59,75,51,45,45,45,45,73,66,46,75,72,74,45,45,30,41,52,63,72,75,75,75,75,75,75,71,75,57,51],"gold":598,"neow_bonus":"THREE_ENEMY_KILL","is_daily":false,"chose_seed":false,"campfire_upgraded":3,"win_rate":0.0,"timestamp":1613195624,"path_taken":["M","$","?","?","?","?","R","E","R","T","?","?","?","$","M","R","BOSS","M","?","$","M","?","R","E","?","T","?","?","R","E","M","R","BOSS","M","?","?","M","M","E","R","E","T","M","M","R","M","?","R","BOSS","BOSS"],"items_purchased_type":[],"build_version":"2020-12-22","purchased_purges":4,"victory":true,"max_hp_per_floor":[75,75,75,75,75,75,75,75,75,75,75,75,75,75,75,75,75,75,75,75,75,75,75,75,75,75,75,75,75,75,75,75,75,75,75,75,75,75,75,75,75,75,75,75,75,75,75,75,75,75,75,75],"relic_stats":{"Peace Pipe":3,"Gremlin Horn":[17,20],"counters":[25,87],"Sundial":[428],"Shuriken":[88],"Bloody Idol":55,"Bronze Scales":[57],"Eternal Feather":28,"obtain_stats":[{"NeowsBlessing":0,"Gremlin Horn":8,"Golden Idol":4,"Oddly Smooth Stone":25,"Eternal Feather":27,"Burning Blood":0,"WarpedTongs":5,"Old Coin":43,"Peace Pipe":38,"Bottled Flame":31,"Sundial":10,"Shuriken":12,"Bloody Idol":23,"Bronze Scales":41,"Fusion Hammer":18,"Runic Pyramid":35},{"NeowsBlessing":0,"Gremlin Horn":4,"Golden Idol":2,"Oddly Smooth Stone":9,"Eternal Feather":10,"Burning Blood":0,"WarpedTongs":2,"Old Coin":19,"Peace Pipe":15,"Bottled Flame":11,"Sundial":4,"Shuriken":4,"Bloody Idol":8,"Bronze Scales":18,"Fusion Hammer":6,"Runic Pyramid":13},{"NeowsBlessing":0,"Gremlin Horn":6,"Golden Idol":2,"Oddly Smooth Stone":34,"Eternal Feather":39,"Burning Blood":0,"WarpedTongs":2,"Old Coin":67,"Peace Pipe":53,"Bottled Flame":41,"Sundial":6,"Shuriken":6,"Bloody Idol":30,"Bronze Scales":65,"Fusion Hammer":20,"Runic Pyramid":48}],"Burning Blood":125,"WarpedTongs":[79]},"card_choices":[{"not_picked":["Disarm","Warcry"],"picked":"Burning Pact","floor":1.0},{"not_picked":["Spot Weakness","Heavy Blade"],"picked":"Pommel Strike","floor":3.0},{"not_picked":["Flex","Inflame","Searing Blow"],"picked":"SKIP","floor":6.0},{"not_picked":["Infernal Blade","Exhume","Flame Barrier"],"picked":"SKIP","floor":8.0},{"not_picked":["Infernal Blade","Exhume"],"picked":"Flame Barrier","floor":8.0},{"not_picked":["Clothesline","Clash"],"picked":"Pommel Strike","floor":15.0},{"not_picked":["Rampage","Iron Wave+1","Anger"],"picked":"SKIP","floor":19.0},{"not_picked":["Iron Wave","Headbutt","Sword Boomerang"],"picked":"SKIP","floor":22.0},{"not_picked":["Bloodletting","Flame Barrier","Body Slam"],"picked":"SKIP","floor":25.0},{"not_picked":["Pommel Strike","Havoc","Flex"],"picked":"SKIP","floor":26.0},{"not_picked":["Havoc+1","Headbutt"],"picked":"Double Tap","floor":31.0},{"not_picked":["True Grit","Anger","Twin Strike"],"picked":"SKIP","floor":32.0},{"not_picked":["Juggernaut","Bludgeon"],"picked":"Fiend Fire","floor":34.0},{"not_picked":["Twin Strike","Shockwave","Sentinel"],"picked":"SKIP","floor":36.0},{"not_picked":["Clash","Twin Strike","Rage+1"],"picked":"SKIP","floor":39},{"not_picked":["Pommel Strike","Shrug It Off","Carnage"],"picked":"SKIP","floor":40},{"not_picked":["Pommel Strike","Carnage"],"picked":"Shrug It Off","floor":40},{"not_picked":["Anger+1","Feed","Sword Boomerang"],"picked":"SKIP","floor":41},{"not_picked":["Sword Boomerang+1","Thunderclap","Cleave+1"],"picked":"SKIP","floor":43},{"not_picked":["Iron Wave","Shockwave+1","Wild Strike+1"],"picked":"SKIP","floor":45},{"not_picked":["Clash","Evolve","Wild Strike"],"picked":"SKIP","floor":46},{"not_picked":["Intimidate+1","Cleave+1","Clothesline+1"],"picked":"SKIP","floor":48},{"not_picked":["Body Slam","Havoc","Armaments"],"picked":"SKIP","floor":49}],"player_experience":1308390,"relics_obtained":[{"floor":8.0,"key":"Gremlin Horn"},{"floor":10.0,"key":"Sundial"},{"floor":25.0,"key":"Oddly Smooth Stone"},{"floor":27.0,"key":"Eternal Feather"},{"floor":31.0,"key":"Bottled Flame"},{"floor":38.0,"key":"Peace Pipe"},{"floor":41,"key":"Bronze Scales"},{"floor":43,"key":"Old Coin"}],"event_choices":[{"damage_healed":0.0,"max_hp_gain":0.0,"max_hp_loss":0.0,"gold_gain":0.0,"event_name":"Golden Idol","player_choice":"Take Damage","floor":4.0,"gold_loss":0.0,"damage_taken":26.0,"relics_obtained":["Golden Idol"]},{"damage_healed":0.0,"max_hp_gain":0.0,"max_hp_loss":0.0,"gold_gain":0.0,"event_name":"Accursed Blacksmith","player_choice":"Rummage","floor":5.0,"gold_loss":0.0,"damage_taken":0.0,"relics_obtained":["WarpedTongs"],"cards_obtained":["Pain"]},{"damage_healed":0.0,"max_hp_gain":0.0,"max_hp_loss":0.0,"gold_gain":0.0,"event_name":"Scrap Ooze","player_choice":"Success","floor":12.0,"gold_loss":0.0,"damage_taken":5.0,"relics_obtained":["Shuriken"]},{"damage_healed":0.0,"max_hp_gain":0.0,"max_hp_loss":0.0,"gold_gain":0.0,"event_name":"Forgotten Altar","player_choice":"Gave Idol","floor":23.0,"relics_lost":["Golden Idol"],"gold_loss":0.0,"damage_taken":0.0,"relics_obtained":["Bloody Idol"]},{"damage_healed":0.0,"max_hp_gain":0.0,"max_hp_loss":0.0,"gold_gain":0.0,"event_name":"Ghosts","player_choice":"Ignored","floor":28.0,"gold_loss":0.0,"damage_taken":0.0},{"damage_healed":0.0,"max_hp_gain":0.0,"max_hp_loss":0.0,"gold_gain":0.0,"event_name":"Duplicator","player_choice":"Copied","floor":29.0,"gold_loss":0.0,"damage_taken":0.0,"cards_obtained":["Burning Pact"]},{"damage_healed":0.0,"max_hp_gain":0.0,"max_hp_loss":0.0,"gold_gain":0.0,"event_name":"Mysterious Sphere","player_choice":"Fight","floor":38.0,"gold_loss":0.0,"damage_taken":0.0}],"is_beta":false,"boss_relics":[{"not_picked":["Ectoplasm","Velvet Choker"],"picked":"Fusion Hammer"},{"not_picked":["Snecko Eye","Sozu"],"picked":"Runic Pyramid"}],"items_purged_floors":[2,11,20,37],"is_endless":false,"potions_floor_spawned":[1,6,8,22,32,36,39,48,49],"ascension_level":20}}