{"host":"344lv32hnei0mdhu","time":1613178064,"event":{"mods":["Act Like it!","BaseMod","Better Match","Better Sensory Stone","Better Skull","Better Third Choice","Better Vampires","Colored Powertips","Highlight Path","Minty Spire (QoL Compilation)","Quick Restart","Random Character Button","Rare Cards Sparkle","StSLib"],"gold_per_floor":[113,188,71,71,96,139,151,163,163],"floor_reached":8,"language":"ENG","playtime":278,"items_purged":[],"score":126,"play_id":"7a44ad23-9f03-40ea-87fc-91457464dcdd","local_time":"20210212190104","is_ascension_mode":true,"campfire_choices":[{"floor":7,"key":"REST"}],"circlet_count":0,"master_deck":["AscendersBane","Strike_P","Strike_P","Strike_P","Strike_P","Defend_P","Defend_P","Defend_P","Defend_P","Eruption","Vigilance","LikeWater","LikeWater","DeceiveReality","WheelKick","WheelKick"],"relics":["PureWater","NeowsBlessing","Golden Idol","MawBank"],"acts_visited":["Exordium"],"potions_floor_usage":[],"damage_taken":[{"damage":0,"enemies":"2 Louse","floor":1,"turns":1},{"damage":0,"enemies":"Small Slimes","floor":5,"turns":1},{"damage":0,"enemies":"Gremlin Nob","floor":6,"turns":1},{"damage":34,"enemies":"3 Sentries","floor":8,"turns":6}],"seed_played":"-3962663537987012072","potions_obtained":[{"floor":6,"key":"SpeedPotion"}],"is_trial":false,"path_per_floor":["M","?","$","?","M","E","R","E"],"character_chosen":"WATCHER","items_purchased":["LikeWater","DeceiveReality"],"campfire_rested":1,"item_purchase_floors":[3,3],"current_hp_per_floor":[65,54,54,36,36,36,57,23,23],"gold":163,"neow_bonus":"THREE_ENEMY_KILL","is_daily":false,"chose_seed":false,"campfire_upgraded":0,"win_rate":0.0,"timestamp":1613178064,"path_taken":["M","?","$","?","M","E","R","E"],"items_purchased_type":["Card","Card"],"build_version":"2020-12-22","purchased_purges":0,"victory":false,"max_hp_per_floor":[72,72,72,72,72,72,72,72,72],"card_choices":[{"not_picked":["ThirdEye","Vengeance"],"picked":"LikeWater","floor":1},{"not_picked":["BowlingBash","CrushJoints"],"picked":"WheelKick","floor":5},{"not_picked":["CutThroughFate","InnerPeace"],"picked":"WheelKick","floor":6}],"player_experience":370340,"relics_obtained":[{"floor":6,"key":"MawBank"}],"event_choices":[{"damage_healed":0,"gold_gain":75,"player_choice":"Gold","damage_taken":11,"max_hp_gain":0,"max_hp_loss":0,"event_name":"betterThird:BetterGoop","floor":2,"gold_loss":0},{"damage_healed":0,"gold_gain":0,"player_choice":"Take Damage","damage_taken":18,"relics_obtained":["Golden Idol"],"max_hp_gain":0,"max_hp_loss":0,"event_name":"Golden Idol","floor":4,"gold_loss":0}],"is_beta":false,"boss_relics":[],"items_purged_floors":[],"is_endless":false,"potions_floor_spawned":[6],"killed_by":"3 Sentries","ascension_level":12}}