{"host":"odhb85ppoyjrwi3n","time":1613251576,"event":{"mods":["BaseMod","Better Third Choice","BetterRewards","Bossed Relics","Minty Spire (QoL Compilation)","Quick Restart","StSLib"],"gold_per_floor":[137,167,30,85,0,52,52,127,127,127,158,158,158,195,195,318,318,329,349,124,124,124,124,84,149,149,149,188,231,231,231,231,354,354,374,374,390,465,465,465,504,516,516,516,368,412,437,284,284,309],"floor_reached":51,"language":"ENG","playtime":2603,"items_purged":["Strike_P","Defend_P","Strike_P","Defend_P","Strike_P","Defend_P"],"score":1073,"play_id":"1851431b-60ab-42a2-8602-46945cac0287","local_time":"20210213222616","is_ascension_mode":false,"campfire_choices":[{"data":"1","floor":7,"key":"LIFT"},{"data":"2","floor":10,"key":"LIFT"},{"data":"3","floor":15,"key":"LIFT"},{"floor":23,"key":"REST"},{"floor":27,"key":"DIG"},{"floor":32,"key":"REST"},{"floor":40,"key":"REST"},{"floor":44,"key":"REST"},{"data":"BattleHymn","floor":49,"key":"SMITH"}],"circlet_count":0,"master_deck":["Strike_P+1","Eruption+1","Vigilance","EmptyMind","Mayhem+1","HandOfGreed+1","BattleHymn+1","Enlightenment+1","J.A.X.","EmptyBody+1","Halt+1"],"relics":["PureWater","CaptainsWheel","Medical Kit","TungstenRod","Prayer Wheel","Lantern","FossilizedHelix","Melange","Bird Faced Urn","Shovel","Mango","Ginger","Blood Vial","Turnip","Membership Card","Gambling Chip","Oddly Smooth Stone","WingedGreaves","Dead Branch","Thread and Needle","Girya","Lee\u0027s Waffle","Regal Pillow","Bottled Lightning","Gremlin Horn","Black Star","Ice Cream","Whetstone","Lizard Tail","Molten Egg 2","Enchiridion","Tiny House","Du-Vu Doll","Orichalcum","PreservedInsect","Sling","GoldenEye","Happy Flower","Omamori","Juzu Bracelet"],"acts_visited":["Exordium","TheCity","TheBeyond"],"potions_floor_usage":[],"damage_taken":[{"damage":0,"enemies":"Jaw Worm","floor":1,"turns":3},{"damage":0,"enemies":"2 Louse","floor":2,"turns":2},{"damage":0,"enemies":"3 Sentries","floor":6,"turns":4},{"damage":0,"enemies":"Small Slimes","floor":11,"turns":2},{"damage":0,"enemies":"Exordium Thugs","floor":14,"turns":2},{"damage":0,"enemies":"Slime Boss","floor":16,"turns":4},{"damage":0,"enemies":"Shell Parasite","floor":18,"turns":2},{"damage":0,"enemies":"Spheric Guardian","floor":19,"turns":1},{"damage":0,"enemies":"Centurion and Healer","floor":25,"turns":2},{"damage":0,"enemies":"Sentry and Sphere","floor":28,"turns":3},{"damage":26,"enemies":"Snake Plant","floor":29,"turns":2},{"damage":33,"enemies":"Champ","floor":33,"turns":4},{"damage":4,"enemies":"3 Shapes","floor":35,"turns":2},{"damage":5,"enemies":"3 Darklings","floor":37,"turns":3},{"damage":87,"enemies":"Mind Bloom Boss Battle","floor":38,"turns":4},{"damage":0,"enemies":"Maw","floor":41,"turns":5},{"damage":0,"enemies":"Transient","floor":42,"turns":5},{"damage":2,"enemies":"Sphere and 2 Shapes","floor":46,"turns":5},{"damage":0,"enemies":"Reptomancer","floor":47,"turns":4},{"damage":96,"enemies":"Time Eater","floor":50,"turns":5}],"seed_played":"8501716073685118594","potions_obtained":[{"floor":2,"key":"DistilledChaos"},{"floor":16,"key":"Swift Potion"},{"floor":18,"key":"LiquidBronze"},{"floor":35,"key":"EntropicBrew"}],"is_trial":false,"path_per_floor":["M","M","$","?","?","E","R","?","T","R","M","?","?","M","R","B",null,"M","M","$","?","?","R","?","M","T","R","M","M","?","?","R","B",null,"M","?","M","?","?","R","M","M","T","R","$","M","E","$","R","B",null],"character_chosen":"WATCHER","items_purchased":["Medical Kit","TungstenRod","Prayer Wheel","Lantern","Melange","Mayhem","Bird Faced Urn","Mango","Blood Vial","Membership Card","HandOfGreed","Oddly Smooth Stone","Lee\u0027s Waffle","Tantrum","Ice Cream","Whetstone","PreservedInsect","Sling","Omamori","Juzu Bracelet"],"campfire_rested":4,"item_purchase_floors":[0,0,0,0,0,0,0,0,0,0,0,0,0,3,20,20,45,45,48,48],"current_hp_per_floor":[93,93,93,93,99,99,99,89,89,89,93,93,84,88,88,92,99,99,99,99,80,80,104,104,104,104,104,104,78,66,66,104,73,104,100,100,99,17,17,63,71,79,79,104,104,102,104,104,104,14],"gold":309,"neow_bonus":"","is_daily":false,"chose_seed":false,"campfire_upgraded":1,"win_rate":0.0,"timestamp":1613251576,"path_taken":["M","M","$","?","?","E","R","?","T","R","?","?","?","M","R","BOSS","M","M","$","?","?","R","?","?","T","R","M","M","?","?","R","BOSS","M","?","M","?","?","R","M","M","T","R","$","?","E","$","R","BOSS"],"items_purchased_type":["Relic","Relic","Relic","Relic","Relic","Card","Relic","Relic","Relic","Relic","Card","Relic","Relic","Card","Relic","Relic","Relic","Relic","Relic","Relic"],"build_version":"2020-12-22","purchased_purges":6,"victory":true,"max_hp_per_floor":[93,93,93,93,99,99,99,99,99,99,99,99,99,99,99,99,99,99,99,99,104,104,104,104,104,104,104,104,104,104,104,104,104,104,104,104,104,104,104,104,104,104,104,104,104,104,104,104,104,104],"card_choices":[{"not_picked":["SandsOfTime","PathToVictory","FollowUp"],"picked":"SKIP","floor":1},{"not_picked":["ThirdEye","Pray","EmptyFist"],"picked":"SKIP","floor":1},{"not_picked":["EmptyFist","Sanctity"],"picked":"BattleHymn","floor":2},{"not_picked":["WindmillStrike","Protect","Nirvana"],"picked":"SKIP","floor":2},{"not_picked":["BowlingBash","WheelKick","WreathOfFlame"],"picked":"SKIP","floor":6},{"not_picked":["WindmillStrike","Study","Indignation"],"picked":"SKIP","floor":11},{"not_picked":["Protect","Study","CutThroughFate"],"picked":"SKIP","floor":11},{"not_picked":["Sanctity","JustLucky","Consecrate"],"picked":"SKIP","floor":14},{"not_picked":["CutThroughFate","SignatureMove","SashWhip"],"picked":"SKIP","floor":14},{"not_picked":["Weave","Halt","BowlingBash"],"picked":"SKIP","floor":18},{"not_picked":["EmptyFist","Nirvana+1","EmptyBody+1"],"picked":"SKIP","floor":18},{"not_picked":["EmptyBody+1","Consecrate","FlurryOfBlows"],"picked":"SKIP","floor":19},{"not_picked":["ClearTheMind","EmptyFist+1","EmptyBody"],"picked":"SKIP","floor":19},{"not_picked":["SashWhip","Collect","Establishment"],"picked":"SKIP","floor":25},{"not_picked":["WindmillStrike+1","Tantrum","SashWhip"],"picked":"SKIP","floor":25},{"not_picked":["ReachHeaven+1","Consecrate+1","WaveOfTheHand"],"picked":"SKIP","floor":28},{"not_picked":["Evaluate","Wallop+1","ThirdEye+1"],"picked":"SKIP","floor":28},{"not_picked":["EmptyFist+1","CrushJoints+1","Scrawl"],"picked":"SKIP","floor":29},{"not_picked":["CutThroughFate+1","FlyingSleeves+1","EmptyMind"],"picked":"SKIP","floor":29},{"not_picked":["Pray","PathToVictory+1"],"picked":"EmptyBody+1","floor":35},{"not_picked":["WreathOfFlame+1","FlurryOfBlows+1","SignatureMove+1"],"picked":"SKIP","floor":35},{"not_picked":["EmptyBody","WheelKick+1"],"picked":"Halt+1","floor":37},{"not_picked":["CutThroughFate+1","PathToVictory","WindmillStrike+1"],"picked":"SKIP","floor":37},{"not_picked":["ClearTheMind","Protect","Ragnarok+1"],"picked":"SKIP","floor":41},{"not_picked":["EmptyBody+1","FlurryOfBlows+1","Halt"],"picked":"SKIP","floor":41},{"not_picked":["SignatureMove+1","Tantrum+1","Indignation"],"picked":"SKIP","floor":42},{"not_picked":["Pray+1","WreathOfFlame","FearNoEvil+1"],"picked":"SKIP","floor":42},{"not_picked":["CutThroughFate+1","Meditate+1","Collect+1"],"picked":"SKIP","floor":46},{"not_picked":["Meditate","ThirdEye+1","SashWhip+1"],"picked":"SKIP","floor":46},{"not_picked":["Omniscience","BowlingBash+1","ClearTheMind+1"],"picked":"SKIP","floor":47}],"player_experience":166648,"relics_obtained":[{"floor":6,"key":"Regal Pillow"},{"floor":9,"key":"Bottled Lightning"},{"floor":26,"key":"Lizard Tail"},{"floor":27,"key":"Molten Egg 2"},{"floor":30,"key":"Enchiridion"},{"floor":38,"key":"Du-Vu Doll"},{"floor":43,"key":"Orichalcum"},{"floor":47,"key":"GoldenEye"},{"floor":47,"key":"Happy Flower"}],"event_choices":[{"damage_healed":0,"gold_gain":55,"player_choice":"Gained Gold","damage_taken":0,"max_hp_gain":0,"max_hp_loss":0,"event_name":"Golden Wing","floor":4,"gold_loss":0},{"damage_healed":0,"gold_gain":0,"player_choice":"RENOUNCE","damage_taken":85,"max_hp_gain":0,"max_hp_loss":0,"event_name":"betterThird:BetterSerpent","floor":5,"gold_loss":85,"cards_obtained":["Enlightenment"]},{"damage_healed":0,"gold_gain":75,"player_choice":"Gold","damage_taken":11,"max_hp_gain":0,"max_hp_loss":0,"event_name":"betterThird:BetterGoop","floor":8,"gold_loss":0},{"damage_healed":0,"gold_gain":0,"player_choice":"Grow","damage_taken":0,"max_hp_gain":0,"max_hp_loss":0,"event_name":"Living Wall","floor":12,"gold_loss":0,"cards_upgraded":["HandOfGreed"]},{"damage_healed":0,"gold_gain":0,"player_choice":"Relic ","damage_taken":12,"max_hp_gain":0,"max_hp_loss":0,"event_name":"betterThird:BetterScrap","floor":13,"gold_loss":0,"cards_obtained":["Reaper"]},{"damage_healed":0,"gold_gain":0,"player_choice":"Shed Blood","damage_taken":25,"max_hp_gain":5,"max_hp_loss":0,"event_name":"Forgotten Altar","floor":21,"gold_loss":0},{"damage_healed":0,"gold_gain":0,"player_choice":"Ignored","damage_taken":0,"max_hp_gain":0,"max_hp_loss":0,"event_name":"Ghosts","floor":22,"gold_loss":0},{"damage_healed":0,"gold_gain":0,"player_choice":"Upgraded Two","damage_taken":0,"max_hp_gain":0,"max_hp_loss":0,"event_name":"Designer","floor":24,"gold_loss":40,"cards_upgraded":["Enlightenment","Mayhem"]},{"damage_healed":0,"gold_gain":0,"player_choice":"Obtained Book","damage_taken":16,"max_hp_gain":0,"max_hp_loss":0,"event_name":"Cursed Tome","floor":30,"gold_loss":0},{"damage_healed":0,"gold_gain":0,"player_choice":"Obtain J.A.X.","damage_taken":0,"max_hp_gain":0,"max_hp_loss":0,"event_name":"Drug Dealer","floor":31,"gold_loss":0,"cards_obtained":["J.A.X."]},{"cards_removed":["Tantrum"],"damage_healed":0,"gold_gain":0,"player_choice":"Removed Attack","damage_taken":0,"max_hp_gain":0,"max_hp_loss":0,"event_name":"Falling","floor":36,"gold_loss":0},{"damage_healed":0,"gold_gain":0,"player_choice":"Fight","damage_taken":0,"max_hp_gain":0,"max_hp_loss":0,"event_name":"MindBloom","floor":38,"gold_loss":0},{"damage_healed":0,"gold_gain":0,"player_choice":"Forge","damage_taken":0,"max_hp_gain":0,"max_hp_loss":0,"event_name":"Accursed Blacksmith","floor":39,"gold_loss":0,"cards_upgraded":["Eruption"]}],"is_beta":false,"boss_relics":[{"not_picked":["Pandora\u0027s Box","Coffee Dripper"],"picked":"Black Star"},{"not_picked":["Empty Cage","Sozu"],"picked":"Tiny House"}],"items_purged_floors":[0,0,0,0,0,3],"is_endless":false,"potions_floor_spawned":[2,16,18,28,29,33,35,41,42],"ascension_level":0}}