{"host":"rolltorest","time":1613185365,"event":{"mods":["BaseMod","Minty Spire (QoL Compilation)","Relic Stats","Slay the Relics Exporter","StSLib"],"gold_per_floor":[117,130,280,280,295,620,620,653,721,747,747,759,759,799,799,888,888,904,398,398,398,323,354,367,226,251,251,251,285,285,300,300,300,300],"floor_reached":33,"language":"ENG","playtime":734,"items_purged":["Doubt","Strike_R"],"score":668,"play_id":"4fd0bedb-445d-489e-a828-210966e0fca5","local_time":"20210212190245","is_ascension_mode":true,"campfire_choices":[{"data":"Immolate","floor":7,"key":"SMITH"},{"floor":15,"key":"REST"},{"data":"Ghostly","floor":27,"key":"SMITH"},{"data":"Ghostly","floor":32,"key":"SMITH"}],"circlet_count":0,"master_deck":["AscendersBane","Strike_R+1","Strike_R+1","Strike_R+1","Defend_R+1","Defend_R+1","Defend_R+1","Defend_R+1","Bash","Pommel Strike","Immolate+1","Evolve+1","Headbutt","Clothesline","Shrug It Off","Offering","Double Tap","Flash of Steel","Ghostly+1","Ghostly+1","Ghostly","Disarm","Bloodletting","RitualDagger","Flex+1"],"relics":["Burning Blood","NeowsBlessing","Old Coin","Juzu Bracelet","Singing Bowl","Tiny Chest","Golden Idol","Regal Pillow","Runic Pyramid","Lee\u0027s Waffle","FossilizedHelix","Shuriken","Bag of Preparation","Peace Pipe"],"acts_visited":["Exordium","TheCity"],"potions_floor_usage":[6,8,16,29,29,33],"damage_taken":[{"damage":0,"enemies":"2 Louse","floor":1,"turns":1},{"damage":0,"enemies":"Jaw Worm","floor":2,"turns":1},{"damage":0,"enemies":"Small Slimes","floor":5,"turns":1},{"damage":48,"enemies":"Lagavulin","floor":6,"turns":6},{"damage":0,"enemies":"3 Sentries","floor":8,"turns":2},{"damage":8,"enemies":"Gremlin Nob","floor":10,"turns":3},{"damage":11,"enemies":"3 Louse","floor":12,"turns":4},{"damage":20,"enemies":"3 Sentries","floor":14,"turns":3},{"damage":22,"enemies":"Slime Boss","floor":16,"turns":5},{"damage":46,"enemies":"Spheric Guardian","floor":18,"turns":7},{"damage":22,"enemies":"Slavers","floor":23,"turns":3},{"damage":0,"enemies":"Chosen","floor":24,"turns":6},{"damage":25,"enemies":"Book of Stabbing","floor":29,"turns":8},{"damage":0,"enemies":"Snake Plant","floor":31,"turns":5},{"damage":24,"enemies":"Automaton","floor":33,"turns":11}],"seed_played":"4306575873380125852","potions_obtained":[{"floor":1,"key":"FairyPotion"},{"floor":5,"key":"Fire Potion"},{"floor":6,"key":"Energy Potion"},{"floor":8,"key":"PowerPotion"},{"floor":14,"key":"HeartOfIron"},{"floor":23,"key":"Regen Potion"},{"floor":29,"key":"ElixirPotion"}],"is_trial":false,"path_per_floor":["M","M","?","?","M","E","R","E","T","E","?","M","?","E","R","B",null,"M","$","?","T","?","E","M","$","T","R","?","E","?","M","R","B"],"character_chosen":"IRONCLAD","items_purchased":["Lee\u0027s Waffle","Double Tap","Flash of Steel","Bloodletting"],"campfire_rested":1,"item_purchase_floors":[19,19,19,25],"current_hp_per_floor":[74,75,75,52,58,16,16,22,22,22,22,17,17,27,63,47,64,26,79,39,39,39,23,31,31,31,31,25,17,17,23,23,0,0],"gold":300,"neow_bonus":"THREE_ENEMY_KILL","is_daily":false,"chose_seed":false,"campfire_upgraded":3,"win_rate":0.0,"timestamp":1613185365,"path_taken":["M","M","?","?","?","E","R","E","T","E","?","M","?","E","R","BOSS","M","$","?","?","?","E","M","$","T","R","?","E","?","M","R","BOSS"],"items_purchased_type":["Relic","Card","Card","Card"],"build_version":"2020-12-18","purchased_purges":2,"victory":false,"max_hp_per_floor":[75,75,75,75,75,75,75,75,75,77,77,77,70,70,70,70,70,72,79,39,39,39,39,41,41,41,41,41,43,43,43,43,43,43],"relic_stats":{"Peace Pipe":0,"Regal Pillow":15,"Lee\u0027s Waffle":53,"Singing Bowl":8,"counters":[15,66],"Golden Idol":48,"Shuriken":[5],"Tiny Chest":1,"Juzu Bracelet":1,"Bag of Preparation":[6],"obtain_stats":[{"Regal Pillow":14,"Lee\u0027s Waffle":19,"NeowsBlessing":0,"Singing Bowl":9,"Golden Idol":13,"Juzu Bracelet":8,"Bag of Preparation":26,"Burning Blood":0,"Old Coin":6,"Peace Pipe":29,"Shuriken":23,"Tiny Chest":10,"FossilizedHelix":21,"Runic Pyramid":17},{"Regal Pillow":8,"Lee\u0027s Waffle":10,"NeowsBlessing":0,"Singing Bowl":5,"Golden Idol":7,"Juzu Bracelet":5,"Bag of Preparation":12,"Burning Blood":0,"Old Coin":4,"Peace Pipe":13,"Shuriken":11,"Tiny Chest":6,"FossilizedHelix":10,"Runic Pyramid":9},{"Regal Pillow":21,"Lee\u0027s Waffle":33,"NeowsBlessing":0,"Singing Bowl":11,"Golden Idol":18,"Juzu Bracelet":11,"Bag of Preparation":42,"Burning Blood":0,"Old Coin":9,"Peace Pipe":50,"Shuriken":36,"Tiny Chest":14,"FossilizedHelix":33,"Runic Pyramid":26}],"Burning Blood":79},"card_choices":[{"not_picked":["Sword Boomerang","Twin Strike"],"picked":"Pommel Strike","floor":1},{"not_picked":["Perfected Strike","Thunderclap"],"picked":"Immolate","floor":2},{"not_picked":["Flex","Warcry"],"picked":"Evolve","floor":5},{"not_picked":["Cleave","Ghostly Armor"],"picked":"Headbutt","floor":6},{"not_picked":["Bloodletting","Anger","Seeing Red"],"picked":"SKIP","floor":8},{"not_picked":["Wild Strike","Bludgeon","Armaments"],"picked":"Singing Bowl","floor":10},{"not_picked":["Sever Soul","Cleave"],"picked":"Clothesline","floor":12},{"not_picked":["Flex","Seeing Red"],"picked":"Shrug It Off","floor":14},{"not_picked":["Barricade","Juggernaut"],"picked":"Offering","floor":16},{"not_picked":["Flex","Pommel Strike+1","Clothesline+1"],"picked":"Singing Bowl","floor":18},{"not_picked":["Perfected Strike+1","Whirlwind"],"picked":"Disarm","floor":23},{"not_picked":["Flex","Cleave+1","Iron Wave"],"picked":"Singing Bowl","floor":24},{"not_picked":["Brutality","Havoc","Body Slam"],"picked":"Singing Bowl","floor":29},{"not_picked":["Clash","Havoc"],"picked":"Flex+1","floor":31}],"player_experience":1968312,"relics_obtained":[{"floor":6,"key":"Old Coin"},{"floor":8,"key":"Juzu Bracelet"},{"floor":9,"key":"Singing Bowl"},{"floor":10,"key":"Tiny Chest"},{"floor":14,"key":"Regal Pillow"},{"floor":21,"key":"FossilizedHelix"},{"floor":23,"key":"Shuriken"},{"floor":26,"key":"Bag of Preparation"},{"floor":29,"key":"Peace Pipe"}],"event_choices":[{"damage_healed":0,"gold_gain":150,"player_choice":"AGREE","damage_taken":0,"max_hp_gain":0,"max_hp_loss":0,"event_name":"Liars Game","floor":3,"gold_loss":0,"cards_obtained":["Doubt"]},{"damage_healed":0,"gold_gain":0,"player_choice":"Entered Light","damage_taken":23,"max_hp_gain":0,"max_hp_loss":0,"event_name":"Shining Light","floor":4,"gold_loss":0,"cards_upgraded":["Defend_R","Strike_R"]},{"damage_healed":0,"gold_gain":0,"player_choice":"Grow","damage_taken":0,"max_hp_gain":0,"max_hp_loss":0,"event_name":"Living Wall","floor":11,"gold_loss":0,"cards_upgraded":["Evolve"]},{"damage_healed":0,"gold_gain":0,"player_choice":"Lose Max HP","damage_taken":0,"relics_obtained":["Golden Idol"],"max_hp_gain":0,"max_hp_loss":7,"event_name":"Golden Idol","floor":13,"gold_loss":0},{"damage_healed":0,"gold_gain":0,"player_choice":"Became a Ghost","damage_taken":0,"max_hp_gain":0,"max_hp_loss":40,"event_name":"Ghosts","floor":20,"gold_loss":0,"cards_obtained":["Ghostly","Ghostly","Ghostly"]},{"cards_removed":["Strike_R"],"damage_healed":0,"gold_gain":0,"player_choice":"Gave Gold","damage_taken":0,"max_hp_gain":0,"max_hp_loss":0,"event_name":"Beggar","floor":22,"gold_loss":75},{"damage_healed":0,"gold_gain":0,"player_choice":"Joined the Cult","damage_taken":6,"max_hp_gain":0,"max_hp_loss":0,"event_name":"Nest","floor":28,"gold_loss":0,"cards_obtained":["RitualDagger"]},{"damage_healed":0,"gold_gain":0,"player_choice":"Simplicity","damage_taken":0,"max_hp_gain":0,"max_hp_loss":0,"event_name":"Back to Basics","floor":30,"gold_loss":0,"cards_upgraded":["Strike_R","Strike_R","Defend_R","Defend_R","Defend_R"]}],"is_beta":true,"boss_relics":[{"not_picked":["Ectoplasm","Mark of Pain"],"picked":"Runic Pyramid"}],"items_purged_floors":[19,25],"is_endless":false,"potions_floor_spawned":[1,5,6,8,14,23,29],"killed_by":"Automaton","ascension_level":20}}