{"host":"syozzdlzcqop4jia","time":1613180008,"event":{"mods":["AchievementEnabler","BaseMod","Colored Map","Colored Powertips","Minty Spire (QoL Compilation)","Quick Restart"],"gold_per_floor":[117,117,129,142,159,159,184,184,207,207,224,224,253,270,270,373,373,386,398,398,414,57,57,57,70,93,93,104,116,135,150,150,245,245,264,264,278,296,142,142,142,142,142,102,120,38,50,63,63,63,63],"floor_reached":50,"language":"ENG","playtime":2285,"items_purged":[],"score":560,"play_id":"423fd431-4efc-4f2a-acd6-4e5d058a1545","local_time":"20210213023328","is_ascension_mode":false,"campfire_choices":[{"floor":6,"key":"RECALL"},{"floor":12,"key":"REST"},{"data":"Double Tap","floor":15,"key":"SMITH"},{"floor":23,"key":"REST"},{"data":"Fiend Fire","floor":27,"key":"SMITH"},{"data":"Rage","floor":32,"key":"SMITH"},{"data":"Inflame","floor":40,"key":"SMITH"},{"data":"Uppercut","floor":42,"key":"SMITH"},{"floor":49,"key":"REST"}],"circlet_count":0,"master_deck":["Strike_R+1","Strike_R","Strike_R","Strike_R","Strike_R","Defend_R","Defend_R+1","Defend_R","Bash","Anger+1","Fiend Fire+1","Sever Soul","Double Tap+1","Uppercut+1","Rage+1","Perfected Strike+1","Headbutt+1","Bludgeon+1","Pummel+1","Flex+1","Wild Strike+1","Perfected Strike+1","Thunderclap+1","Pummel+1","Immolate+1","Clothesline+1","Bludgeon+1","Wild Strike+1","Whirlwind+1","Perfected Strike+1","Inflame+1","Pummel+1","Perfected Strike+1","Anger+1","Inflame","Immolate+1"],"relics":["Burning Blood","Ancient Tea Set","Molten Egg 2","Strawberry","Velvet Choker","Ginger","Blood Vial","Sling","MutagenicStrength","Potion Belt","Sozu","Gremlin Horn","Juzu Bracelet"],"acts_visited":["Exordium","TheCity","TheBeyond"],"potions_floor_usage":[7,13,18,29,33,50,50],"damage_taken":[{"damage":7,"enemies":"2 Louse","floor":1,"turns":4},{"damage":0,"enemies":"Cultist","floor":3,"turns":2},{"damage":6,"enemies":"Jaw Worm","floor":4,"turns":2},{"damage":23,"enemies":"Exordium Wildlife","floor":5,"turns":4},{"damage":17,"enemies":"3 Sentries","floor":7,"turns":8},{"damage":16,"enemies":"Large Slime","floor":11,"turns":4},{"damage":0,"enemies":"Gremlin Nob","floor":13,"turns":3},{"damage":7,"enemies":"3 Louse","floor":14,"turns":3},{"damage":64,"enemies":"Hexaghost","floor":16,"turns":7},{"damage":19,"enemies":"2 Thieves","floor":18,"turns":3},{"damage":0,"enemies":"Chosen","floor":19,"turns":1},{"damage":49,"enemies":"Shelled Parasite and Fungi","floor":21,"turns":4},{"damage":0,"enemies":"Sentry and Sphere","floor":25,"turns":2},{"damage":0,"enemies":"Centurion and Healer","floor":28,"turns":2},{"damage":33,"enemies":"Snake Plant","floor":29,"turns":3},{"damage":10,"enemies":"Sentry and Sphere","floor":30,"turns":3},{"damage":0,"enemies":"Shelled Parasite and Fungi","floor":31,"turns":1},{"damage":80,"enemies":"Automaton","floor":33,"turns":8},{"damage":10,"enemies":"Orb Walker","floor":35,"turns":2},{"damage":8,"enemies":"3 Darklings","floor":37,"turns":3},{"damage":20,"enemies":"4 Shapes","floor":38,"turns":2},{"damage":7,"enemies":"Jaw Worm Horde","floor":45,"turns":3},{"damage":23,"enemies":"3 Darklings","floor":47,"turns":3},{"damage":18,"enemies":"Maw","floor":48,"turns":3},{"damage":95,"enemies":"Donu and Deca","floor":50,"turns":6}],"seed_played":"-6056867248800039803","potions_obtained":[{"floor":3,"key":"GamblersBrew"},{"floor":4,"key":"Block Potion"},{"floor":5,"key":"BlessingOfTheForge"},{"floor":16,"key":"AttackPotion"},{"floor":18,"key":"SmokeBomb"},{"floor":19,"key":"Regen Potion"},{"floor":25,"key":"BlessingOfTheForge"},{"floor":30,"key":"DistilledChaos"},{"floor":31,"key":"Dexterity Potion"},{"floor":33,"key":"Explosive Potion"}],"is_trial":false,"path_per_floor":["M","?","M","M","M","R","E","?","T","T","M","R","E","M","R","B",null,"M","M","?","M","$","R","?","M","T","R","M","M","M","M","R","B",null,"M","?","M","M","$","R","T","R","T","?","M","$","M","M","R","B"],"character_chosen":"IRONCLAD","items_purchased":["Blood Vial","Sling","Perfected Strike+1","Inflame","Pummel+1","Perfected Strike+1","Inflame"],"campfire_rested":3,"item_purchase_floors":[22,22,22,39,39,39,46],"current_hp_per_floor":[87,87,88,88,71,71,60,65,65,65,55,82,95,94,94,36,100,87,93,93,50,50,80,80,88,88,88,96,77,75,83,83,11,100,96,96,96,84,84,84,84,84,84,84,85,85,70,60,90,0,0],"gold":63,"neow_bonus":"TEN_PERCENT_HP_BONUS","is_daily":false,"chose_seed":false,"campfire_upgraded":5,"win_rate":0.0,"timestamp":1613180008,"path_taken":["M","?","?","M","M","R","E","?","T","?","M","R","E","M","R","BOSS","M","M","?","M","$","R","?","M","T","R","M","M","M","M","R","BOSS","M","?","?","M","$","R","?","R","T","?","M","$","M","M","R","BOSS"],"items_purchased_type":["Relic","Relic","Card","Card","Card","Card","Card"],"build_version":"2020-12-22","purchased_purges":0,"victory":false,"max_hp_per_floor":[88,88,88,88,88,88,88,93,93,93,93,93,100,100,100,100,100,100,100,100,100,100,100,100,100,100,100,100,100,100,100,100,100,100,100,100,100,100,100,100,100,100,100,100,100,100,100,100,100,100,100],"card_choices":[{"not_picked":["Clothesline","Whirlwind"],"picked":"Anger","floor":1},{"not_picked":["Havoc","Armaments"],"picked":"Sever Soul","floor":3},{"not_picked":["Dark Embrace","Feel No Pain"],"picked":"Double Tap","floor":4},{"not_picked":["Sentinel","Armaments","True Grit"],"picked":"SKIP","floor":5},{"not_picked":["Sentinel","Berserk"],"picked":"Uppercut","floor":7},{"not_picked":["Perfected Strike+1","Dual Wield"],"picked":"Rage","floor":11},{"not_picked":["Clothesline+1","Juggernaut"],"picked":"Perfected Strike+1","floor":13},{"not_picked":["Dual Wield","Armaments"],"picked":"Headbutt+1","floor":14},{"not_picked":["Juggernaut","Barricade"],"picked":"Bludgeon+1","floor":16},{"not_picked":["Dropkick+1","Clothesline+1"],"picked":"Pummel+1","floor":18},{"not_picked":["Sword Boomerang+1","Thunderclap+1"],"picked":"Flex+1","floor":19},{"not_picked":["Juggernaut","Headbutt+1"],"picked":"Wild Strike+1","floor":21},{"not_picked":["Shockwave","Whirlwind+1"],"picked":"Thunderclap+1","floor":25},{"not_picked":["True Grit","Havoc"],"picked":"Pummel+1","floor":28},{"not_picked":["Perfected Strike+1","True Grit"],"picked":"Immolate+1","floor":29},{"not_picked":["True Grit","Cleave+1"],"picked":"Clothesline+1","floor":30},{"not_picked":["Body Slam+1","Dark Embrace","Infernal Blade"],"picked":"SKIP","floor":31},{"not_picked":["Barricade","Exhume"],"picked":"Bludgeon+1","floor":33},{"not_picked":["Intimidate","Thunderclap+1"],"picked":"Wild Strike+1","floor":35},{"not_picked":["Body Slam+1","Bloodletting"],"picked":"Whirlwind+1","floor":37},{"not_picked":["Sever Soul+1","Twin Strike+1"],"picked":"Perfected Strike+1","floor":38},{"not_picked":["Clash+1","True Grit+1"],"picked":"Anger+1","floor":45},{"not_picked":["Armaments","Bloodletting+1"],"picked":"Immolate+1","floor":47},{"not_picked":["Fire Breathing+1","Dual Wield","Searing Blow+1"],"picked":"SKIP","floor":48}],"player_experience":706279,"relics_obtained":[{"floor":7,"key":"Ancient Tea Set"},{"floor":10,"key":"Molten Egg 2"},{"floor":13,"key":"Strawberry"},{"floor":26,"key":"Potion Belt"},{"floor":41,"key":"Gremlin Horn"},{"floor":43,"key":"Juzu Bracelet"}],"event_choices":[{"damage_healed":0,"gold_gain":0,"cards_transformed":["Defend_R"],"player_choice":"Transformed","damage_taken":0,"max_hp_gain":0,"max_hp_loss":0,"event_name":"Transmorgrifier","floor":2,"gold_loss":0,"cards_obtained":["Fiend Fire"]},{"damage_healed":0,"gold_gain":0,"player_choice":"Donut","damage_taken":0,"max_hp_gain":5,"max_hp_loss":0,"event_name":"Big Fish","floor":8,"gold_loss":0},{"damage_healed":0,"gold_gain":0,"player_choice":"Opened","damage_taken":0,"relics_obtained":["Ginger"],"max_hp_gain":0,"max_hp_loss":0,"event_name":"The Mausoleum","floor":20,"gold_loss":0},{"damage_healed":0,"gold_gain":0,"player_choice":"Inject Mutagens","damage_taken":0,"relics_obtained":["MutagenicStrength"],"max_hp_gain":0,"max_hp_loss":0,"event_name":"Drug Dealer","floor":24,"gold_loss":0},{"damage_healed":0,"gold_gain":0,"player_choice":"Forge","damage_taken":0,"max_hp_gain":0,"max_hp_loss":0,"event_name":"Accursed Blacksmith","floor":36,"gold_loss":0,"cards_upgraded":["Anger"]},{"damage_healed":0,"gold_gain":0,"player_choice":"Upgraded Two","damage_taken":0,"max_hp_gain":0,"max_hp_loss":0,"event_name":"Designer","floor":44,"gold_loss":40,"cards_upgraded":["Strike_R","Defend_R"]}],"is_beta":false,"boss_relics":[{"not_picked":["Tiny House","Astrolabe"],"picked":"Velvet Choker"},{"not_picked":["Coffee Dripper","Black Star"],"picked":"Sozu"}],"items_purged_floors":[],"is_endless":false,"potions_floor_spawned":[3,4,5,16,18,19,25,30,31,33,37,45],"killed_by":"Donu and Deca","ascension_level":0}}