{"host":"p0hktren06injwdf","time":1613185626,"event":{"mods":["AchievementEnabler","BaseMod","Colored Map","DeckTracker","Minty Spire (QoL Compilation)","Permanent Neow","StSLib","SuperFastMode"],"gold_per_floor":[117,130,145,155,155,180,180,193,193,212,49,65,65,99,99,170,170,185,100,41,56,74,74,104,104,104],"floor_reached":25,"language":"KOR","playtime":505,"items_purged":["Strike_G"],"score":470,"play_id":"0d23c6f1-4532-4d25-af2f-a52bf00c3182","local_time":"20210213120706","is_ascension_mode":true,"campfire_choices":[{"data":"All Out Attack","floor":7,"key":"SMITH"},{"data":"Bouncing Flask","floor":13,"key":"SMITH"},{"data":"Bane","floor":15,"key":"SMITH"},{"data":"Deadly Poison","floor":23,"key":"SMITH"}],"circlet_count":0,"master_deck":["AscendersBane","Strike_G","Strike_G","Strike_G","Defend_G","Defend_G","Defend_G","Defend_G","Defend_G","Survivor","Neutralize","Bane+1","Poisoned Stab","All Out Attack+1","Bouncing Flask+1","Quick Slash","Deflect","Corpse Explosion","Footwork","Dodge and Roll","Leg Sweep","Malaise","Deadly Poison+1","Backflip","Backstab"],"relics":["Ring of the Snake","Thread and Needle","Art of War","MealTicket","Pear","HoveringKite","Smiling Mask","Bag of Preparation"],"acts_visited":["Exordium","TheCity"],"potions_floor_usage":[4,14,16,22,24],"damage_taken":[{"damage":1,"enemies":"2 Louse","floor":1,"turns":3},{"damage":1,"enemies":"Cultist","floor":2,"turns":3},{"damage":1,"enemies":"Jaw Worm","floor":3,"turns":2},{"damage":2,"enemies":"3 Louse","floor":4,"turns":2},{"damage":23,"enemies":"Gremlin Nob","floor":6,"turns":4},{"damage":13,"enemies":"Exordium Wildlife","floor":8,"turns":5},{"damage":0,"enemies":"Blue Slaver","floor":10,"turns":3},{"damage":1,"enemies":"3 Louse","floor":12,"turns":3},{"damage":11,"enemies":"Lagavulin","floor":14,"turns":4},{"damage":17,"enemies":"Slime Boss","floor":16,"turns":7},{"damage":10,"enemies":"Spheric Guardian","floor":18,"turns":4},{"damage":16,"enemies":"Chosen","floor":21,"turns":6},{"damage":9,"enemies":"Centurion and Healer","floor":22,"turns":7},{"damage":21,"enemies":"Book of Stabbing","floor":24,"turns":9},{"damage":26,"enemies":"3 Cultists","floor":25,"turns":4}],"seed_played":"530694181938499745","potions_obtained":[{"floor":2,"key":"Fruit Juice"},{"floor":4,"key":"SteroidPotion"},{"floor":10,"key":"Energy Potion"},{"floor":12,"key":"Strength Potion"},{"floor":21,"key":"Energy Potion"},{"floor":22,"key":"AttackPotion"}],"is_trial":false,"path_per_floor":["M","M","M","M","?","E","R","M","T","M","$","M","R","E","R","B",null,"M","?","$","M","M","R","E","M"],"character_chosen":"THE_SILENT","items_purchased":["Footwork","Deadly Poison"],"campfire_rested":0,"item_purchase_floors":[11,20],"current_hp_per_floor":[58,57,56,59,59,36,36,23,23,23,38,37,37,36,36,19,66,56,56,71,55,46,46,25,0,0],"gold":104,"neow_bonus":"TRANSFORM_CARD","is_daily":false,"chose_seed":false,"campfire_upgraded":4,"win_rate":0.0,"timestamp":1613185626,"path_taken":["M","M","M","M","?","E","R","M","T","?","?","M","R","E","R","BOSS","M","?","$","M","M","R","E","M"],"items_purchased_type":["Card","Card"],"build_version":"2020-12-22","purchased_purges":1,"victory":false,"max_hp_per_floor":[66,66,66,71,71,71,71,71,71,71,71,71,71,81,81,81,81,81,81,81,81,81,81,81,81,81],"card_choices":[{"not_picked":["Flying Knee","Underhanded Strike"],"picked":"Poisoned Stab","floor":1},{"not_picked":["Terror","Quick Slash"],"picked":"All Out Attack","floor":2},{"not_picked":["Calculated Gamble","PiercingWail"],"picked":"Bouncing Flask","floor":3},{"not_picked":["Cloak And Dagger","Setup"],"picked":"Quick Slash","floor":4},{"not_picked":["Well Laid Plans","Prepared"],"picked":"Deflect","floor":6},{"not_picked":["Setup","Predator"],"picked":"Corpse Explosion","floor":8},{"not_picked":["Tactician","Concentrate","Finisher"],"picked":"SKIP","floor":10},{"not_picked":["Underhanded Strike","Setup"],"picked":"Dodge and Roll","floor":12},{"not_picked":["Blade Dance","Prepared"],"picked":"Leg Sweep","floor":14},{"not_picked":["Night Terror","Tools of the Trade"],"picked":"Malaise","floor":16},{"not_picked":["Slice","Poisoned Stab","Terror"],"picked":"SKIP","floor":18},{"not_picked":["Flechettes","Flying Knee"],"picked":"Backflip","floor":21},{"not_picked":["Poisoned Stab","Deflect","Caltrops"],"picked":"SKIP","floor":22},{"not_picked":["Poisoned Stab","Backflip"],"picked":"Backstab","floor":24}],"player_experience":1042463,"relics_obtained":[{"floor":6,"key":"Art of War"},{"floor":9,"key":"MealTicket"},{"floor":14,"key":"Pear"},{"floor":24,"key":"Bag of Preparation"}],"event_choices":[{"damage_healed":0,"gold_gain":0,"player_choice":"Gave Potion","damage_taken":0,"relics_obtained":["Thread and Needle"],"max_hp_gain":0,"max_hp_loss":0,"event_name":"WeMeetAgain","floor":5,"gold_loss":0},{"damage_healed":0,"gold_gain":0,"player_choice":"Obtained Relic","damage_taken":0,"relics_obtained":["Smiling Mask"],"max_hp_gain":0,"max_hp_loss":0,"event_name":"Addict","floor":19,"gold_loss":85}],"is_beta":false,"boss_relics":[{"not_picked":["Runic Pyramid","Tiny House"],"picked":"HoveringKite"}],"items_purged_floors":[11],"is_endless":false,"potions_floor_spawned":[2,4,10,12,21,22],"killed_by":"3 Cultists","ascension_level":20}}