{"host":"bebwmhhch11ak7yk","time":1613226959,"event":{"mods":["Act Like it!","Arknights","Aspiration","BaseMod","Better Skull","Better Third Choice","Colored Powertips","Elementarium","Fiend Mod","Hermit","Hunter ??","Kratos Character Expansion","Luminous","Minty Spire (QoL Compilation)","Replay The Spire","SIMod","StSLib","The Animator","The Blackbeard","The Bladedancer","The Bug Knight","The Cursed","The Necromancer","The Servant 0.9.4","The Vixen"],"gold_per_floor":[112,112,131,146,166,196,196,216,270,270,289,304,160,179,179,179,179],"floor_reached":16,"language":"ENG","playtime":1061,"items_purged":[],"score":106,"play_id":"3efeaee9-c30c-4da0-87ef-147debe7e2fc","local_time":"20210213153559","is_ascension_mode":false,"campfire_choices":[{"data":"HollowMod:NewJinnsSoul","floor":7,"key":"SMITH"},{"floor":10,"key":"REST"},{"data":"HollowMod:FocusHealStart","floor":15,"key":"SMITH"}],"circlet_count":0,"master_deck":["HollowMod:NailStrikeStart","HollowMod:NailStrikeStart","HollowMod:NailStrikeStart+1","HollowMod:NailStrikeStart","HollowMod:QuickDashStart","HollowMod:QuickDashStart","HollowMod:QuickDashStart","HollowMod:QuickDashStart","HollowMod:FocusHealStart+1","HollowMod:PogoStrike","HollowMod:CycloneSlash","HollowMod:QuirrelsAssistance","HollowMod:NewJinnsSoul+1","HollowMod:HeavyBlow","HollowMod:TaintedHusks","HollowMod:InfectedAttack","HollowMod:GrimmsGift","HollowMod:TaintedHusks","HollowMod:InfectedCysts"],"relics":["HollowMod:VesselMask","NeowsBlessing","Blue Doll","Toy Ornithopter","HollowMod:KingsBrand"],"acts_visited":["Exordium"],"potions_floor_usage":[6,12,12,14,16],"damage_taken":[{"damage":0,"enemies":"Small Slimes","floor":1,"turns":1},{"damage":0,"enemies":"Jaw Worm","floor":3,"turns":1},{"damage":0,"enemies":"2 Louse","floor":4,"turns":1},{"damage":7,"enemies":"Exordium Wildlife","floor":5,"turns":3},{"damage":24,"enemies":"Gremlin Nob","floor":6,"turns":4},{"damage":15,"enemies":"Exordium Thugs","floor":8,"turns":5},{"damage":7,"enemies":"Blue Slaver","floor":11,"turns":4},{"damage":10,"enemies":"Looter","floor":12,"turns":2},{"damage":19,"enemies":"2 Fungi Beasts","floor":14,"turns":3},{"damage":72,"enemies":"Fading Forest","floor":16,"turns":7}],"seed_played":"-5752969719475147204","potions_obtained":[{"floor":5,"key":"FearPotion"},{"floor":6,"key":"SkillPotion"},{"floor":8,"key":"FearPotion"},{"floor":11,"key":"AttackPotion"},{"floor":12,"key":"DuplicationPotion"}],"is_trial":false,"path_per_floor":["M","?","M","M","M","E","R","M","T","R","M","M","$","M","R","B"],"character_chosen":"THE_BUGKNIGHT","items_purchased":["HollowMod:KingsBrand"],"campfire_rested":1,"item_purchase_floors":[13],"current_hp_per_floor":[75,75,75,75,68,54,54,39,39,61,54,54,54,46,46,0,0],"gold":179,"neow_bonus":"THREE_ENEMY_KILL","is_daily":false,"chose_seed":false,"campfire_upgraded":2,"win_rate":0.0,"timestamp":1613226959,"path_taken":["M","?","M","M","M","E","R","M","T","R","M","M","$","M","R","BOSS"],"items_purchased_type":["Relic"],"build_version":"2020-12-22","purchased_purges":0,"victory":false,"max_hp_per_floor":[75,75,75,75,75,75,75,75,75,75,75,75,75,75,75,75,75],"card_choices":[{"not_picked":["HollowMod:SiblingsSouls","HollowMod:SoulSplash"],"picked":"HollowMod:CycloneSlash","floor":1},{"not_picked":["HollowMod:MawleksShell","HollowMod:InfectionAssault"],"picked":"HollowMod:QuirrelsAssistance","floor":3},{"not_picked":["HollowMod:SharpenedNail","HollowMod:BlackTendrils"],"picked":"HollowMod:NewJinnsSoul","floor":4},{"not_picked":["HollowMod:FastStrike","HollowMod:SharpenedNail"],"picked":"HollowMod:HeavyBlow","floor":5},{"not_picked":["HollowMod:VengefulVoid","HollowMod:SiblingsShadow"],"picked":"HollowMod:TaintedHusks","floor":6},{"not_picked":["HollowMod:NewJinnsSoul","HollowMod:VengefulVoid"],"picked":"HollowMod:InfectedAttack","floor":8},{"not_picked":["HollowMod:BlackTendrils","HollowMod:DreamGate"],"picked":"HollowMod:GrimmsGift","floor":11},{"not_picked":["HollowMod:NewLittleFool","HollowMod:WraithStrike"],"picked":"HollowMod:TaintedHusks","floor":12},{"not_picked":["HollowMod:NewJinnsSoul","HollowMod:AbyssShriek"],"picked":"HollowMod:InfectedCysts","floor":14}],"player_experience":356480,"relics_obtained":[{"floor":6,"key":"Blue Doll"},{"floor":9,"key":"Toy Ornithopter"}],"event_choices":[],"is_beta":false,"boss_relics":[],"items_purged_floors":[],"is_endless":false,"potions_floor_spawned":[5,6,8,11,12],"killed_by":"Fading Forest","ascension_level":0}}