{"host":"1w6a2rjjfnt8te8e","time":1613215623,"event":{"mods":["AchievementEnabler","BaseMod","Colored Powertips","Googly Eyes","Highlight Path","Minty Spire (QoL Compilation)","Quick Restart","Relic Stats","StSLib"],"gold_per_floor":[119,40,54,15,31,31,58,10,36,36,36],"floor_reached":10,"language":"ENG","playtime":332,"items_purged":[],"score":116,"play_id":"119cafe8-ec82-4e2e-aa51-381aa2a4a4ca","local_time":"20210213192703","is_ascension_mode":true,"campfire_choices":[{"data":"Flechettes","floor":6,"key":"SMITH"}],"circlet_count":0,"master_deck":["AscendersBane","Strike_G","Strike_G","Strike_G","Strike_G","Defend_G","Defend_G","Defend_G","Defend_G","Survivor","Neutralize","Blur","Flechettes+1","Escape Plan","Expertise","Leg Sweep","Deadly Poison","Blade Dance"],"relics":["Ring of the Snake","Smiling Mask","Omamori"],"acts_visited":["Exordium"],"potions_floor_usage":[],"damage_taken":[{"damage":0,"enemies":"Small Slimes","floor":1,"turns":5},{"damage":0,"enemies":"2 Louse","floor":3,"turns":3},{"damage":0,"enemies":"Jaw Worm","floor":5,"turns":5},{"damage":57,"enemies":"Lagavulin","floor":7,"turns":12},{"damage":13,"enemies":"Gremlin Nob","floor":10,"turns":2}],"seed_played":"-1328244803818402162","potions_obtained":[],"is_trial":false,"path_per_floor":["M","$","M","$","M","R","E","$","T","E"],"character_chosen":"THE_SILENT","items_purchased":["Flechettes","Expertise","Blade Dance"],"campfire_rested":0,"item_purchase_floors":[2,4,8],"current_hp_per_floor":[59,59,59,59,59,59,2,2,2,0,0],"gold":36,"neow_bonus":"REMOVE_TWO","is_daily":false,"chose_seed":false,"campfire_upgraded":1,"win_rate":0.0,"timestamp":1613215623,"path_taken":["M","$","M","$","M","R","E","$","T","E"],"items_purchased_type":["Card","Card","Card"],"build_version":"2020-12-22","purchased_purges":0,"victory":false,"max_hp_per_floor":[60,60,60,60,60,60,60,60,60,60,60],"relic_stats":{"counters":[5,27],"Smiling Mask":0,"obtain_stats":[{"Omamori":9,"Smiling Mask":7,"Ring of the Snake":0},{"Omamori":4,"Smiling Mask":4,"Ring of the Snake":0},{"Omamori":25,"Smiling Mask":25,"Ring of the Snake":0}],"Ring of the Snake":[10]},"card_choices":[{"not_picked":["Sucker Punch","Outmaneuver"],"picked":"Blur","floor":1},{"not_picked":["Deflect","Reflex"],"picked":"Escape Plan","floor":3},{"not_picked":["Reflex","Calculated Gamble"],"picked":"Leg Sweep","floor":5},{"not_picked":["Bane","PiercingWail"],"picked":"Deadly Poison","floor":7}],"player_experience":325372,"relics_obtained":[{"floor":7,"key":"Smiling Mask"},{"floor":9,"key":"Omamori"}],"event_choices":[],"is_beta":false,"boss_relics":[],"items_purged_floors":[],"is_endless":false,"potions_floor_spawned":[],"killed_by":"Gremlin Nob","ascension_level":15}}