{"host":"am0cr9xwekqmrere","time":1613190757,"event":{"mods":["AchievementEnabler","Act Like it!","BaseMod","Better Altar","Better Match","Better Note","Better Sensory Stone","Better Skull","Better Third Choice","BetterRewards","Conspire","Downfall","Hubris","Infinite Spire","Minty Spire (QoL Compilation)","Rare Cards Sparkle","Spicy Shops","StSLib","Unceasing Turn Reminder"],"gold_per_floor":[99,118,218,218,237,252,278,297,312,2,2,22,32,17,31,137,137,137,153,153,178,178,178,178,189,189,208,133,156,156,177,210,210,210,210],"floor_reached":33,"language":"ENG","playtime":1600,"items_purged":["infinitespire:Pacifist"],"score":345,"play_id":"cdc1c9d8-50ba-43e8-b749-844bc333be77","local_time":"20210212223237","is_ascension_mode":false,"campfire_choices":[{"data":"hexamod:Float","floor":1,"key":"SMITH"},{"data":"hexamod:VolcanoVisage","floor":18,"key":"SMITH"},{"data":"hexamod:Sear","floor":23,"key":"SMITH"},{"data":"hexamod:TimeOfNeed","floor":26,"key":"SMITH"}],"circlet_count":0,"master_deck":["hexamod:Strike","hexamod:Strike","hexamod:Strike+1","hexamod:Strike","hexamod:Defend","hexamod:Defend+1","hexamod:Defend","hexamod:Defend","hexamod:Sear+1","hexamod:Float+1","hexamod:TurnItUp","hexamod:ThermalTransfer","downfall:Haunted","downfall:Haunted","downfall:Haunted","hexamod:ApocalypseNow+1","hexamod:RecurringNightmare","hexamod:HeatMetal","hexamod:Firestarter+1","hexamod:SecondSeal","hexamod:NightmareStrike+1","hexamod:SkipABeat","hexamod:ThirdSeal","hexamod:SixthSeal","hexamod:Hexaguard+1","hexamod:PhantomCloak+1","hexamod:VolcanoVisage+1","hexamod:ApocalypticArmor","hexamod:NightmareGuise+1","hexamod:Firestarter","hexamod:Hexaguard+1","hexamod:TimeOfNeed+1","Regret","hexamod:GhostLash+1","hexamod:GhostflameBarrier+1","hexamod:NightmareGuise+1","hexamod:ExtraCrispy","hexamod:ExtraCrispy","hexamod:InspiringFlames","hexamod:Firestarter","hexamod:Firestarter"],"relics":["hexamod:SpiritBrand","Darkstone Periapt","hubris:TenFootPole","Guardian:PocketSentry","Membership Card","conspire:Dentures","Oddly Smooth Stone","Black Star","Bottled Tornado"],"acts_visited":["Exordium","TheCity"],"potions_floor_usage":[10,10,13,14,21,25,25,27,29],"damage_taken":[{"damage":0,"enemies":"Small Slimes","floor":2,"turns":3},{"damage":1,"enemies":"Jaw Worm","floor":5,"turns":3},{"damage":4,"enemies":"conspire:RoseBush","floor":6,"turns":6},{"damage":7,"enemies":"Blue Slaver","floor":8,"turns":4},{"damage":2,"enemies":"Large Slime","floor":9,"turns":4},{"damage":10,"enemies":"downfall:FleeingMerchant","floor":10,"turns":4},{"damage":0,"enemies":"2 Fungi Beasts","floor":12,"turns":4},{"damage":4,"enemies":"3 Louse","floor":13,"turns":5},{"damage":10,"enemies":"downfall:FleeingMerchant","floor":14,"turns":4},{"damage":10,"enemies":"Exordium Thugs","floor":15,"turns":4},{"damage":27,"enemies":"SI_SHIV_ARCHETYPE","floor":16,"turns":13},{"damage":16,"enemies":"Chosen","floor":19,"turns":6},{"damage":6,"enemies":"3 Byrds","floor":21,"turns":5},{"damage":6,"enemies":"Snake Plant","floor":25,"turns":3},{"damage":11,"enemies":"Snecko","floor":27,"turns":5},{"damage":10,"enemies":"conspire:HollyBat","floor":29,"turns":10},{"damage":28,"enemies":"Cultist and Chosen","floor":31,"turns":7},{"damage":37,"enemies":"Centurion and Healer","floor":32,"turns":9},{"damage":0,"enemies":"WA_ARCHETYPE_CALM","floor":33,"turns":1}],"seed_played":"-4914278205687331329","potions_obtained":[{"floor":8,"key":"BlessingOfTheForge"},{"floor":9,"key":"Explosive Potion"},{"floor":12,"key":"Weak Potion"},{"floor":13,"key":"SkillPotion"},{"floor":16,"key":"SpeedPotion"},{"floor":20,"key":"champ:CounterPotion"},{"floor":20,"key":"EssenceOfSteel"},{"floor":20,"key":"SkillPotion"},{"floor":21,"key":"PowerPotion"},{"floor":29,"key":"Fruit Juice"},{"floor":32,"key":"Swift Potion"}],"is_trial":false,"path_per_floor":["R","M","?","?","M","M","T","M","M","$","T","M","M","$","M","B",null,"R","M","?","M","?","R","T","M","R","M","?","M","?","M","M","B"],"character_chosen":"THE_SPIRIT","items_purchased":["Membership Card","conspire:Dentures"],"campfire_rested":0,"item_purchase_floors":[10,10],"current_hp_per_floor":[70,70,105,93,92,88,88,81,79,69,69,69,65,55,45,18,105,105,89,89,83,89,89,89,83,83,72,72,67,67,39,2,2,2,2],"gold":210,"neow_bonus":"ONE_RANDOM_RARE_CARD","is_daily":false,"chose_seed":false,"campfire_upgraded":4,"win_rate":0.0,"timestamp":1613190757,"path_taken":["R","M","?","?","M","M","T","M","M","?","?","M","M","$","M","BOSS","R","M","?","M","?","R","T","M","R","?","?","M","?","M","M","BOSS"],"items_purchased_type":["Relic","Relic"],"build_version":"2020-12-22","purchased_purges":1,"victory":false,"max_hp_per_floor":[70,70,105,105,105,105,105,105,105,105,105,105,105,105,105,105,105,105,105,105,105,111,111,111,111,111,111,111,116,116,116,116,116,116,116],"card_choices":[{"not_picked":["hexamod:DynamicBlow","hexamod:InspiringFlames"],"picked":"hexamod:ThermalTransfer","floor":2},{"not_picked":["hexamod:NightmareStrike","hexamod:FastForward"],"picked":"hexamod:RecurringNightmare","floor":5},{"not_picked":["hexamod:BurningTouch","hexamod:GhostShield"],"picked":"hexamod:HeatMetal","floor":6},{"not_picked":["hexamod:NightmareGuise","hexamod:UnleashSpirits"],"picked":"hexamod:Firestarter","floor":8},{"not_picked":["hexamod:NightmareGuise","hexamod:HeatMetal"],"picked":"hexamod:SecondSeal","floor":9},{"not_picked":["hexamod:RetreatToShadows","hexamod:UnlimitedPower"],"picked":"hexamod:NightmareStrike","floor":10},{"not_picked":["hexamod:FastForward","hexamod:SuperheatedStrike"],"picked":"hexamod:SkipABeat","floor":12},{"not_picked":["hexamod:Firestarter","hexamod:AdvancingGuard"],"picked":"hexamod:ThirdSeal","floor":13},{"not_picked":["hexamod:HauntingEcho","hexamod:FlamesFromBeyond"],"picked":"hexamod:SixthSeal","floor":14},{"not_picked":["hexamod:InspiringFlames","hexamod:RainOfEmbers"],"picked":"hexamod:Hexaguard","floor":15},{"not_picked":["hexamod:GhostShield","hexamod:FastForward"],"picked":"hexamod:PhantomCloak","floor":15},{"not_picked":["hexamod:SearingWound","hexamod:ParanormalForm"],"picked":"hexamod:VolcanoVisage","floor":16},{"not_picked":["hexamod:TimeWarp","hexamod:TurnItUp"],"picked":"hexamod:ApocalypticArmor","floor":16},{"not_picked":["hexamod:RetreatToShadows","hexamod:GhostLash+1"],"picked":"hexamod:NightmareGuise+1","floor":19},{"not_picked":["hexamod:BurningTouch","hexamod:SpectersWail"],"picked":"hexamod:Firestarter","floor":19},{"not_picked":["hexamod:SuperheatedStrike+1","hexamod:NightmareStrike"],"picked":"hexamod:Hexaguard","floor":21},{"not_picked":["hexamod:NightmareGuise","hexamod:SuperheatedStrike+1"],"picked":"hexamod:TimeOfNeed","floor":21},{"not_picked":["hexamod:HauntingEcho","hexamod:NightmareStrike+1"],"picked":"hexamod:GhostLash+1","floor":25},{"not_picked":["hexamod:FastForward","hexamod:NightmareStrike"],"picked":"hexamod:GhostflameBarrier","floor":27},{"not_picked":["hexamod:GhostOfSpirePast","hexamod:PowerFromBeyond"],"picked":"hexamod:NightmareGuise+1","floor":29},{"not_picked":["hexamod:Again","hexamod:PowerFromBeyond"],"picked":"hexamod:ExtraCrispy","floor":29},{"not_picked":["hexamod:HauntingEcho","hexamod:GhostLash"],"picked":"hexamod:InspiringFlames","floor":31},{"not_picked":["hexamod:GhostOfSpirePresent","hexamod:HeatMetal+1"],"picked":"hexamod:Firestarter","floor":31},{"not_picked":["hexamod:HeatCrush","hexamod:BurningTouch+1"],"picked":"hexamod:Firestarter","floor":32},{"not_picked":["hexamod:FastForward","hexamod:ChargedBarrage","hexamod:RecurringNightmare"],"picked":"SKIP","floor":32}],"player_experience":2777707,"relics_obtained":[{"floor":7,"key":"Guardian:PocketSentry"},{"floor":11,"key":"Oddly Smooth Stone"},{"floor":24,"key":"Bottled Tornado"}],"event_choices":[{"damage_healed":0,"gold_gain":0,"player_choice":"Relic ","damage_taken":12,"max_hp_gain":0,"max_hp_loss":0,"event_name":"betterThird:BetterScrap","floor":4,"gold_loss":0,"cards_obtained":["Steam Power"]},{"damage_healed":0,"gold_gain":0,"player_choice":"Got Potions","damage_taken":0,"max_hp_gain":0,"max_hp_loss":0,"event_name":"Lab","floor":20,"gold_loss":0},{"damage_healed":0,"gold_gain":0,"player_choice":"2","damage_taken":0,"max_hp_gain":0,"max_hp_loss":0,"event_name":"betterMatch:BetterMatch","floor":28,"gold_loss":0,"cards_obtained":[]}],"is_beta":false,"boss_relics":[{"not_picked":["SacredBark","sneckomod:SneckoTalon"],"picked":"Black Star"}],"items_purged_floors":[10],"is_endless":false,"potions_floor_spawned":[8,9,12,13,16,21,29,32],"killed_by":"WA_ARCHETYPE_CALM","ascension_level":0}}