{"host":"7r2n0tv442aowt09","time":1613180212,"event":{"mods":["BaseMod","Curses Come First","Custom Start","Exacting","Highlight Path","Infinite Spire","Minty Spire (QoL Compilation)","Relic Sorter","StSLib"],"gold_per_floor":[129,165,165,165,204,204,240,240,240,240,240,240,665,665,665,893,893,932,932,932,424,424,508,508,586,667,760,856,494,593,1133,1133,1367,1367,1427,1427,884,884,884],"floor_reached":38,"language":"JPN","playtime":4105,"items_purged":["Shame","Decay","Strike_R+1"],"score":1224,"play_id":"10d984e6-8e2a-4700-a3a3-31ba08627999","local_time":"20210213103652","daily_mods":["Diverse","Flight","Lethality","Midas"],"is_ascension_mode":true,"campfire_choices":[{"data":"Strike_R","floor":6.0,"key":"PURGE"},{"data":"Strike_R","floor":8.0,"key":"PURGE"},{"data":"Strike_R","floor":10.0,"key":"PURGE"},{"data":"Normality","floor":12,"key":"PURGE"},{"data":"Injury","floor":15,"key":"PURGE"},{"data":"Strike_R+1","floor":24,"key":"PURGE"},{"data":"Jack Of All Trades","floor":32,"key":"PURGE"}],"circlet_count":0,"master_deck":["AscendersBane","Defend_R+1","Defend_R+1","Defend_R+1","Defend_R+1","Bash","Iron Wave+1","FlurryOfBlows+1","FearNoEvil+1","Slice+1","Masterful Stab+1","Flash of Steel+1","Sword Boomerang+1","Melter+1","FollowUp+1","CutThroughFate+1","Heel Hook+1","Dash+1"],"relics":["Black Blood","infinitespire:FocusingShard","infinitespire:WardingShard","Kunai","Darkstone Periapt","Singing Bowl","Molten Egg 2","Nuclear Battery","Juzu Bracelet","Peace Pipe","CloakClasp","Paper Crane","Old Coin","Charon\u0027s Ashes","Bag of Preparation","Bronze Scales","Toy Ornithopter","The Courier","Champion Belt","Lantern","Membership Card","Bag of Marbles","Blood Vial","Boot","Eternal Feather","StrikeDummy","Self Forming Clay","Ornamental Fan","Paper Frog"],"acts_visited":["Exordium","TheCity","TheBeyond"],"potions_floor_usage":[16,27,28,28,33,38,38],"damage_taken":[{"damage":7.0,"enemies":"Small Slimes","floor":1.0,"turns":2.0},{"damage":0.0,"enemies":"2 Louse","floor":2.0,"turns":2.0},{"damage":0.0,"enemies":"Cultist","floor":5.0,"turns":2.0},{"damage":4.0,"enemies":"Blue Slaver","floor":7.0,"turns":2.0},{"damage":1,"enemies":"Gremlin Nob","floor":13,"turns":3},{"damage":18,"enemies":"Hexaghost","floor":16,"turns":7},{"damage":0,"enemies":"Chosen","floor":18,"turns":3},{"damage":1,"enemies":"Nightmare","floor":23,"turns":5},{"damage":5,"enemies":"Book of Stabbing","floor":25,"turns":3},{"damage":0,"enemies":"Gremlin Leader","floor":27,"turns":4},{"damage":0,"enemies":"Slavers","floor":28,"turns":3},{"damage":0,"enemies":"Gremlin Leader","floor":30,"turns":3},{"damage":44,"enemies":"Champ","floor":33,"turns":7},{"damage":0,"enemies":"Orb Walker","floor":35,"turns":1},{"damage":0,"enemies":"infinitespire:Three Voidlings","floor":38,"turns":2},{"damage":129,"enemies":"Nightmare_Alpha","floor":38,"turns":10}],"seed_played":"8127643064436671499","potions_obtained":[{"floor":2.0,"key":"Weak Potion"},{"floor":16,"key":"DuplicationPotion"},{"floor":18,"key":"DistilledChaos"},{"floor":27,"key":"SkillPotion"},{"floor":28,"key":"LiquidMemories"},{"floor":30,"key":"AttackPotion"},{"floor":33,"key":"SkillPotion"},{"floor":35,"key":"LiquidMemories"}],"is_trial":true,"path_per_floor":["M","M","?","?","M","R","M","R","T","R","?","R","E","?","R","B",null,"M","?","?","$","?","NM","R","E","T","E","E","$","E","?","R","B",null,"M","?","$","?"],"character_chosen":"IRONCLAD","items_purchased":["Bag of Preparation","Bronze Scales","Flash of Steel+1","Membership Card","Bag of Marbles","Blood Vial","Boot","StrikeDummy","Self Forming Clay","Ornamental Fan","Paper Frog","Heel Hook+1","Dash+1"],"campfire_rested":0,"item_purchase_floors":[21,21,21,29,29,29,29,37,37,37,37,37,37],"current_hp_per_floor":[67,73,79,72,78,78,80,80,80,80,92,92,95,66,66,56,87,95,95,101,101,107,111,111,113,113,113,115,115,115,52,61,30,94,108,108,108,0,0],"gold":884,"neow_bonus":"","is_daily":false,"chose_seed":false,"campfire_upgraded":0,"win_rate":0.0,"timestamp":1613180212,"path_taken":["M","M","?","?","M","R","M","R","T","R","?","R","E","?","R","BOSS","M","?","?","$","?","NM","R","E","T","E","E","$","E","?","R","BOSS","M","?","$","?"],"items_purchased_type":["Relic","Relic","Card","Relic","Relic","Relic","Relic","Relic","Relic","Relic","Relic","Card","Card"],"build_version":"2020-12-22","purchased_purges":3,"victory":false,"max_hp_per_floor":[75,75,81,81,81,81,81,81,81,81,93,93,95,95,95,97,97,99,99,105,105,111,111,111,113,113,113,115,115,115,115,115,115,115,115,115,115,115,115],"card_choices":[{"not_picked":["Beam Cell+1","Outmaneuver"],"picked":"Iron Wave+1","floor":1.0},{"not_picked":["Undo","Heavy Blade+1"],"picked":"FlurryOfBlows+1","floor":2.0},{"not_picked":["Conclude+1","Steam"],"picked":"FearNoEvil+1","floor":5.0},{"not_picked":["Cold Snap+1","Scrawl"],"picked":"Slice+1","floor":7.0},{"not_picked":["Darkness","Armaments","Doom and Gloom+1"],"picked":"Singing Bowl","floor":13},{"not_picked":["Burst","Glass Knife+1","Exhume"],"picked":"Singing Bowl","floor":16},{"not_picked":["Ball Lightning+1","ClearTheMind","Stack"],"picked":"Singing Bowl","floor":18},{"not_picked":["Crescendo+1","Steam Power+1"],"picked":"Sword Boomerang+1","floor":23},{"not_picked":["Deflect","EmptyBody","Ball Lightning+1"],"picked":"Singing Bowl","floor":25},{"not_picked":["Conserve Battery+1","Predator+1"],"picked":"Melter+1","floor":27},{"not_picked":["ThirdEye","Rip and Tear+1","Tools of the Trade"],"picked":"Singing Bowl","floor":28},{"not_picked":["Storm","Backflip"],"picked":"FollowUp+1","floor":30},{"not_picked":["Omniscience","Barricade"],"picked":"Double Tap","floor":33},{"not_picked":["Fusion","Clash+1"],"picked":"CutThroughFate+1","floor":35}],"player_experience":2262684,"relics_obtained":[{"floor":9.0,"key":"infinitespire:WardingShard"},{"floor":13,"key":"Old Coin"},{"floor":23,"key":"Toy Ornithopter"},{"floor":25,"key":"The Courier"},{"floor":26,"key":"infinitespire:FocusingShard"},{"floor":27,"key":"Champion Belt"},{"floor":28,"key":"Lantern"},{"floor":30,"key":"Eternal Feather"}],"event_choices":[{"damage_healed":0.0,"max_hp_gain":0.0,"max_hp_loss":0.0,"gold_gain":0.0,"event_name":"Big Fish","player_choice":"Box","floor":3.0,"gold_loss":0.0,"damage_taken":0.0,"relics_obtained":["Kunai"],"cards_obtained":["Regret"]},{"cards_removed":["Regret"],"damage_healed":0.0,"max_hp_gain":0.0,"max_hp_loss":0.0,"gold_gain":0.0,"event_name":"Golden Wing","player_choice":"Card Removal","floor":4.0,"gold_loss":0.0,"damage_taken":7.0},{"damage_healed":0,"gold_gain":0,"player_choice":"3 cards matched","damage_taken":0,"max_hp_gain":0,"max_hp_loss":0,"event_name":"Match and Keep!","floor":11,"gold_loss":0,"cards_obtained":["Injury","Masterful Stab","Normality"]},{"damage_healed":0,"gold_gain":0,"player_choice":"Entered Light","damage_taken":29,"max_hp_gain":0,"max_hp_loss":0,"event_name":"Shining Light","floor":14,"gold_loss":0,"cards_upgraded":["Defend_R","Defend_R"]},{"damage_healed":0,"gold_gain":0,"player_choice":"Simplicity","damage_taken":0,"max_hp_gain":0,"max_hp_loss":0,"event_name":"Back to Basics","floor":19,"gold_loss":0,"cards_upgraded":["Strike_R","Strike_R","Defend_R","Defend_R"]},{"damage_healed":0,"gold_gain":0,"player_choice":"Stole Relic","damage_taken":0,"relics_obtained":["Charon\u0027s Ashes"],"max_hp_gain":0,"max_hp_loss":0,"event_name":"Addict","floor":20,"gold_loss":0,"cards_obtained":["Shame"]},{"damage_healed":0,"gold_gain":0,"player_choice":"Smashed Altar","damage_taken":0,"max_hp_gain":0,"max_hp_loss":0,"event_name":"Forgotten Altar","floor":22,"gold_loss":0,"cards_obtained":["Decay"]},{"damage_healed":0,"gold_gain":540,"player_choice":"GOLD GOLD GOLD GOLD GOLD GOLD CARD ","damage_taken":63,"max_hp_gain":0,"max_hp_loss":0,"event_name":"Knowing Skull","floor":31,"potions_obtained":[],"gold_loss":0,"cards_obtained":["Jack Of All Trades"]},{"cards_removed":["Double Tap"],"damage_healed":0,"gold_gain":0,"player_choice":"Removed Skill","damage_taken":0,"max_hp_gain":0,"max_hp_loss":0,"event_name":"Falling","floor":36,"gold_loss":0}],"is_beta":false,"boss_relics":[{"not_picked":["Runic Dome","Ectoplasm","Sozu"]},{"not_picked":["Cursed Key","Runic Cube"],"picked":"Black Blood"}],"items_purged_floors":[21,29,37],"is_endless":true,"potions_floor_spawned":[2,16,18,28,30,33,35],"killed_by":"Nightmare_Alpha","ascension_level":20}}