{"host":"oj1wqp41zfsetb5p","time":1613182323,"event":{"mods":["AchievementEnabler","BaseMod","Colored Map","Minty Spire (QoL Compilation)","Relic Stats","StSLib"],"gold_per_floor":[115,115,140,140,153,153,184,184,233,257,272,347,386,411,411,531,531,581,491,198,249,273,273,316,371,371,286,286,309,375,420,420,580,580,624,704,723,797,1130,1130,1163,1163,1190,1190,1150,1177,600,620,620,620,620,620,15,50,50],"floor_reached":56,"language":"ENG","playtime":10162,"items_purged":["Strike_P","WindmillStrike","LikeWater"],"score":1410,"play_id":"1598f192-baa5-4382-8c9f-e0aaaa0c0e90","local_time":"20210213131203","is_ascension_mode":true,"campfire_choices":[{"floor":6.0,"key":"REST"},{"floor":8.0,"key":"RECALL"},{"floor":15.0,"key":"REST"},{"floor":23.0,"key":"REST"},{"floor":32.0,"key":"REST"},{"floor":40.0,"key":"REST"},{"floor":42.0,"key":"REST"},{"floor":44.0,"key":"REST"},{"floor":49,"key":"REST"},{"floor":52,"key":"REST"}],"circlet_count":0,"master_deck":["Eruption","Vigilance+1","Wallop","CutThroughFate","BowlingBash","Meditate","Wish+1","EmptyMind","Fasting2","EmptyFist+1","Tantrum","FlurryOfBlows","SashWhip+1","SashWhip","JustLucky","Omniscience","Vault","Weave","SpiritShield","Vengeance","Wallop","JustLucky+1","CutThroughFate","Thinking Ahead","Wallop","Omniscience","Tantrum+1","ThirdEye","JustLucky","Wireheading+1","JustLucky","FlurryOfBlows+1","ThirdEye"],"relics":["Fusion Hammer","Vajra","Omamori","War Paint","Philosopher\u0027s Stone","ClockworkSouvenir","Unceasing Top","GoldenEye","Smiling Mask","Meat on the Bone","Pandora\u0027s Box","Lantern","StoneCalendar","Toy Ornithopter","Orrery","Strawberry","Happy Flower","Damaru"],"acts_visited":["Exordium","TheCity","TheBeyond","TheEnding"],"potions_floor_usage":[55,55,55],"damage_taken":[{"damage":2.0,"enemies":"Jaw Worm","floor":1.0,"turns":2.0},{"damage":0.0,"enemies":"Cultist","floor":3.0,"turns":2.0},{"damage":0.0,"enemies":"2 Louse","floor":5.0,"turns":1.0},{"damage":4.0,"enemies":"Lagavulin","floor":7.0,"turns":3.0},{"damage":19.0,"enemies":"Exordium Wildlife","floor":10.0,"turns":7.0},{"damage":0.0,"enemies":"Lots of Slimes","floor":11.0,"turns":2.0},{"damage":18.0,"enemies":"3 Sentries","floor":13.0,"turns":4.0},{"damage":0.0,"enemies":"Blue Slaver","floor":14.0,"turns":3.0},{"damage":10.0,"enemies":"Slime Boss","floor":16.0,"turns":8.0},{"damage":10.0,"enemies":"3 Byrds","floor":18.0,"turns":4.0},{"damage":0.0,"enemies":"Chosen","floor":21.0,"turns":6.0},{"damage":13.0,"enemies":"Shelled Parasite and Fungi","floor":22.0,"turns":4.0},{"damage":6.0,"enemies":"Book of Stabbing","floor":24.0,"turns":3.0},{"damage":2.0,"enemies":"Chosen and Byrds","floor":25.0,"turns":3.0},{"damage":0.0,"enemies":"Snecko","floor":29.0,"turns":3.0},{"damage":0.0,"enemies":"Gremlin Leader","floor":30.0,"turns":4.0},{"damage":0.0,"enemies":"3 Cultists","floor":31.0,"turns":3.0},{"damage":20.0,"enemies":"Collector","floor":33.0,"turns":5.0},{"damage":4.0,"enemies":"3 Shapes","floor":35.0,"turns":4.0},{"damage":0.0,"enemies":"3 Darklings","floor":36.0,"turns":3.0},{"damage":0.0,"enemies":"Transient","floor":37.0,"turns":6.0},{"damage":19.0,"enemies":"Spire Growth","floor":38.0,"turns":4.0},{"damage":3.0,"enemies":"Giant Head","floor":41.0,"turns":9.0},{"damage":0.0,"enemies":"Reptomancer","floor":46.0,"turns":3.0},{"damage":23,"enemies":"Writhing Mass","floor":48,"turns":3},{"damage":39,"enemies":"Awakened One","floor":50,"turns":9},{"damage":0,"enemies":"Shield and Spear","floor":54,"turns":4},{"damage":78,"enemies":"The Heart","floor":55,"turns":6}],"seed_played":"-6184354695864348131","potions_obtained":[{"floor":1.0,"key":"FearPotion"},{"floor":4.0,"key":"Explosive Potion"},{"floor":4.0,"key":"PowerPotion"},{"floor":7.0,"key":"LiquidBronze"},{"floor":11.0,"key":"SmokeBomb"},{"floor":13.0,"key":"Regen Potion"},{"floor":21.0,"key":"AttackPotion"},{"floor":22.0,"key":"Swift Potion"},{"floor":29.0,"key":"DuplicationPotion"},{"floor":30.0,"key":"Strength Potion"},{"floor":33.0,"key":"BottledMiracle"},{"floor":35.0,"key":"PowerPotion"},{"floor":45.0,"key":"GamblersBrew"},{"floor":45.0,"key":"Ancient Potion"},{"floor":46,"key":"Strength Potion"}],"is_trial":false,"path_per_floor":["M","?","M","?","M","R","E","R","T","M","M","?","E","M","R","B",null,"M","?","$","M","M","R","E","M","T","?","?","M","E","M","R","B",null,"M","M","M","M","?","R","E","R","T","R","?","E","$","M","R","B",null,"R","$","E","B",null],"character_chosen":"WATCHER","items_purchased":["Fasting2","ClockworkSouvenir","Thinking Ahead","Wallop","Toy Ornithopter","Omniscience","Orrery","Strawberry","Happy Flower","ThirdEye","Energy Potion"],"campfire_rested":9,"item_purchase_floors":[20,20,47,47,47,47,53,53,53,53,53],"current_hp_per_floor":[70,52,52,52,52,72,68,68,68,49,49,38,20,20,41,31,72,62,62,62,62,58,72,66,64,64,64,64,64,64,64,72,52,72,68,68,68,49,49,70,67,72,72,72,72,72,72,49,70,43,72,72,79,79,13],"gold":50,"neow_bonus":"BOSS_RELIC","is_daily":false,"chose_seed":false,"campfire_upgraded":0,"win_rate":0.0,"timestamp":1613182323,"path_taken":["M","?","M","?","M","R","E","R","T","M","?","?","E","M","R","BOSS","M","?","$","?","M","R","E","M","T","?","?","M","E","M","R","BOSS","M","?","M","M","?","R","E","R","T","R","?","E","?","M","R","BOSS","R","$","E","BOSS"],"items_purchased_type":["Card","Relic","Card","Card","Relic","Card","Relic","Relic","Relic","Card","Potion"],"build_version":"2020-12-22","purchased_purges":3,"victory":true,"max_hp_per_floor":[72,72,72,72,72,72,72,72,72,72,72,72,72,72,72,72,72,72,72,72,72,72,72,72,72,72,72,72,72,72,72,72,72,72,72,72,72,72,72,72,72,72,72,72,72,72,72,72,72,72,72,72,79,79,79],"relic_stats":{"Happy Flower":[3],"counters":[28,118],"Pandora\u0027s Box":["Vault","Weave","SpiritShield","WindmillStrike","Vengeance"],"StoneCalendar":[0],"War Paint":["Defend_P","Vigilance"],"GoldenEye":[91],"Smiling Mask":125,"obtain_stats":[{"Lantern":41,"Happy Flower":53,"Golden Idol":2,"Vajra":7,"Damaru":54,"StoneCalendar":46,"Omamori":9,"War Paint":13,"GoldenEye":26,"Smiling Mask":27,"ClockworkSouvenir":20,"Strawberry":53,"Orrery":53,"Philosopher\u0027s Stone":17,"Pandora\u0027s Box":34,"Fusion Hammer":0,"PureWater":0,"Unceasing Top":24,"Toy Ornithopter":47,"Meat on the Bone":30},{"Lantern":23,"Happy Flower":26,"Golden Idol":1,"Vajra":4,"Damaru":27,"StoneCalendar":24,"Omamori":4,"War Paint":7,"GoldenEye":14,"Smiling Mask":14,"ClockworkSouvenir":10,"Strawberry":26,"Orrery":26,"Philosopher\u0027s Stone":9,"Pandora\u0027s Box":18,"Fusion Hammer":0,"PureWater":0,"Unceasing Top":13,"Toy Ornithopter":24,"Meat on the Bone":16},{"Lantern":93,"Happy Flower":108,"Golden Idol":2,"Vajra":8,"Damaru":112,"StoneCalendar":96,"Omamori":8,"War Paint":21,"GoldenEye":52,"Smiling Mask":52,"ClockworkSouvenir":36,"Strawberry":108,"Orrery":108,"Philosopher\u0027s Stone":32,"Pandora\u0027s Box":67,"Fusion Hammer":0,"PureWater":0,"Unceasing Top":49,"Toy Ornithopter":96,"Meat on the Bone":59}],"Unceasing Top":[7],"Toy Ornithopter":0,"Meat on the Bone":24},"card_choices":[{"not_picked":["SignatureMove","CutThroughFate"],"picked":"Wallop","floor":1.0},{"not_picked":["Evaluate","Protect"],"picked":"CutThroughFate","floor":3.0},{"not_picked":["EmptyFist","PathToVictory"],"picked":"BowlingBash","floor":5.0},{"not_picked":["Nirvana","Pray","Fasting2"],"picked":"SKIP","floor":7.0},{"not_picked":["Devotion","Crescendo","SashWhip"],"picked":"SKIP","floor":10.0},{"not_picked":["SashWhip","Sanctity"],"picked":"Meditate","floor":11.0},{"not_picked":["Consecrate","WindmillStrike","Halt"],"picked":"SKIP","floor":13.0},{"not_picked":["WaveOfTheHand","SignatureMove","Crescendo"],"picked":"SKIP","floor":14.0},{"not_picked":["DeusExMachina","Blasphemy"],"picked":"Wish","floor":16.0},{"not_picked":["ForeignInfluence+1","Consecrate+1"],"picked":"EmptyMind","floor":18.0},{"not_picked":["Crescendo","Halt"],"picked":"EmptyFist+1","floor":21.0},{"not_picked":["PathToVictory","FollowUp"],"picked":"Tantrum","floor":22.0},{"not_picked":["Indignation","Wish"],"picked":"FlurryOfBlows","floor":24.0},{"not_picked":["Vengeance+1","Halt"],"picked":"SashWhip+1","floor":25.0},{"not_picked":["SashWhip+1","Indignation"],"picked":"LikeWater","floor":29.0},{"not_picked":["Evaluate","WheelKick","PathToVictory"],"picked":"SKIP","floor":30.0},{"not_picked":["Collect+1","ThirdEye+1"],"picked":"JustLucky","floor":31.0},{"not_picked":["Alpha","SpiritShield"],"picked":"Omniscience","floor":33.0},{"not_picked":["Weave","Swivel"],"picked":"Wallop","floor":35.0},{"not_picked":["WaveOfTheHand","FlyingSleeves","Halt"],"picked":"SKIP","floor":36.0},{"not_picked":["Prostrate","Evaluate+1"],"picked":"JustLucky+1","floor":37.0},{"not_picked":["Crescendo","EmptyFist+1","SashWhip+1"],"picked":"SKIP","floor":38.0},{"not_picked":["WreathOfFlame","MentalFortress","Collect"],"picked":"SKIP","floor":41.0},{"not_picked":["Prostrate+1","Halt"],"picked":"CutThroughFate","floor":46},{"not_picked":["Vengeance+1","WheelKick+1"],"picked":"Tantrum+1","floor":48},{"not_picked":["SandsOfTime","WindmillStrike"],"picked":"ThirdEye","floor":53},{"not_picked":["Establishment","Halt"],"picked":"JustLucky","floor":53},{"not_picked":["Protect+1","Evaluate"],"picked":"Wireheading+1","floor":53},{"not_picked":["SandsOfTime+1","WheelKick"],"picked":"JustLucky","floor":53},{"not_picked":["LikeWater","Meditate+1"],"picked":"FlurryOfBlows+1","floor":53},{"not_picked":["Protect+1","Evaluate","EmptyFist+1"],"picked":"SKIP","floor":54}],"player_experience":181342,"relics_obtained":[{"floor":7.0,"key":"Vajra"},{"floor":9.0,"key":"Omamori"},{"floor":13.0,"key":"War Paint"},{"floor":24.0,"key":"Unceasing Top"},{"floor":26.0,"key":"GoldenEye"},{"floor":30.0,"key":"Meat on the Bone"},{"floor":41.0,"key":"Lantern"},{"floor":46,"key":"StoneCalendar"},{"floor":54,"key":"Damaru"}],"event_choices":[{"damage_healed":0.0,"max_hp_gain":0.0,"max_hp_loss":0.0,"gold_gain":0.0,"event_name":"Golden Idol","player_choice":"Take Damage","floor":2.0,"gold_loss":0.0,"damage_taken":18.0,"relics_obtained":["Golden Idol"]},{"damage_healed":0.0,"max_hp_gain":0.0,"max_hp_loss":0.0,"gold_gain":0.0,"event_name":"Lab","player_choice":"Got Potions","floor":4.0,"gold_loss":0.0,"damage_taken":0.0},{"damage_healed":0.0,"max_hp_gain":0.0,"max_hp_loss":0.0,"gold_gain":75.0,"event_name":"World of Goop","player_choice":"Gather Gold","floor":12.0,"gold_loss":0.0,"damage_taken":11.0},{"cards_removed":["Strike_P"],"damage_healed":0.0,"max_hp_gain":0.0,"max_hp_loss":0.0,"gold_gain":0.0,"event_name":"Designer","player_choice":"Upgrade and Remove","floor":19.0,"gold_loss":90.0,"damage_taken":0.0,"cards_upgraded":["Wish"]},{"damage_healed":0.0,"max_hp_gain":0.0,"max_hp_loss":0.0,"gold_gain":0.0,"event_name":"Addict","player_choice":"Obtained Relic","floor":27.0,"gold_loss":85.0,"damage_taken":0.0,"relics_obtained":["Smiling Mask"]},{"damage_healed":0.0,"max_hp_gain":0.0,"max_hp_loss":0.0,"gold_gain":0.0,"cards_transformed":["Defend_P"],"event_name":"Transmorgrifier","player_choice":"Transformed","floor":28.0,"gold_loss":0.0,"damage_taken":0.0,"cards_obtained":["SashWhip"]},{"damage_healed":0.0,"max_hp_gain":0.0,"max_hp_loss":0.0,"gold_gain":333.0,"event_name":"The Moai Head","player_choice":"Gave Idol","floor":39.0,"relics_lost":["Golden Idol"],"gold_loss":0.0,"damage_taken":0.0},{"damage_healed":0.0,"max_hp_gain":0.0,"max_hp_loss":0.0,"gold_gain":0.0,"event_name":"The Woman in Blue","player_choice":"Bought 3 Potions","floor":45.0,"gold_loss":0.0,"damage_taken":0.0}],"is_beta":false,"boss_relics":[{"not_picked":["Busted Crown","Empty Cage"],"picked":"Philosopher\u0027s Stone"},{"not_picked":["SacredBark","Cursed Key"],"picked":"Pandora\u0027s Box"}],"items_purged_floors":[20,47,53],"is_endless":false,"potions_floor_spawned":[1,7,11,13,21,22,29,30,33,35,46,48,54],"ascension_level":2}}