{"host":"6azrrw3tf7wb0f4b","time":1613205012,"event":{"mods":["BaseMod","DeckTracker","Minty Spire (QoL Compilation)","SuperFastMode"],"gold_per_floor":[111,111,111,111,111,111,130,144,144,144,144,160,178,199,199,325,325,349,349,123,123,48,83,100,70,70,90,90,90,118,129,129,234,234,248,263,42,54,54,83,95,107,119,131,131],"floor_reached":44,"language":"KOR","playtime":1905,"items_purged":["Defend_B"],"score":541,"play_id":"34e498c3-9413-4593-9ad9-520ca7867bce","local_time":"20210213173012","is_ascension_mode":false,"campfire_choices":[{"data":"Dualcast","floor":6,"key":"SMITH"},{"data":"Zap","floor":10,"key":"SMITH"},{"data":"Conserve Battery","floor":15,"key":"SMITH"},{"floor":29,"key":"DIG"},{"floor":32,"key":"DIG"},{"floor":42,"key":"RECALL"}],"circlet_count":0,"master_deck":["Zap+1","Dualcast+1","Ball Lightning","Steam","Conserve Battery+1","Compile Driver","Biased Cognition","Auto Shields+1","Glacier+1","Biased Cognition+1","Chill+1","Storm+1","Machine Learning","Echo Form","Turbo","Loop","Self Repair"],"relics":["Cracked Core","Bag of Preparation","Letter Opener","Bloody Idol","Dead Branch","Gremlin Horn","Astrolabe","Toolbox","Shovel","Meat on the Bone","Juzu Bracelet","Bottled Lightning","Pen Nib","Philosopher\u0027s Stone","Medical Kit","MawBank"],"acts_visited":["Exordium","TheCity","TheBeyond"],"potions_floor_usage":[23,30,33],"damage_taken":[{"damage":0,"enemies":"2 Louse","floor":1,"turns":2},{"damage":1,"enemies":"Jaw Worm","floor":7,"turns":3},{"damage":0,"enemies":"Small Slimes","floor":8,"turns":2},{"damage":0,"enemies":"Exordium Thugs","floor":12,"turns":3},{"damage":0,"enemies":"Large Slime","floor":13,"turns":3},{"damage":3,"enemies":"3 Louse","floor":14,"turns":2},{"damage":0,"enemies":"Slime Boss","floor":16,"turns":6},{"damage":0,"enemies":"Shell Parasite","floor":18,"turns":4},{"damage":0,"enemies":"Gremlin Leader","floor":23,"turns":5},{"damage":0,"enemies":"3 Byrds","floor":24,"turns":3},{"damage":0,"enemies":"Snecko","floor":27,"turns":6},{"damage":6,"enemies":"Book of Stabbing","floor":30,"turns":7},{"damage":0,"enemies":"Cultist and Chosen","floor":31,"turns":3},{"damage":14,"enemies":"Collector","floor":33,"turns":6},{"damage":0,"enemies":"3 Darklings","floor":35,"turns":2},{"damage":0,"enemies":"3 Shapes","floor":36,"turns":2},{"damage":4,"enemies":"Jaw Worm Horde","floor":38,"turns":3},{"damage":31,"enemies":"Nemesis","floor":40,"turns":4},{"damage":71,"enemies":"Giant Head","floor":44,"turns":8}],"seed_played":"8918296571179754024","potions_obtained":[{"floor":1,"key":"Block Potion"},{"floor":14,"key":"Swift Potion"},{"floor":23,"key":"CultistPotion"},{"floor":24,"key":"Weak Potion"},{"floor":25,"key":"Energy Potion"},{"floor":30,"key":"SpeedPotion"},{"floor":33,"key":"SpeedPotion"},{"floor":38,"key":"FocusPotion"}],"is_trial":false,"path_per_floor":["M","?","?","T","?","R","M","M","T","R","?","M","M","M","R","B",null,"M","?","$","?","?","E","M","?","T","M","$","R","E","M","R","B",null,"M","M","$","M","?","E","$","R","T","E"],"character_chosen":"DEFECT","items_purchased":["Toolbox","Loop","Medical Kit"],"campfire_rested":0,"item_purchase_floors":[20,37,37],"current_hp_per_floor":[75,75,68,68,68,68,67,67,67,67,67,67,67,64,64,64,69,69,69,69,69,69,69,69,69,69,69,69,69,68,69,69,60,69,69,69,69,69,69,43,48,53,58,0,0],"gold":131,"neow_bonus":"RANDOM_COMMON_RELIC","is_daily":false,"chose_seed":false,"campfire_upgraded":3,"win_rate":0.0,"timestamp":1613205012,"path_taken":["M","?","?","?","?","R","M","M","T","R","?","M","M","M","R","BOSS","M","?","$","?","?","E","M","?","T","M","$","R","E","M","R","BOSS","M","M","$","M","?","E","?","R","T","E"],"items_purchased_type":["Relic","Card","Relic"],"build_version":"2020-12-22","purchased_purges":1,"victory":false,"max_hp_per_floor":[75,75,75,75,69,69,69,69,69,69,69,69,69,69,69,69,69,69,69,69,69,69,69,69,69,69,69,69,69,69,69,69,69,69,69,69,69,69,69,69,69,69,69,69,69],"card_choices":[{"not_picked":["Tempest","Ball Lightning","Steam"],"picked":"SKIP","floor":1},{"not_picked":["Tempest","Steam"],"picked":"Ball Lightning","floor":1},{"not_picked":["Blizzard","Rebound"],"picked":"Steam","floor":7},{"not_picked":["Steam","Cold Snap"],"picked":"Conserve Battery","floor":8},{"not_picked":["Streamline","Barrage"],"picked":"Compile Driver","floor":12},{"not_picked":["Sweeping Beam","Leap","Skim"],"picked":"SKIP","floor":13},{"not_picked":["Aggregate","Sunder","Melter"],"picked":"SKIP","floor":14},{"not_picked":["Buffer","Machine Learning"],"picked":"Biased Cognition","floor":16},{"not_picked":["Cold Snap","Beam Cell+1"],"picked":"Chill+1","floor":18},{"not_picked":["Compile Driver","Stack+1","Rebound"],"picked":"SKIP","floor":23},{"not_picked":["Go for the Eyes","Coolheaded"],"picked":"Storm+1","floor":24},{"not_picked":["Ball Lightning","Rebound","Auto Shields"],"picked":"SKIP","floor":27},{"not_picked":["Coolheaded","Streamline"],"picked":"Machine Learning","floor":30},{"not_picked":["FTL+1","Aggregate+1","Rebound"],"picked":"SKIP","floor":31},{"not_picked":["Amplify","Hyperbeam"],"picked":"Echo Form","floor":33},{"not_picked":["Sunder+1","Sweeping Beam"],"picked":"Turbo","floor":35},{"not_picked":["Hologram+1","Consume","Redo+1"],"picked":"SKIP","floor":36},{"not_picked":["Hologram+1","Melter+1"],"picked":"Self Repair","floor":38},{"not_picked":["Sweeping Beam","Loop","Rip and Tear+1"],"picked":"SKIP","floor":40}],"player_experience":777504,"relics_obtained":[{"floor":4,"key":"Letter Opener"},{"floor":9,"key":"Dead Branch"},{"floor":23,"key":"Shovel"},{"floor":26,"key":"Meat on the Bone"},{"floor":29,"key":"Juzu Bracelet"},{"floor":30,"key":"Bottled Lightning"},{"floor":32,"key":"Pen Nib"},{"floor":40,"key":"MawBank"}],"event_choices":[{"cards_removed":["Strike_B"],"damage_healed":0,"gold_gain":0,"player_choice":"Forget","damage_taken":0,"max_hp_gain":0,"max_hp_loss":0,"event_name":"Living Wall","floor":2,"gold_loss":0},{"cards_removed":["Strike_B"],"damage_healed":0,"gold_gain":0,"player_choice":"Card Removal","damage_taken":7,"max_hp_gain":0,"max_hp_loss":0,"event_name":"Golden Wing","floor":3,"gold_loss":0},{"damage_healed":0,"gold_gain":0,"player_choice":"Lose Max HP","damage_taken":0,"relics_obtained":["Golden Idol"],"max_hp_gain":0,"max_hp_loss":6,"event_name":"Golden Idol","floor":5,"gold_loss":0},{"damage_healed":0,"gold_gain":0,"player_choice":"Gave Potion","damage_taken":0,"relics_obtained":["Gremlin Horn"],"max_hp_gain":0,"max_hp_loss":0,"event_name":"WeMeetAgain","floor":11,"gold_loss":0},{"damage_healed":0,"gold_gain":0,"player_choice":"Gave Idol","damage_taken":0,"relics_obtained":["Bloody Idol"],"max_hp_gain":0,"max_hp_loss":0,"event_name":"Forgotten Altar","floor":19,"relics_lost":["Golden Idol"],"gold_loss":0},{"damage_healed":0,"gold_gain":0,"cards_transformed":["Defend_B","Defend_B"],"player_choice":"Became Test Subject","damage_taken":0,"max_hp_gain":0,"max_hp_loss":0,"event_name":"Drug Dealer","floor":21,"gold_loss":0,"cards_obtained":["Chill","Aggregate"]},{"cards_removed":["Chill"],"damage_healed":0,"gold_gain":0,"player_choice":"Gave Gold","damage_taken":0,"max_hp_gain":0,"max_hp_loss":0,"event_name":"Beggar","floor":22,"gold_loss":75},{"damage_healed":0,"gold_gain":0,"player_choice":"Bought 2 Potions","damage_taken":0,"max_hp_gain":0,"max_hp_loss":0,"event_name":"The Woman in Blue","floor":25,"gold_loss":0},{"cards_removed":["Aggregate"],"damage_healed":0,"gold_gain":0,"player_choice":"Offered Uncommon","damage_taken":0,"max_hp_gain":0,"max_hp_loss":0,"event_name":"Bonfire Elementals","floor":39,"gold_loss":0}],"is_beta":false,"boss_relics":[{"not_picked":["Fusion Hammer","Velvet Choker"],"picked":"Astrolabe"},{"not_picked":["Runic Dome","SacredBark"],"picked":"Philosopher\u0027s Stone"}],"items_purged_floors":[20],"is_endless":false,"potions_floor_spawned":[1,14,23,24,30,33,38],"killed_by":"Giant Head","ascension_level":0}}