{"host":"5z7rhcocprldured","time":1613185228,"event":{"mods":["2.2 Compatiblity","AchievementEnabler","BaseMod","Best Route Mod","Better Altar","Better Match","Better Note","Better Sensory Stone","Better Skull","Better Third Choice","BetterRewards","Block Reminder","Colored Map","Colored Powertips","Emptier Cage","Googly Eyes","Hermit","Marisa????????","Minty Spire (QoL Compilation)","Permanent Neow","Potionbrewer","Rare Cards Sparkle","StSLib","Synergy Search","The Cursed","The Hierophant","The Runesmith","Unceasing Turn Reminder"],"gold_per_floor":[113,113,65,84,49,49,49,69,123,133,133,192,192,217,217,315,315,333,33,50,50,62,62,78,78,78,78,97,117,17,32,32,132,132,143,143,156,170,187,187,187],"floor_reached":40,"language":"ENG","playtime":1709,"items_purged":["Burn","Strike_B+1"],"score":540,"play_id":"e81b281b-efca-45c8-b60d-77ce27ab426e","local_time":"20210213030028","is_ascension_mode":false,"campfire_choices":[{"floor":6.0,"key":"RECALL"},{"data":"Self Repair","floor":13.0,"key":"SMITH"},{"floor":15.0,"key":"REST"},{"data":"Echo Form","floor":23.0,"key":"SMITH"},{"floor":32.0,"key":"REST"}],"circlet_count":0,"master_deck":["Strike_B+1","Strike_B+1","Strike_B+1","Defend_B+1","Defend_B+1","Defend_B+1","Defend_B+1","Zap","Dualcast+1","Redo+1","LessonLearned+1","Leap+1","Loop+1","Loop+1","Coolheaded+1","Self Repair+1","Ball Lightning+1","Echo Form+1","Genetic Algorithm+1","Loop+1","Streamline+1","Redo+1","Defragment+1","Doom and Gloom+1","Rebound+1","Reboot+1","Static Discharge+1","Leap+1","Self Repair+1","Conserve Battery+1"],"relics":["Cracked Core","Meat on the Bone","TungstenRod","Toxic Egg 2","betterThird:SlimedRelic","CultistMask","Lantern","Molten Egg 2","Akabeko","Snecko Eye","Boot","Coffee Dripper"],"acts_visited":["Exordium","TheCity","TheBeyond"],"potions_floor_usage":[],"damage_taken":[{"damage":0.0,"enemies":"Jaw Worm","floor":1.0,"turns":5.0},{"damage":0.0,"enemies":"2 Louse","floor":4.0,"turns":2.0},{"damage":3.0,"enemies":"Cultist","floor":8.0,"turns":4.0},{"damage":2.0,"enemies":"3 Louse","floor":10.0,"turns":3.0},{"damage":16.0,"enemies":"3 Sentries","floor":12.0,"turns":4.0},{"damage":24.0,"enemies":"Gremlin Nob","floor":14.0,"turns":5.0},{"damage":32.0,"enemies":"Hexaghost","floor":16.0,"turns":12.0},{"damage":19.0,"enemies":"Spheric Guardian","floor":18.0,"turns":6.0},{"damage":0.0,"enemies":"3 Byrds","floor":20.0,"turns":5.0},{"damage":6.0,"enemies":"Snecko","floor":22.0,"turns":4.0},{"damage":22.0,"enemies":"Cultist and Chosen","floor":24.0,"turns":7.0},{"damage":13.0,"enemies":"Shelled Parasite and Fungi","floor":28.0,"turns":6.0},{"damage":5.0,"enemies":"3 Cultists","floor":29.0,"turns":4.0},{"damage":12.0,"enemies":"Chosen and Byrds","floor":31.0,"turns":4.0},{"damage":11.0,"enemies":"Champ","floor":33.0,"turns":8.0},{"damage":18.0,"enemies":"Orb Walker","floor":35.0,"turns":3.0},{"damage":5.0,"enemies":"3 Shapes","floor":37.0,"turns":4.0},{"damage":14.0,"enemies":"Jaw Worm Horde","floor":38.0,"turns":3.0},{"damage":21.0,"enemies":"3 Darklings","floor":39.0,"turns":7.0},{"damage":0,"enemies":"Nemesis","floor":40,"turns":1}],"seed_played":"-3234543846662330606","potions_obtained":[{"floor":1.0,"key":"potionbrewer:BarricadePotion"},{"floor":4.0,"key":"potionbrewer:StunPotion"},{"floor":10.0,"key":"PowerPotion"},{"floor":18.0,"key":"potionbrewer:BlacksmithPotion"},{"floor":24.0,"key":"potionbrewer:AcidPotion"},{"floor":28.0,"key":"Dexterity Potion"},{"floor":35.0,"key":"SneckoOil"}],"is_trial":false,"path_per_floor":["M","?","?","M","$","R","?","M","T","M","?","?","R","E","R","B",null,"M","$","M","?","M","R","M","?","T","?","M","M","$","M","R","B",null,"M","?","M","M","M","E"],"character_chosen":"DEFECT","items_purchased":["Meat on the Bone","Toxic Egg 2","Loop","Boot","Loop"],"campfire_rested":2,"item_purchase_floors":[0,0,5,19,19],"current_hp_per_floor":[75,75,65,65,65,65,65,62,62,60,60,44,44,42,64,54,75,75,75,75,75,75,75,73,73,73,73,60,55,55,53,75,74,75,57,57,62,48,69,69,69],"gold":187,"neow_bonus":"","is_daily":false,"chose_seed":false,"campfire_upgraded":2,"win_rate":0.0,"timestamp":1613185228,"path_taken":["M","?","?","M","$","R","?","?","T","M","?","?","R","E","R","BOSS","M","$","M","?","M","R","?","?","T","?","M","M","?","?","R","BOSS","M","?","M","M","M","E"],"items_purchased_type":["Relic","Relic","Card","Relic","Card"],"build_version":"2020-12-22","purchased_purges":2,"victory":false,"max_hp_per_floor":[75,75,75,75,75,75,75,75,75,75,75,75,75,75,75,75,75,75,75,75,75,75,75,75,75,75,75,75,75,75,75,75,75,75,75,71,71,71,71,71,71],"card_choices":[{"not_picked":["Barrage","Steam Power+1"],"picked":"Redo+1","floor":1.0},{"not_picked":["Reinforced Body+1","Go for the Eyes"],"picked":"Leap+1","floor":4.0},{"not_picked":["Reprogram+1","Fission+1"],"picked":"Loop","floor":8.0},{"not_picked":["Barrage","Leap+1"],"picked":"Coolheaded+1","floor":10.0},{"not_picked":["Cold Snap+1","Stack+1"],"picked":"Self Repair","floor":12.0},{"not_picked":["Hyperbeam+1","Stack+1"],"picked":"Ball Lightning+1","floor":14.0},{"not_picked":["Rainbow+1","Meteor Strike+1"],"picked":"Echo Form","floor":16.0},{"not_picked":["Stack+1","Redo+1"],"picked":"Genetic Algorithm+1","floor":18.0},{"not_picked":["Steam+1","Heatsinks"],"picked":"Streamline+1","floor":20.0},{"not_picked":["Go for the Eyes+1","Reinforced Body+1"],"picked":"Redo+1","floor":22.0},{"not_picked":["Ball Lightning+1","Rip and Tear+1","Scrape+1"],"picked":"SKIP","floor":24.0},{"not_picked":["Rebound+1","Aggregate+1"],"picked":"Doom and Gloom+1","floor":28.0},{"not_picked":["Sweeping Beam+1","FTL+1","Beam Cell+1"],"picked":"SKIP","floor":29.0},{"not_picked":["Scrape+1","Sunder+1"],"picked":"Rebound+1","floor":31.0},{"not_picked":["Multi-Cast+1","Hyperbeam+1"],"picked":"Reboot+1","floor":33.0},{"not_picked":["Rebound+1","Barrage+1"],"picked":"Static Discharge+1","floor":35.0},{"not_picked":["Reprogram+1","Heatsinks+1"],"picked":"Leap+1","floor":37.0},{"not_picked":["Hello World+1","Skim+1"],"picked":"Self Repair+1","floor":38.0},{"not_picked":["Streamline+1","Heatsinks+1"],"picked":"Conserve Battery+1","floor":39.0}],"player_experience":186757,"relics_obtained":[{"floor":9.0,"key":"Lantern"},{"floor":14.0,"key":"Akabeko"}],"event_choices":[{"damage_healed":0.0,"max_hp_gain":0.0,"max_hp_loss":0.0,"gold_gain":1.0,"event_name":"betterStone:BetterStone","player_choice":"4","floor":2.0,"gold_loss":0.0,"damage_taken":0.0,"cards_obtained":["LessonLearned"]},{"damage_healed":0.0,"max_hp_gain":0.0,"max_hp_loss":0.0,"gold_gain":0.0,"event_name":"betterThird:BetterGoop","player_choice":"Slimed","floor":3.0,"gold_loss":48.0,"damage_taken":11.0},{"damage_healed":0.0,"max_hp_gain":0.0,"max_hp_loss":0.0,"gold_gain":0.0,"event_name":"FaceTrader","player_choice":"Trade","floor":7.0,"gold_loss":0.0,"damage_taken":0.0,"relics_obtained":["CultistMask"]},{"damage_healed":60.0,"max_hp_gain":0.0,"max_hp_loss":75.0,"gold_gain":0.0,"event_name":"betterThird:BetterShining","player_choice":"Embrace Burn","floor":11.0,"gold_loss":0.0,"damage_taken":0.0},{"damage_healed":0.0,"max_hp_gain":0.0,"max_hp_loss":0.0,"gold_gain":0.0,"event_name":"Dead Adventurer","player_choice":"Searched \u00272\u0027 times","floor":12.0,"gold_loss":0.0,"damage_taken":0.0,"relics_obtained":["Molten Egg 2"]},{"cards_removed":["Echo Form"],"damage_healed":0.0,"max_hp_gain":0.0,"max_hp_loss":0.0,"gold_gain":0.0,"event_name":"betterNote:BetterNote","player_choice":"Give","floor":21.0,"gold_loss":0.0,"damage_taken":0.0,"cards_obtained":["None"]},{"damage_healed":0.0,"max_hp_gain":0.0,"max_hp_loss":6.0,"gold_gain":0.0,"event_name":"betterThird:BetterWriting","player_choice":"Simplicity","floor":25.0,"gold_loss":0.0,"damage_taken":0.0},{"damage_healed":0.0,"max_hp_gain":0.0,"max_hp_loss":0.0,"gold_gain":0.0,"event_name":"The Library","player_choice":"Read","floor":27.0,"gold_loss":0.0,"damage_taken":0.0,"cards_obtained":["Defragment"]},{"damage_healed":0.0,"max_hp_gain":0.0,"max_hp_loss":4.0,"gold_gain":0.0,"event_name":"Winding Halls","player_choice":"Max HP","floor":36.0,"gold_loss":0.0,"damage_taken":0.0}],"is_beta":false,"boss_relics":[{"not_picked":["SlaversCollar","Cursed Key"],"picked":"Snecko Eye"},{"not_picked":["FrozenCore","Runic Dome"],"picked":"Coffee Dripper"}],"items_purged_floors":[19,30],"is_endless":false,"potions_floor_spawned":[1,4,10,18,24,28,35,38],"killed_by":"Nemesis","ascension_level":0}}