{"host":"ly20tmf9be7b85hl","time":1613206710,"event":{"mods":["BaseMod","Colored Map","Keyboard Shortcuts","Minty Spire (QoL Compilation)","Permanent Neow","Quick Restart","SuperFastMode"],"gold_per_floor":[116,116,128,128,149,149,149,76,76,97,136,154,177,200,200,294,294,308,308,322,341,99,99,99],"floor_reached":23,"language":"KOR","playtime":2105,"items_purged":["Strike_B"],"score":390,"play_id":"1ac0f9c7-6556-4eb7-96d4-c517f92811ce","local_time":"20210213175830","is_ascension_mode":true,"campfire_choices":[{"floor":6.0,"key":"REST"},{"data":"Loop","floor":15.0,"key":"SMITH"}],"circlet_count":0,"master_deck":["AscendersBane","Strike_B","Strike_B","Defend_B","Defend_B","Defend_B","Zap","Dualcast","Compile Driver","Doom and Gloom","Loop+1","Cold Snap","Hologram","Coolheaded+1","Turbo","Echo Form","CurseOfTheBell","Rebound","Gash"],"relics":["Cracked Core","Golden Idol","Akabeko","Shuriken","Mercury Hourglass","Calling Bell","Oddly Smooth Stone","White Beast Statue","Du-Vu Doll","Blood Vial"],"acts_visited":["Exordium","TheCity"],"potions_floor_usage":[23,23],"damage_taken":[{"damage":2.0,"enemies":"Jaw Worm","floor":1.0,"turns":3.0},{"damage":0.0,"enemies":"Small Slimes","floor":3.0,"turns":3.0},{"damage":12.0,"enemies":"2 Louse","floor":5.0,"turns":3.0},{"damage":0.0,"enemies":"Exordium Thugs","floor":10.0,"turns":1.0},{"damage":8.0,"enemies":"Gremlin Nob","floor":11.0,"turns":3.0},{"damage":0.0,"enemies":"Lots of Slimes","floor":12.0,"turns":1.0},{"damage":19.0,"enemies":"Exordium Wildlife","floor":13.0,"turns":4.0},{"damage":0.0,"enemies":"Looter","floor":14.0,"turns":3.0},{"damage":4.0,"enemies":"Hexaghost","floor":16.0,"turns":9.0},{"damage":40.0,"enemies":"3 Byrds","floor":18.0,"turns":4.0},{"damage":7.0,"enemies":"Spheric Guardian","floor":20.0,"turns":3.0},{"damage":16.0,"enemies":"Cultist and Chosen","floor":21.0,"turns":6.0},{"damage":9,"enemies":"Gremlin Leader","floor":23,"turns":1}],"seed_played":"-4383208760971707565","potions_obtained":[{"floor":1.0,"key":"BlessingOfTheForge"},{"floor":10.0,"key":"Strength Potion"},{"floor":12.0,"key":"FearPotion"},{"floor":13.0,"key":"SpeedPotion"},{"floor":14.0,"key":"Fruit Juice"},{"floor":18.0,"key":"Fire Potion"},{"floor":20.0,"key":"Fruit Juice"},{"floor":21.0,"key":"FocusPotion"}],"is_trial":false,"path_per_floor":["M","?","M","?","M","R","?","?","T","M","E","M","M","M","R","B",null,"M","?","M","M","$","E"],"character_chosen":"DEFECT","items_purchased":["Blood Vial"],"campfire_rested":1,"item_purchase_floors":[22],"current_hp_per_floor":[44,49,49,23,11,33,33,33,33,33,25,25,6,11,11,7,63,23,23,16,5,5,0,0],"gold":99,"neow_bonus":"REMOVE_TWO","is_daily":false,"chose_seed":false,"campfire_upgraded":1,"win_rate":0.0,"timestamp":1613206710,"path_taken":["M","?","M","?","M","R","?","?","T","M","E","M","M","M","R","BOSS","M","?","M","M","$","E"],"items_purchased_type":["Relic"],"build_version":"2020-12-22","purchased_purges":1,"victory":false,"max_hp_per_floor":[71,76,76,76,76,76,76,76,76,76,76,76,76,81,81,81,81,81,81,81,86,86,86,86],"card_choices":[{"not_picked":["Heatsinks","Genetic Algorithm"],"picked":"Compile Driver","floor":1.0},{"not_picked":["Hello World","Steam"],"picked":"Doom and Gloom","floor":3.0},{"not_picked":["Beam Cell","Compile Driver"],"picked":"Loop","floor":5.0},{"not_picked":["Static Discharge","Hologram"],"picked":"Cold Snap","floor":10.0},{"not_picked":["Barrage","Undo"],"picked":"Hologram","floor":11.0},{"not_picked":["Chaos","Sunder"],"picked":"Coolheaded","floor":12.0},{"not_picked":["Cold Snap","Leap","Steam"],"picked":"SKIP","floor":13.0},{"not_picked":["Compile Driver","Go for the Eyes"],"picked":"Turbo","floor":14.0},{"not_picked":["Hyperbeam","Fission"],"picked":"Echo Form","floor":16.0},{"not_picked":["Streamline","Heatsinks"],"picked":"Rebound","floor":18.0},{"not_picked":["Doom and Gloom","Steam Power","Storm"],"picked":"SKIP","floor":20.0},{"not_picked":["Stack","Compile Driver"],"picked":"Gash","floor":21.0}],"player_experience":868823,"relics_obtained":[{"floor":9.0,"key":"Shuriken"},{"floor":11.0,"key":"Mercury Hourglass"},{"floor":17.0,"key":"Oddly Smooth Stone"},{"floor":17.0,"key":"White Beast Statue"},{"floor":17.0,"key":"Du-Vu Doll"}],"event_choices":[{"damage_healed":0.0,"max_hp_gain":5.0,"max_hp_loss":0.0,"gold_gain":0.0,"event_name":"Big Fish","player_choice":"Donut","floor":2.0,"gold_loss":0.0,"damage_taken":0.0},{"damage_healed":0.0,"max_hp_gain":0.0,"max_hp_loss":0.0,"gold_gain":0.0,"event_name":"Golden Idol","player_choice":"Take Damage","floor":4.0,"gold_loss":0.0,"damage_taken":26.0,"relics_obtained":["Golden Idol"]},{"damage_healed":0.0,"max_hp_gain":0.0,"max_hp_loss":0.0,"gold_gain":0.0,"event_name":"Liars Game","player_choice":"Ignored","floor":7.0,"gold_loss":0.0,"damage_taken":0.0},{"damage_healed":0.0,"max_hp_gain":0.0,"max_hp_loss":0.0,"gold_gain":0.0,"event_name":"WeMeetAgain","player_choice":"Paid Gold","floor":8.0,"gold_loss":73.0,"damage_taken":0.0,"relics_obtained":["Akabeko"]},{"damage_healed":0.0,"max_hp_gain":0.0,"max_hp_loss":0.0,"gold_gain":0.0,"event_name":"Upgrade Shrine","player_choice":"Upgraded","floor":19.0,"gold_loss":0.0,"damage_taken":0.0,"cards_upgraded":["Coolheaded"]}],"is_beta":false,"boss_relics":[{"not_picked":["Snecko Eye","Runic Dome"],"picked":"Calling Bell"}],"items_purged_floors":[22],"is_endless":false,"potions_floor_spawned":[1,10,12,13,14,18,20,21],"killed_by":"Gremlin Leader","ascension_level":20}}