{"host":"hi7fki77kkmhrce8","time":1613176133,"event":{"mods":["AchievementEnabler","BaseMod","Colored Map","Colored Powertips","Downfall","Minty Spire (QoL Compilation)","Relic Stats","Replay The Spire","StSLib","SuperFastMode"],"gold_per_floor":[118,138,151,5,105,132,132,132,64,92,92,92,106,106],"floor_reached":13,"language":"ENG","playtime":464,"items_purged":[],"score":91,"play_id":"8f964b9b-953a-4543-99ea-927b59e180cc","local_time":"20210212192853","is_ascension_mode":false,"campfire_choices":[],"circlet_count":0,"master_deck":["Strike_R","Strike_R","Strike_R","Strike_R","Strike_R","Defend_R","Defend_R","Defend_R","Defend_R","Bash","Flex","Armaments","Anger","Anger","Replay:Undeath\u0027s Touch","Rampage+1","Evolve+1"],"relics":["Burning Blood","Medical Kit","Vajra","Blue Candle","Replay:Bandana"],"acts_visited":["Exordium"],"potions_floor_usage":[],"damage_taken":[{"damage":6,"enemies":"Cultist","floor":1,"turns":3},{"damage":9,"enemies":"Small Slimes","floor":2,"turns":4},{"damage":6,"enemies":"Jaw Worm","floor":3,"turns":3},{"damage":33,"enemies":"3 Sentries","floor":6,"turns":10},{"damage":27,"enemies":"Gremlin Nob","floor":10,"turns":4},{"damage":12,"enemies":"3 Sentries","floor":13,"turns":4}],"seed_played":"-8822047183704904694","potions_obtained":[{"floor":3,"key":"Dexterity Potion"}],"is_trial":false,"path_per_floor":["M","M","M","$","?","E","PTL","PTL","$","E","T","?","E"],"character_chosen":"IRONCLAD","items_purchased":["Medical Kit","Rampage"],"campfire_rested":0,"item_purchase_floors":[4,9],"current_hp_per_floor":[80,77,77,77,77,50,50,50,50,29,29,13,1,1],"gold":106,"neow_bonus":"THREE_CARDS","is_daily":false,"chose_seed":false,"campfire_upgraded":0,"win_rate":0.0,"timestamp":1613176133,"path_taken":["M","M","M","$","?","E","PTL","PTL","?","E","T","?","E"],"items_purchased_type":["Relic","Card"],"build_version":"2020-12-22","purchased_purges":0,"victory":false,"max_hp_per_floor":[80,80,80,80,80,80,80,80,80,80,80,80,80,80],"relic_stats":{"counters":[6,28],"Blue Candle":[0],"Medical Kit":[7],"obtain_stats":[{"Replay:Bandana":11,"Blue Candle":10,"Vajra":6,"Medical Kit":4,"Burning Blood":0},{"Replay:Bandana":5,"Blue Candle":5,"Vajra":4,"Medical Kit":3,"Burning Blood":0},{"Replay:Bandana":24,"Blue Candle":24,"Vajra":20,"Medical Kit":10,"Burning Blood":0}],"Burning Blood":30},"card_choices":[{"not_picked":["Headbutt","Blood for Blood"],"picked":"Flex","floor":0},{"not_picked":["True Grit","Blood for Blood"],"picked":"Armaments","floor":1},{"not_picked":["Clothesline","Cleave"],"picked":"Anger","floor":2},{"not_picked":["Dropkick","Armaments"],"picked":"Anger","floor":3},{"not_picked":["Run Through","True Grit"],"picked":"Replay:Undeath\u0027s Touch","floor":6},{"not_picked":["Metallicize","Disarm"],"picked":"Evolve","floor":10}],"player_experience":156964,"relics_obtained":[{"floor":6,"key":"Vajra"},{"floor":10,"key":"Blue Candle"},{"floor":11,"key":"Replay:Bandana"}],"event_choices":[{"damage_healed":0,"gold_gain":100,"player_choice":"Pray","damage_taken":0,"max_hp_gain":0,"max_hp_loss":0,"event_name":"Golden Shrine","floor":5,"gold_loss":0},{"damage_healed":0,"gold_gain":0,"player_choice":"Entered Light","damage_taken":16,"max_hp_gain":0,"max_hp_loss":0,"event_name":"Shining Light","floor":12,"gold_loss":0,"cards_upgraded":["Rampage","Evolve"]}],"is_beta":false,"boss_relics":[],"items_purged_floors":[],"is_endless":false,"potions_floor_spawned":[3],"killed_by":"3 Sentries","ascension_level":0}}