{"host":"lgow17wc5wawziz1","time":1613222450,"event":{"mods":["AchievementEnabler","Act Like it!","Aspiration","BaseMod","Better Third Choice","CapriCore","Colored Map","Colored Powertips","Friendly Minions","Gensokyo","Hubris","Kiyohime£¨?ýï£©","Koishi","Minty Spire (QoL Compilation)","MostiFishMod","Permanent Neow","Quick Restart","Replay The Spire","StSLib","SuperFastMode","The Blue Laboratory","The Immortal","¡¼?Úª?ø«¡½REMEMod"],"gold_per_floor":[119,138,138,154,165,165,196,196,196,196,19,19,35,35,35,133,133,150,22,45,45,67,67,67,289,289,289,214,288,23,45,45,151,151,177,502,502,502,502,502,540,540,540,114,140,149,149,0,0,0],"floor_reached":51,"language":"KOR","playtime":3455,"items_purged":["Dagger Spray"],"score":897,"play_id":"7d17a555-36aa-493c-bb9e-26163895be8a","local_time":"20210213222050","is_ascension_mode":true,"campfire_choices":[{"data":"MokouMod:SpontaneousHumanCombustion","floor":6.0,"key":"SMITH"},{"data":"MokouMod:Ember","floor":15.0,"key":"SMITH"},{"data":"MostiFishMod:ForestofLight","floor":23,"key":"SMITH"},{"floor":32,"key":"REST"},{"data":"MokouMod:RisingSunBarrier","floor":40,"key":"SMITH"},{"data":"Midas Touch","floor":42,"key":"SMITH"},{"data":"Apotheosis","floor":49,"key":"SMITH"}],"circlet_count":0,"master_deck":["MokouMod:Strike","MokouMod:Strike","MokouMod:Strike","MokouMod:Defend","MokouMod:Defend","MokouMod:Defend","MokouMod:Defend","MokouMod:HeatSpark","MokouMod:Rekindle","Defend_R","MokouMod:SpontaneousHumanCombustion+1","MokouMod:Ember+1","MokouMod:Sear+1","Backstab","MostiFishMod:InvigoratingSolution","MokouMod:CrimsonArmoury","MokouMod:FlareStarter","MostiFishMod:Mottled","MokouMod:EnchantingBambooForest+1","MokouMod:Geothermal","MokouMod:Overheat+1","MostiFishMod:ForestofLight+1","Midas Touch+1","MokouMod:RisingSunBarrier+1","MokouMod:Geothermal","MokouMod:BurningDraft","MokouMod:FlareStarter","MokouMod:Ventilation","MokouMod:TemporalFireSeal+1","MokouMod:TemporalFireSeal+1","REME_ProfessionalPlagiarism","Apotheosis+1","MokouMod:TemporalFireSeal+1","Gensokyo:LifeforceConverter"],"relics":["MokouMod:PhoenixFeather","REME_ComplimentaryCards","DaveBox","HollowDreamFlower","Juzu Bracelet","SynthV:TestCard","Regal Pillow","Eternal Feather","Mango","Gensokyo:Justice","Ring of Searing","REME_LowDesire","aspiration:HiddenCompartment","CeramicFish","hubris:Towel","ReplayTheSpireMod:Shallot","Gensokyo:ConquerorOfFear","hubris:BottledRain","hubris:FunFungus","xbg","ReplayFunnel","Iron Hammer","hubris:DeckOfHolding","Toolbox"],"acts_visited":["Gensokyo:Gensokyo","Gensokyo:Gensokyoer","Gensokyo:Gensokyoest"],"potions_floor_usage":[22,25,25,31],"damage_taken":[{"damage":14.0,"enemies":"Gensokyo:Gryphon","floor":1.0,"turns":5.0},{"damage":0.0,"enemies":"Gensokyo:Python","floor":2.0,"turns":2.0},{"damage":4.0,"enemies":"Gensokyo:2_Kodama","floor":4.0,"turns":3.0},{"damage":19.0,"enemies":"Gensokyo:Gryphon_and_Rabbit","floor":5.0,"turns":4.0},{"damage":23.0,"enemies":"Gensokyo:Cirno","floor":7.0,"turns":5.0},{"damage":4.0,"enemies":"Gensokyo:2_Rabbits","floor":13.0,"turns":5.0},{"damage":41.0,"enemies":"Gensokyo:Yukari","floor":16.0,"turns":8.0},{"damage":23.0,"enemies":"Gensokyo:AngelMirror","floor":18.0,"turns":3.0},{"damage":9.0,"enemies":"Gensokyo:Chomper","floor":20.0,"turns":4.0},{"damage":56,"enemies":"Gensokyo:Slime_Group","floor":22,"turns":7},{"damage":29,"enemies":"Gensokyo:Mirror_and_Dog","floor":25,"turns":4},{"damage":38,"enemies":"Gensokyo:Swordslinger","floor":31,"turns":4},{"damage":57,"enemies":"Gensokyo:Eiki","floor":33,"turns":11},{"damage":32,"enemies":"Gensokyo:3_Bats","floor":35,"turns":7},{"damage":0,"enemies":"Gensokyo:AncientGuardian","floor":36,"turns":3},{"damage":25,"enemies":"Gensokyo:Doremy","floor":41,"turns":5},{"damage":25,"enemies":"Gensokyo:Sharpion","floor":45,"turns":6},{"damage":37,"enemies":"Gensokyo:Shinki","floor":50,"turns":12}],"seed_played":"-9110587310294562113","potions_obtained":[{"floor":2.0,"key":"PowerPotion"},{"floor":4.0,"key":"blueLaboratory:FruitPunch"},{"floor":13.0,"key":"blueLaboratory:PyrophylliteBrew"},{"floor":22,"key":"blueLaboratory:FruitPunch"},{"floor":25,"key":"blueLaboratory:AbyssPotion"},{"floor":33,"key":"Languid Potion"},{"floor":36,"key":"blueLaboratory:ExaltedPotion"}],"is_trial":false,"path_per_floor":["M","M","?","M","M","R","E","?","T","?","$","?","M","?","R","B",null,"M","COS","M","?","M","R","?","M","T","?","$","T","$","M","R","B",null,"M","M","?","?","?","R","E","R","T","$","M","?","?","COS","R","B",null],"character_chosen":"MKU","items_purchased":["MostiFishMod:Mottled","MokouMod:RisingSunBarrier","MokouMod:Geothermal","MokouMod:BurningDraft","Apotheosis","hubris:DeckOfHolding"],"campfire_rested":1,"item_purchase_floors":[11,30,30,30,44,44],"current_hp_per_floor":[61,65,65,65,50,50,31,31,45,45,45,45,45,45,57,20,89,66,66,61,61,9,24,24,3,3,3,3,3,3,3,60,7,93,63,67,54,63,63,81,67,85,85,85,72,72,72,72,90,65],"gold":0,"neow_bonus":"THREE_RARE_CARDS","is_daily":false,"chose_seed":false,"campfire_upgraded":6,"win_rate":0.0,"timestamp":1613222450,"path_taken":["M","M","?","M","M","R","E","?","T","?","$","?","M","?","R","BOSS","M","COS","M","?","M","R","?","M","T","?","?","?","$","M","R","BOSS","M","M","?","?","?","R","E","R","T","$","M","?","?","COS","R","BOSS"],"items_purchased_type":["Card","Card","Card","Card","Card","Relic"],"build_version":"2020-12-22","purchased_purges":1,"victory":true,"max_hp_per_floor":[75,75,75,75,75,75,75,75,89,89,89,89,89,89,89,89,89,89,89,89,89,89,89,89,93,93,93,93,93,93,93,93,93,93,93,93,93,93,93,93,93,93,93,93,93,93,93,93,93,93],"card_choices":[{"not_picked":["MokouMod:ExplosiveFlame","MokouMod:BurningHiddenBullet"],"picked":"MokouMod:SpontaneousHumanCombustion","floor":0.0},{"not_picked":["MokouMod:FlickeringFlame","MokouMod:ResoluteFlare"],"picked":"MokouMod:Ember","floor":1.0},{"not_picked":["MokouMod:DanceofFlames","MokouMod:RetainTemperature","MokouMod:Trailblazer","MokouMod:ControlledCombustion"],"picked":"MokouMod:Sear","floor":2.0},{"not_picked":["MokouMod:InfernalWave","MokouMod:Overheat","MokouMod:Stoke","MokouMod:HouraiForge"],"picked":"MokouMod:BurningDraft","floor":4.0},{"not_picked":["MokouMod:FusionFlare","MokouMod:DanceofFlames","MokouMod:RetainTemperature","MokouMod:IcarusDive"],"picked":"MokouMod:CrimsonArmoury","floor":5.0},{"not_picked":["MokouMod:Ember","MokouMod:AdaptivePyromancy","MokouMod:IndiscriminateIgnition","MokouMod:ThermalPressure"],"picked":"MokouMod:FlareStarter","floor":7.0},{"not_picked":["MokouMod:BurningDraft","MokouMod:ScorchedEarth","MokouMod:RoaringFlare","MokouMod:EternalBurstReactor"],"picked":"MokouMod:EnchantingBambooForest","floor":13.0},{"not_picked":["MokouMod:RadiantBlade","MokouMod:ExplosiveFlame","MokouMod:SpontaneousHumanCombustion","MokouMod:ProfanedFlare"],"picked":"MokouMod:Geothermal","floor":16.0},{"not_picked":["MokouMod:Scorch","MokouMod:SearingShot","MokouMod:Burn","MokouMod:ScorchedEarth","MokouMod:Fireball+1","Blind"],"picked":"SKIP","floor":18.0},{"not_picked":["MokouMod:EternalBurstReactor","MokouMod:HeatTransfer","MokouMod:FlareStarter","MokouMod:FlickeringFlame+1","REME_ProfessionalPlagiarism"],"picked":"MokouMod:Overheat+1","floor":20},{"not_picked":["MokouMod:InfernalWave","MokouMod:Combust","MokouMod:AdaptivePyromancy+1","MokouMod:BurningDraft","MokouMod:SearingShot+1"],"picked":"MostiFishMod:ForestofLight","floor":22},{"not_picked":["MokouMod:FlickeringFlame+1","MokouMod:UncontrollableSolarReaction+1","MokouMod:EternalBurstReactor","MokouMod:FusionFlare","MokouMod:BurningDraft"],"picked":"Midas Touch","floor":25},{"not_picked":["MokouMod:Firecracker","MokouMod:ScorchingColumn","MokouMod:BurningDraft","MokouMod:EternalBurstReactor","Panacea"],"picked":"MokouMod:FlareStarter","floor":31},{"not_picked":["MokouMod:HouraiForge","MokouMod:SpontaneousHumanCombustion","MokouMod:Geothermal","MokouMod:EnchantingBambooForest","Bandage Up"],"picked":"MokouMod:Ventilation","floor":33},{"not_picked":["MokouMod:BurningDraft+1","MokouMod:SearingShot+1","MokouMod:Refresh+1","MokouMod:GuidingSmoke","MostiFishMod:PerfectForm"],"picked":"MokouMod:TemporalFireSeal+1","floor":35},{"not_picked":["MokouMod:FlamingFireTalons+1","MokouMod:HouraiForge","MokouMod:IcarusDive","MokouMod:UncontrollableSolarReaction+1","Metamorphosis"],"picked":"MokouMod:TemporalFireSeal+1","floor":36},{"not_picked":["MokouMod:SearingShot","MokouMod:HeatFactory+1","MokouMod:Cataclysm","MokouMod:ResoluteFlare","MokouMod:ScorchingColumn"],"picked":"REME_ProfessionalPlagiarism","floor":41},{"not_picked":["MokouMod:Fireball+1","MokouMod:Afterburner","MokouMod:Sear","MokouMod:Ember","REME_BuildACard"],"picked":"MokouMod:TemporalFireSeal+1","floor":45}],"player_experience":391708,"relics_obtained":[{"floor":1.0,"key":"SynthV:TestCard"},{"floor":7.0,"key":"Regal Pillow"},{"floor":9.0,"key":"Mango"},{"floor":14.0,"key":"Ring of Searing"},{"floor":17.0,"key":"aspiration:HiddenCompartment"},{"floor":17.0,"key":"CeramicFish"},{"floor":26,"key":"ReplayTheSpireMod:Shallot"},{"floor":29,"key":"hubris:BottledRain"},{"floor":31,"key":"Gensokyo:ConquerorOfFear"},{"floor":41,"key":"ReplayFunnel"},{"floor":43,"key":"Iron Hammer"}],"event_choices":[],"is_beta":false,"boss_relics":[{"not_picked":["Fusion Hammer","hubris:TerracottaHorce"],"picked":"REME_LowDesire"},{"not_picked":["GuanYuAspect","ChewingGum"],"picked":"xbg"}],"items_purged_floors":[28],"is_endless":false,"potions_floor_spawned":[2,4,13,22,25,33,36],"ascension_level":4}}