{"host":"wri98rxht4656ll8","time":1613244119,"event":{"mods":["AchievementEnabler","BaseMod","Colored Map","Colored Powertips","Minty Spire (QoL Compilation)","Permanent Neow","StSLib"],"gold_per_floor":[116,132,82,33,45,45,62,62,62,62,62,81,101,48,48,144,144,154,79,79,92,92,92,120,20,43,43,55,55,55,75,75,177,177,196,208,208,208,221,221,241,241,268,268,268,278,278,289,289,289],"floor_reached":51,"language":"ENG","playtime":4181,"items_purged":["Strike_B","Writhe"],"score":657,"play_id":"69754643-3516-4b05-b1c0-68b4aea279d3","local_time":"20210213202159","is_ascension_mode":false,"campfire_choices":[{"data":"Gash","floor":6.0,"key":"SMITH"},{"data":"Gash","floor":8.0,"key":"SMITH"},{"data":"Conserve Battery","floor":11.0,"key":"SMITH"},{"data":"Hologram","floor":15.0,"key":"SMITH"},{"floor":23.0,"key":"REST"},{"floor":27.0,"key":"REST"},{"floor":32.0,"key":"REST"},{"data":"Hologram","floor":40.0,"key":"SMITH"},{"floor":47.0,"key":"REST"},{"floor":49,"key":"REST"}],"circlet_count":0,"master_deck":["Strike_B+1","Defend_B+1","Defend_B+1","Zap","Dualcast","Gash+1","Gash+1","Leap","Rebound","Hologram+1","Conserve Battery","Hologram+1","Conserve Battery","Go for the Eyes","Gash+1"],"relics":["Cracked Core","NeowsBlessing","Gremlin Horn","Runic Pyramid","Pantograph","Oddly Smooth Stone","Ancient Tea Set","Empty Cage","Art of War"],"acts_visited":["Exordium","TheCity","TheBeyond"],"potions_floor_usage":[50,50,50],"damage_taken":[{"damage":0.0,"enemies":"Jaw Worm","floor":1.0,"turns":1.0},{"damage":0.0,"enemies":"2 Louse","floor":2.0,"turns":1.0},{"damage":0.0,"enemies":"Small Slimes","floor":5.0,"turns":1.0},{"damage":5.0,"enemies":"3 Louse","floor":7.0,"turns":4.0},{"damage":10.0,"enemies":"Large Slime","floor":12.0,"turns":5.0},{"damage":4.0,"enemies":"Exordium Thugs","floor":13.0,"turns":4.0},{"damage":3.0,"enemies":"Slime Boss","floor":16.0,"turns":9.0},{"damage":11.0,"enemies":"Shell Parasite","floor":18.0,"turns":7.0},{"damage":16.0,"enemies":"2 Thieves","floor":21.0,"turns":4.0},{"damage":60.0,"enemies":"Book of Stabbing","floor":24.0,"turns":9.0},{"damage":23.0,"enemies":"Snecko","floor":28.0,"turns":9.0},{"damage":0.0,"enemies":"3 Cultists","floor":31.0,"turns":5.0},{"damage":23.0,"enemies":"Automaton","floor":33.0,"turns":10.0},{"damage":3.0,"enemies":"Orb Walker","floor":35.0,"turns":3.0},{"damage":11.0,"enemies":"3 Darklings","floor":36.0,"turns":6.0},{"damage":0.0,"enemies":"4 Shapes","floor":39.0,"turns":6.0},{"damage":2.0,"enemies":"Maw","floor":41.0,"turns":9.0},{"damage":30.0,"enemies":"Sphere and 2 Shapes","floor":46.0,"turns":5.0},{"damage":22,"enemies":"Jaw Worm Horde","floor":48,"turns":5},{"damage":50,"enemies":"Awakened One","floor":50,"turns":13}],"seed_played":"-3658495585448951395","potions_obtained":[{"floor":2.0,"key":"SteroidPotion"},{"floor":7.0,"key":"Block Potion"},{"floor":12.0,"key":"EssenceOfSteel"},{"floor":13.0,"key":"Dexterity Potion"},{"floor":28.0,"key":"SteroidPotion"},{"floor":35.0,"key":"Explosive Potion"},{"floor":48,"key":"Weak Potion"}],"is_trial":false,"path_per_floor":["M","M","?","$","M","R","M","R","T","?","R","M","M","$","R","B",null,"M","$","?","M","?","R","E","$","T","R","M","?","$","M","R","B",null,"M","M","?","?","M","R","M","?","T","?","?","M","R","M","R","B",null],"character_chosen":"DEFECT","items_purchased":["Conserve Battery","Hologram"],"campfire_rested":5,"item_purchase_floors":[4,14],"current_hp_per_floor":[75,75,75,75,75,75,70,70,70,70,70,60,56,56,56,53,75,64,64,64,48,48,70,10,10,10,32,9,9,9,9,31,33,75,72,61,61,61,61,61,59,59,59,59,59,29,50,28,49,21],"gold":289,"neow_bonus":"THREE_ENEMY_KILL","is_daily":false,"chose_seed":false,"campfire_upgraded":5,"win_rate":0.0,"timestamp":1613244119,"path_taken":["M","M","?","$","M","R","M","R","T","?","R","M","M","$","R","BOSS","M","$","?","M","?","R","E","?","T","R","M","?","?","M","R","BOSS","M","M","?","?","M","R","M","?","T","?","?","M","R","M","R","BOSS"],"items_purchased_type":["Card","Card"],"build_version":"2020-12-22","purchased_purges":2,"victory":true,"max_hp_per_floor":[75,75,75,75,75,75,75,75,75,75,75,75,75,75,75,75,75,75,75,75,75,75,75,75,75,75,75,75,75,75,75,75,75,75,75,75,75,71,71,71,71,71,71,71,71,71,71,71,71,71],"card_choices":[{"not_picked":["Stack","Chill","Coolheaded"],"picked":"SKIP","floor":1.0},{"not_picked":["Reprogram","Tempest","Hello World"],"picked":"SKIP","floor":2.0},{"not_picked":["Sweeping Beam","Melter"],"picked":"Gash","floor":5.0},{"not_picked":["Aggregate","Rip and Tear"],"picked":"Gash","floor":7.0},{"not_picked":["Stack","Streamline"],"picked":"Leap","floor":12.0},{"not_picked":["Self Repair","Leap"],"picked":"Rebound","floor":13.0},{"not_picked":["Streamline","Aggregate","Sweeping Beam"],"picked":"SKIP","floor":18.0},{"not_picked":["Glacier","Barrage"],"picked":"Conserve Battery","floor":21.0},{"not_picked":["Chaos","Sweeping Beam"],"picked":"Hologram","floor":24.0},{"not_picked":["Go for the Eyes","Stack","Steam+1"],"picked":"SKIP","floor":28.0},{"not_picked":["Coolheaded","Sweeping Beam+1","Ball Lightning"],"picked":"SKIP","floor":31.0},{"not_picked":["Darkness+1","Sweeping Beam"],"picked":"Conserve Battery","floor":35.0},{"not_picked":["Turbo+1","Barrage"],"picked":"Go for the Eyes","floor":36.0},{"not_picked":["Capacitor+1","Skim","Cold Snap"],"picked":"SKIP","floor":39.0},{"not_picked":["Leap+1","Turbo"],"picked":"Gash+1","floor":41.0},{"not_picked":["Loop","Coolheaded+1","Streamline"],"picked":"SKIP","floor":46.0},{"not_picked":["Double Energy","Glacier+1","Ball Lightning+1"],"picked":"SKIP","floor":48}],"player_experience":207529,"relics_obtained":[{"floor":9.0,"key":"Gremlin Horn"},{"floor":24.0,"key":"Oddly Smooth Stone"},{"floor":26.0,"key":"Ancient Tea Set"},{"floor":43.0,"key":"Art of War"}],"event_choices":[{"cards_removed":["Strike_B"],"damage_healed":0.0,"max_hp_gain":0.0,"max_hp_loss":0.0,"gold_gain":0.0,"event_name":"The Cleric","player_choice":"Card Removal","floor":3.0,"gold_loss":50.0,"damage_taken":0.0},{"cards_removed":["Strike_B"],"damage_healed":0.0,"max_hp_gain":0.0,"max_hp_loss":0.0,"gold_gain":0.0,"event_name":"Living Wall","player_choice":"Forget","floor":10.0,"gold_loss":0.0,"damage_taken":0.0},{"damage_healed":0.0,"max_hp_gain":0.0,"max_hp_loss":0.0,"gold_gain":0.0,"event_name":"The Mausoleum","player_choice":"Opened","floor":20.0,"gold_loss":0.0,"damage_taken":0.0,"relics_obtained":["Pantograph"],"cards_obtained":["Writhe"]},{"damage_healed":0.0,"max_hp_gain":0.0,"max_hp_loss":0.0,"gold_gain":0.0,"event_name":"Cursed Tome","player_choice":"Ignored","floor":22.0,"gold_loss":0.0,"damage_taken":0.0},{"damage_healed":0.0,"max_hp_gain":0.0,"max_hp_loss":0.0,"gold_gain":0.0,"event_name":"Back to Basics","player_choice":"Simplicity","floor":29.0,"gold_loss":0.0,"damage_taken":0.0,"cards_upgraded":["Strike_B","Defend_B","Defend_B","Defend_B","Defend_B"]},{"damage_healed":0.0,"max_hp_gain":0.0,"max_hp_loss":0.0,"gold_gain":0.0,"event_name":"Tomb of Lord Red Mask","player_choice":"Ignored","floor":37.0,"gold_loss":0.0,"damage_taken":0.0},{"damage_healed":0.0,"max_hp_gain":0.0,"max_hp_loss":4.0,"gold_gain":0.0,"event_name":"Winding Halls","player_choice":"Max HP","floor":38.0,"gold_loss":0.0,"damage_taken":0.0},{"damage_healed":0.0,"max_hp_gain":0.0,"max_hp_loss":0.0,"gold_gain":0.0,"event_name":"Mysterious Sphere","player_choice":"Ignored","floor":42.0,"gold_loss":0.0,"damage_taken":0.0},{"cards_removed":["Conserve Battery"],"damage_healed":0.0,"max_hp_gain":0.0,"max_hp_loss":0.0,"gold_gain":0.0,"event_name":"Falling","player_choice":"Removed Skill","floor":44.0,"gold_loss":0.0,"damage_taken":0.0},{"damage_healed":0.0,"max_hp_gain":0.0,"max_hp_loss":0.0,"gold_gain":0.0,"event_name":"NoteForYourself","player_choice":"Ignored","floor":45.0,"gold_loss":0.0,"damage_taken":0.0}],"is_beta":false,"boss_relics":[{"not_picked":["Snecko Eye","Inserter"],"picked":"Runic Pyramid"},{"not_picked":["Astrolabe","Runic Dome"],"picked":"Empty Cage"}],"items_purged_floors":[19,25],"is_endless":false,"potions_floor_spawned":[2,7,12,13,24,28,35,48],"ascension_level":0}}