{"host":"djoj10dqzzvtkauc","time":1613199625,"event":{"mods":["2.2 Compatiblity","BaseMod","Colored Map","DeckTracker","Highlight Path","Keyboard Shortcuts","Marisa£¨Ùöéë¡¡Øª×âÞÞ£©","Minty Spire (QoL Compilation)","Permanent Neow","Quick Restart","Random Character Button","StSLib","SuperFastMode","everything is the same but u backflip on backflip"],"gold_per_floor":[113,130,142,160,175,175,202,202,202,202,219,230,264,283,283,283,283],"floor_reached":16,"language":"KOR","playtime":490,"items_purged":[],"score":203,"play_id":"0ccfbb72-9da3-4501-897e-f132f9400fc4","local_time":"20210213160025","is_ascension_mode":true,"campfire_choices":[{"data":"Backflip","floor":6,"key":"SMITH"},{"data":"Backflip","floor":8,"key":"SMITH"},{"data":"Deadly Poison","floor":10,"key":"SMITH"},{"floor":15,"key":"REST"}],"circlet_count":0,"master_deck":["AscendersBane","Strike_G","Strike_G","Strike_G","Strike_G","Strike_G","Defend_G","Defend_G","Defend_G","Defend_G","Defend_G","Survivor","Neutralize","Slice","Backflip+1","Deflect","Deadly Poison+1","All Out Attack","Backflip+1","Dagger Throw","Flying Knee","Envenom","Bouncing Flask"],"relics":["Ring of the Snake","Lantern","Tough Bandages","HornCleat","Sundial"],"acts_visited":["Exordium"],"potions_floor_usage":[7,7,16,16],"damage_taken":[{"damage":0,"enemies":"Cultist","floor":1,"turns":4},{"damage":0,"enemies":"2 Louse","floor":2,"turns":3},{"damage":3,"enemies":"Jaw Worm","floor":3,"turns":5},{"damage":10,"enemies":"Large Slime","floor":4,"turns":8},{"damage":4,"enemies":"Red Slaver","floor":5,"turns":4},{"damage":13,"enemies":"Lagavulin","floor":7,"turns":6},{"damage":4,"enemies":"Exordium Wildlife","floor":11,"turns":6},{"damage":0,"enemies":"Blue Slaver","floor":12,"turns":3},{"damage":7,"enemies":"3 Sentries","floor":13,"turns":8},{"damage":0,"enemies":"Looter","floor":14,"turns":4},{"damage":0,"enemies":"Slime Boss","floor":16,"turns":5}],"seed_played":"1887456170076027502","potions_obtained":[{"floor":2,"key":"Energy Potion"},{"floor":5,"key":"AttackPotion"},{"floor":12,"key":"LiquidMemories"},{"floor":13,"key":"Strength Potion"}],"is_trial":false,"path_per_floor":["M","M","M","M","M","R","E","R","T","R","M","M","E","M","R","B"],"character_chosen":"THE_SILENT","items_purchased":[],"campfire_rested":1,"item_purchase_floors":[],"current_hp_per_floor":[59,59,56,46,42,42,29,29,29,29,25,25,18,18,37,37,37],"gold":283,"neow_bonus":"RANDOM_COMMON_RELIC","is_daily":false,"chose_seed":false,"campfire_upgraded":3,"win_rate":0.0,"timestamp":1613199625,"path_taken":["M","M","?","M","M","R","E","R","T","R","M","M","E","M","R","BOSS"],"items_purchased_type":[],"build_version":"2020-12-22","purchased_purges":0,"victory":false,"max_hp_per_floor":[66,66,66,66,66,66,66,66,66,66,66,66,66,66,66,66,66],"card_choices":[{"not_picked":["Caltrops","Finisher"],"picked":"Slice","floor":1},{"not_picked":["Deadly Poison","Underhanded Strike"],"picked":"Backflip","floor":2},{"not_picked":["Expertise","Caltrops"],"picked":"Deflect","floor":3},{"not_picked":["Acrobatics","Backflip"],"picked":"Deadly Poison","floor":4},{"not_picked":["Outmaneuver","Reflex"],"picked":"All Out Attack","floor":5},{"not_picked":["Deflect","Finisher"],"picked":"Backflip","floor":7},{"not_picked":["Sucker Punch","Dodge and Roll"],"picked":"Dagger Throw","floor":11},{"not_picked":["Acrobatics","Dagger Throw"],"picked":"Flying Knee","floor":12},{"not_picked":["Caltrops","Flying Knee"],"picked":"Envenom","floor":13},{"not_picked":["Flying Knee","Setup"],"picked":"Bouncing Flask","floor":14}],"player_experience":239388,"relics_obtained":[{"floor":7,"key":"Tough Bandages"},{"floor":9,"key":"HornCleat"},{"floor":13,"key":"Sundial"}],"event_choices":[],"is_beta":false,"boss_relics":[],"items_purged_floors":[],"is_endless":false,"potions_floor_spawned":[2,5,12,13],"killed_by":"Slime Boss","ascension_level":15}}