{"host":"cnq91ghfhf6lz0gv","time":1613250381,"event":{"mods":["BaseMod","Clockwork Mod","Colored Map","Colored Powertips","Conspire","Downfall","Googly Eyes","Highlight Path","Minty Spire (QoL Compilation)","Morshu Shopkeeper - ENHANCED","Reliquary","Replay The Spire","StSLib","SuperFastMode","The IronCluck","The Showman","slay the spire mod where everything is the same but ironclad has a cowboy hat"],"gold_per_floor":[99,114,128,128,141,241,265,277,8,8,18,38,38,38,56,154,154,154,170,230,315,415,515,540,566,584,484,500,528,428,409,424,522,522,522,536,550,597,681,691,691,728,598,598,612,336,336,86,99,99],"floor_reached":51,"language":"ENG","playtime":3346,"items_purged":["theShowman:BasicDefend","theShowman:VanishingDefend","theShowman:StartlingShowmanship","theShowman:PropManacles+1","theShowman:KiblerFlick+1"],"score":1343,"play_id":"9f7951b1-9f2e-45a3-ba53-d0ae5ccb83ac","local_time":"20210213160621","is_ascension_mode":true,"campfire_choices":[{"data":"theShowman:SpeechCard","floor":1.0,"key":"SMITH"},{"data":"theShowman:VanishingStrike","floor":10.0,"key":"SMITH"},{"data":"theShowman:VanishingDefend","floor":13.0,"key":"SMITH"},{"data":"theShowman:VanishingStrike","floor":18,"key":"SMITH"},{"data":"theShowman:ExtraWideSleeves","floor":27,"key":"SMITH"},{"data":"theShowman:PropManacles","floor":30,"key":"SMITH"},{"data":"theShowman:HypeTheCrowd","floor":35,"key":"SMITH"},{"floor":44,"key":"RECALL"}],"circlet_count":0,"master_deck":["theShowman:CardPickup52+1","theShowman:SpeechCard+1","theShowman:VanDeGraaffsRevenge+1","theShowman:PocketSand","theShowman:SleeveStash+1","theShowman:HypeTheCrowd+1","theShowman:ExtraWideSleeves+1","theShowman:Prestidigitation+1","theShowman:Prestidigitation+1","theShowman:ThrowingCards+1"],"relics":["theShowman:TrigonOfTrickery","downfall:ShatteredFragment","Guardian:PocketSentry","Replay:Bottled Snecko","ReplayTheSpireMod:CursedCoin","conspire:Boomerang","Replay:Ringing Soul","Pen Nib","downfall:HeartBlessingBlue","Frozen Egg 2","downfall:HeartBlessingGreen","Membership Card","ReplayTheSpireMod:Shallot","reliquary:WritOfMandamus","Bird Faced Urn","Nunchaku","MawBank","Omamori","Orrery","reliquary:Buckler","reliquary:PrincelyHelmet","Ring of Hypnosis","Ring of Fury","Question Card"],"acts_visited":["Exordium","TheCity","TheBeyond"],"potions_floor_usage":[],"damage_taken":[{"damage":0.0,"enemies":"Cultist","floor":2.0,"turns":1.0},{"damage":1.0,"enemies":"Small Slimes","floor":3.0,"turns":4.0},{"damage":0.0,"enemies":"Jaw Worm","floor":5.0,"turns":3.0},{"damage":37.0,"enemies":"downfall:Heads","floor":6.0,"turns":4.0},{"damage":6.0,"enemies":"Gremlin Gang","floor":8.0,"turns":7.0},{"damage":0.0,"enemies":"downfall:FleeingMerchant","floor":9.0,"turns":4.0},{"damage":0.0,"enemies":"Blue Slaver","floor":11.0,"turns":1.0},{"damage":0.0,"enemies":"downfall:LooterAlt","floor":12.0,"turns":1.0},{"damage":0.0,"enemies":"2 Fungi Beasts","floor":15.0,"turns":2.0},{"damage":9,"enemies":"WA_ARCHETYPE_RETAIN","floor":16,"turns":4},{"damage":0,"enemies":"3 Byrds","floor":19,"turns":3},{"damage":0,"enemies":"downfall:FleeingMerchant","floor":20,"turns":4},{"damage":0,"enemies":"Colosseum Nobs","floor":22,"turns":2},{"damage":0,"enemies":"Slavers","floor":25,"turns":2},{"damage":0,"enemies":"conspire:FuzzyDice","floor":26,"turns":2},{"damage":0,"enemies":"Centurion and Healer","floor":28,"turns":1},{"damage":9,"enemies":"Book of Stabbing","floor":29,"turns":2},{"damage":0,"enemies":"downfall:FleeingMerchant","floor":31,"turns":1},{"damage":0,"enemies":"3 Cultists","floor":32,"turns":3},{"damage":0,"enemies":"IC_MUSHROOM_ARCHETYPE","floor":33,"turns":3},{"damage":0,"enemies":"3 Darklings","floor":36,"turns":2},{"damage":0,"enemies":"3 Shapes","floor":37,"turns":2},{"damage":5,"enemies":"2 Orb Walkers","floor":38,"turns":3},{"damage":0,"enemies":"3 Darklings","floor":40,"turns":2},{"damage":0,"enemies":"Reptomancer","floor":42,"turns":1},{"damage":0,"enemies":"Transient","floor":45,"turns":2},{"damage":0,"enemies":"Jaw Worm Horde","floor":49,"turns":1},{"damage":0,"enemies":"SI_POISON_ARCHETYPE","floor":50,"turns":1}],"seed_played":"-974395138866175512","potions_obtained":[{"floor":3.0,"key":"SpeedPotion"},{"floor":6.0,"key":"champ:CounterPotion"},{"floor":8.0,"key":"SpeedPotion"},{"floor":15.0,"key":"LiquidMemories"},{"floor":16,"key":"Energy Potion"},{"floor":28,"key":"PowerPotion"},{"floor":32,"key":"Flashbang"},{"floor":38,"key":"GamblersBrew"}],"is_trial":false,"path_per_floor":["R","M","M","?","M","?","T","M","$","R","M","M","R","?","M","B",null,"R_BF","M","$","?","?","?","T","E","M","R","M","E","R","$","M","B",null,"R","M","M","?","?","M","T","E","$","R","M","$","?","$","M","B",null],"character_chosen":"THE_SHOWMAN","items_purchased":["Replay:Bottled Snecko","ReplayTheSpireMod:CursedCoin","Membership Card","ReplayTheSpireMod:Shallot","theShowman:Prestidigitation","Orrery","reliquary:Buckler","reliquary:PrincelyHelmet","Question Card","theShowman:ThrowingCards+1"],"campfire_rested":0,"item_purchase_floors":[9,20,31,31,31,43,46,46,48,48],"current_hp_per_floor":[68,68,67,67,67,30,30,24,24,24,24,24,24,24,24,15,60,60,60,60,60,63,63,63,66,69,79,79,73,73,76,76,76,94,94,94,94,89,64,67,67,67,67,67,67,67,67,70,72,74],"gold":99,"neow_bonus":"ONE_RANDOM_RARE_CARD","is_daily":false,"chose_seed":false,"campfire_upgraded":7,"win_rate":0.0,"timestamp":1613250381,"path_taken":["R","M","?","?","M","?","T","?","$","R","?","M","R","?","M","BOSS","R_BF","M","$","?","?","?","T","E","M","R","M","E","R","?","M","BOSS","R","M","M","?","?","M","T","E","$","R","M","$","?","$","M","BOSS"],"items_purchased_type":["Relic","Relic","Relic","Relic","Card","Relic","Relic","Relic","Relic","Card"],"build_version":"2020-12-22","purchased_purges":5,"victory":true,"max_hp_per_floor":[75,75,75,75,75,75,75,75,75,75,75,75,75,75,75,75,75,75,75,75,75,78,78,78,81,84,94,94,97,97,100,100,100,100,100,100,100,100,100,103,103,103,103,103,103,103,103,106,106,106],"card_choices":[{"not_picked":["theShowman:NowYouSeeMe","theShowman:GotYourNose"],"picked":"theShowman:PocketSand","floor":2.0},{"not_picked":["theShowman:OpenTheCurtain","theShowman:CrashingLights","theShowman:ExtraWideSleeves"],"picked":"SKIP","floor":3.0},{"not_picked":["theShowman:SleightedHand","theShowman:FlashyFlourish","theShowman:BafflingShuffle"],"picked":"SKIP","floor":5.0},{"not_picked":["theShowman:OpenTheCurtain","theShowman:PocketSand"],"picked":"theShowman:VanishingAct","floor":6.0},{"not_picked":["theShowman:FlashyFlourish","theShowman:RazzleDazzle","theShowman:ForMyNextTrick"],"picked":"SKIP","floor":8.0},{"not_picked":["theShowman:FlashyFlourish","theShowman:SybilFlourish","theShowman:SleightedFlourish"],"picked":"SKIP","floor":9.0},{"not_picked":["theShowman:NowYouDont","theShowman:GotYourNose","theShowman:OpenTheCurtain"],"picked":"SKIP","floor":11.0},{"not_picked":["theShowman:DisembodiedHand","theShowman:Presto","theShowman:MaximumDistraction"],"picked":"SKIP","floor":12.0},{"not_picked":["theShowman:Toro","theShowman:GotYourNose","theShowman:Presto"],"picked":"SKIP","floor":15.0},{"not_picked":["theShowman:StartlingShowmanship","theShowman:Toro+1","theShowman:BafflingShuffle+1"],"picked":"SKIP","floor":19},{"not_picked":["theShowman:GotYourNose","theShowman:BottomDoubleDeal+1"],"picked":"theShowman:VanishingAct","floor":20},{"not_picked":["theShowman:ExtraWideSleeves","theShowman:ShowOfStrength"],"picked":"theShowman:SleeveStash+1","floor":22},{"not_picked":["theShowman:SecondAct+1","theShowman:StackTheDeck"],"picked":"theShowman:HypeTheCrowd","floor":25},{"not_picked":["theShowman:SleightedHand+1","theShowman:FlashyFlourish"],"picked":"theShowman:ExtraWideSleeves","floor":26},{"not_picked":["theShowman:StartlingShowmanship","theShowman:PocketSand","theShowman:MischiefManaged"],"picked":"SKIP","floor":28},{"not_picked":["theShowman:PropShow","theShowman:ThreeCardMonty"],"picked":"theShowman:PropManacles","floor":29},{"not_picked":["theShowman:WhirlingDervish","theShowman:SleightedFlourish","theShowman:RazzleDazzle+1"],"picked":"SKIP","floor":31},{"not_picked":["theShowman:ReappearingTrick+1","theShowman:KnockThePile","theShowman:FlashyFlourish"],"picked":"SKIP","floor":32},{"not_picked":["theShowman:ForMyNextTrick","theShowman:NowYouSeeMe","theShowman:DapperFlourish"],"picked":"SKIP","floor":36},{"not_picked":["theShowman:OpenTheCurtain","theShowman:RazzleDazzle+1","theShowman:StartlingShowmanship"],"picked":"SKIP","floor":37},{"not_picked":["theShowman:UpMySleeve+1","theShowman:ThreeCardMonty"],"picked":"theShowman:Prestidigitation+1","floor":40},{"not_picked":["theShowman:VanDeGraaffsRevenge","theShowman:PerfectedPerformance+1","theShowman:VanishingAct"],"picked":"SKIP","floor":42},{"not_picked":["theShowman:SleightedFlourish+1","theShowman:FullHouse","theShowman:PocketSand"],"picked":"SKIP","floor":45},{"not_picked":["theShowman:SleightedFlourish+1","theShowman:FullHouse","theShowman:PocketSand"],"picked":"SKIP","floor":45},{"not_picked":["theShowman:SubtleMisdirections+1","theShowman:Toro+1","theShowman:SleightedFlourish","theShowman:WardrobeWarding+1"],"picked":"SKIP","floor":49}],"player_experience":233711,"relics_obtained":[{"floor":7.0,"key":"Guardian:PocketSentry"},{"floor":22,"key":"conspire:Boomerang"},{"floor":22,"key":"Replay:Ringing Soul"},{"floor":25,"key":"Pen Nib"},{"floor":29,"key":"Frozen Egg 2"},{"floor":38,"key":"Bird Faced Urn"},{"floor":39,"key":"Nunchaku"},{"floor":41,"key":"MawBank"},{"floor":42,"key":"Omamori"},{"floor":47,"key":"Ring of Hypnosis"},{"floor":47,"key":"Ring of Fury"}],"event_choices":[{"damage_healed":0,"gold_gain":0,"player_choice":"Fight","damage_taken":0,"max_hp_gain":0,"max_hp_loss":0,"event_name":"Mysterious Sphere","floor":38,"gold_loss":0}],"is_beta":false,"boss_relics":[{"not_picked":["Black Star","Astrolabe"],"picked":"theShowman:TrigonOfTrickery"},{"not_picked":["Snecko Eye","Replay:Drink Me"],"picked":"reliquary:WritOfMandamus"}],"items_purged_floors":[20,31,43,46,48],"is_endless":false,"potions_floor_spawned":[3,6,8,15,16,19,25,28,32,37,38,42],"ascension_level":9}}