{"host":"am0cr9xwekqmrere","time":1613196947,"event":{"mods":["AchievementEnabler","Act Like it!","BaseMod","Better Altar","Better Match","Better Note","Better Sensory Stone","Better Skull","Better Third Choice","BetterRewards","Conspire","Downfall","Hubris","Infinite Spire","Minty Spire (QoL Compilation)","Rare Cards Sparkle","Spicy Shops","StSLib","Unceasing Turn Reminder"],"gold_per_floor":[114,114,131,143,153,153,163,195,195,214,225,225,225,225,225,329,329,343,354,354,371,388,415,415,427,427,446,478,37,55,66,66,165,165,181,181,17,30,30,30,30],"floor_reached":40,"language":"ENG","playtime":1494,"items_purged":[],"score":459,"play_id":"e54404c9-c747-4b7c-a68a-6a9e031fc74e","local_time":"20210213001547","is_ascension_mode":false,"campfire_choices":[{"data":"Armaments","floor":6,"key":"SMITH"},{"data":"Armaments","floor":12,"key":"SMITH"},{"floor":15,"key":"REST"},{"floor":24,"key":"REST"},{"floor":32,"key":"REST"}],"circlet_count":0,"master_deck":["Strike_R","Strike_R","Strike_R","Strike_R","Strike_R","Defend_R","Defend_R","Defend_R","Defend_R","Bash","Metallicize","Good Instincts","Fire Breathing","Armaments+1","Fire Breathing","Armaments+1","Iron Wave","Carnage","Perfected Strike","hubris:ReadiedAction","Evolve","Perfected Strike","Limit Break","Flex","conspire:Charge","infinitespire:Gouge","Twin Strike","Cleave","Disarm","Uppercut","Body Slam+1","Berserk","Feel No Pain","Wild Strike","Shrug It Off","True Grit+1","Spot Weakness","Demon Form","Disarm","Madness","Madness","Spot Weakness+1"],"relics":["Burning Blood","HandDrill","hubris:TenFootPole","Unceasing Top","infinitespire:EmpoweringShard","Ice Cream","Smiling Mask","Mark of Pain","TheAbacus","infinitespire:PuzzleCube","Letter Opener","MealTicket","Membership Card","Question Card","hubris:EmptyBottle","conspire:RunicOctahedron","Shuriken","Thread and Needle"],"acts_visited":["Exordium","TheCity","TheBeyond"],"potions_floor_usage":[0,3,4,28,28,31,33,35,35,38,40,40,40],"damage_taken":[{"damage":0,"enemies":"2 Louse","floor":1,"turns":5},{"damage":0,"enemies":"Cultist","floor":3,"turns":4},{"damage":0,"enemies":"Small Slimes","floor":4,"turns":6},{"damage":19,"enemies":"Exordium Thugs","floor":5,"turns":6},{"damage":0,"enemies":"Red Slaver","floor":7,"turns":5},{"damage":23,"enemies":"3 Sentries","floor":8,"turns":5},{"damage":5,"enemies":"3 Louse","floor":10,"turns":4},{"damage":5,"enemies":"Exordium Thugs","floor":11,"turns":4},{"damage":54,"enemies":"Hexaghost","floor":16,"turns":10},{"damage":28,"enemies":"2 Thieves","floor":18,"turns":4},{"damage":7,"enemies":"Chosen","floor":19,"turns":4},{"damage":15,"enemies":"3 Cultists","floor":21,"turns":5},{"damage":11,"enemies":"Shelled Parasite and Fungi","floor":22,"turns":3},{"damage":8,"enemies":"Gremlin Leader","floor":23,"turns":7},{"damage":22,"enemies":"Snecko","floor":25,"turns":6},{"damage":12,"enemies":"Centurion and Healer","floor":27,"turns":5},{"damage":18,"enemies":"Book of Stabbing","floor":28,"turns":6},{"damage":6,"enemies":"Cultist and Chosen","floor":30,"turns":4},{"damage":4,"enemies":"3 Cultists","floor":31,"turns":5},{"damage":42,"enemies":"conspire:MysteriousRune","floor":33,"turns":8},{"damage":13,"enemies":"Orb Walker","floor":35,"turns":3},{"damage":22,"enemies":"3 Darklings","floor":38,"turns":6},{"damage":97,"enemies":"Nightmare","floor":40,"turns":5}],"seed_played":"909511655834476254","potions_obtained":[{"floor":1,"key":"DistilledChaos"},{"floor":2,"key":"ColorlessPotion"},{"floor":2,"key":"Ancient Potion"},{"floor":8,"key":"sneckomod:MuddlingPotion"},{"floor":19,"key":"PowerPotion"},{"floor":22,"key":"sneckomod:MuddlingPotion"},{"floor":25,"key":"Block Potion"},{"floor":30,"key":"DuplicationPotion"},{"floor":33,"key":"Fire Potion"}],"is_trial":false,"path_per_floor":["M","?","M","M","M","R","M","E","T","M","M","R","?","?","R","B",null,"M","M","AVR","M","M","E","R","M","T","M","E","$","M","M","R","B",null,"M","?","$","M","T","NM"],"character_chosen":"IRONCLAD","items_purchased":["Metallicize","HandDrill","hubris:TenFootPole","Unceasing Top","Good Instincts","Fire Breathing","Armaments","BloodPotion","Membership Card","Question Card","Feel No Pain","champ:CounterPotion","Wild Strike","Shrug It Off","hubris:EmptyBottle","Shuriken","Regen Potion"],"campfire_rested":3,"item_purchase_floors":[0,0,0,0,0,0,0,0,29,29,29,29,29,29,29,37,37],"current_hp_per_floor":[71,71,77,80,67,67,73,56,56,57,58,58,58,58,80,32,80,58,57,57,48,43,41,65,49,49,43,31,46,46,48,72,36,80,73,68,80,64,64,0,0],"gold":30,"neow_bonus":"","is_daily":false,"chose_seed":false,"campfire_upgraded":2,"win_rate":0.0,"timestamp":1613196947,"path_taken":["M","?","?","?","M","R","M","E","T","M","M","R","?","?","R","BOSS","M","M","AVR","M","?","E","R","M","T","M","E","?","M","M","R","BOSS","M","?","$","M","?","NM"],"items_purchased_type":["Card","Relic","Relic","Relic","Card","Card","Card","Potion","Relic","Relic","Card","Potion","Card","Card","Relic","Relic","Potion"],"build_version":"2020-12-22","purchased_purges":0,"victory":false,"max_hp_per_floor":[80,80,80,80,80,80,80,80,80,80,80,80,80,80,80,80,80,80,80,80,80,80,80,80,80,80,80,80,80,80,80,80,80,80,80,80,80,80,80,80,80],"card_choices":[{"not_picked":["Headbutt","Thunderclap"],"picked":"Fire Breathing","floor":1},{"not_picked":["Reckless Charge","Body Slam"],"picked":"Armaments","floor":3},{"not_picked":["Cleave","Battle Trance"],"picked":"Iron Wave","floor":4},{"not_picked":["Havoc","Thunderclap"],"picked":"Carnage","floor":5},{"not_picked":["Wild Strike","Anger"],"picked":"Perfected Strike","floor":7},{"not_picked":["Wild Strike","conspire:Purge"],"picked":"hubris:ReadiedAction","floor":8},{"not_picked":["Shockwave","Bloodletting"],"picked":"Evolve","floor":10},{"not_picked":["Heavy Blade","Hemokinesis"],"picked":"Perfected Strike","floor":11},{"not_picked":["conspire:Purge","Double Tap"],"picked":"Limit Break","floor":16},{"not_picked":["Dark Embrace","Pommel Strike"],"picked":"Flex","floor":18},{"not_picked":["Flex","Shrug It Off+1"],"picked":"conspire:Charge","floor":19},{"not_picked":["Fire Breathing","True Grit"],"picked":"Twin Strike","floor":21},{"not_picked":["Sentinel","Dropkick"],"picked":"Cleave","floor":22},{"not_picked":["Wild Strike+1","Infernal Blade"],"picked":"Disarm","floor":23},{"not_picked":["Second Wind","Power Through"],"picked":"Uppercut","floor":25},{"not_picked":["Fire Breathing","Clash"],"picked":"Body Slam+1","floor":27},{"not_picked":["Clash","Bloodletting+1"],"picked":"Berserk","floor":28},{"not_picked":["Heavy Blade","Sword Boomerang+1","Clash+1"],"picked":"True Grit+1","floor":30},{"not_picked":["Havoc","True Grit","Berserk"],"picked":"Spot Weakness","floor":31},{"not_picked":["Offering","Immolate","Impervious"],"picked":"Demon Form","floor":33},{"not_picked":["Shrug It Off+1","Iron Wave+1","Headbutt"],"picked":"Disarm","floor":35},{"not_picked":["Sentinel","Evolve+1","Battle Trance"],"picked":"Spot Weakness+1","floor":38}],"player_experience":2783598,"relics_obtained":[{"floor":8,"key":"infinitespire:EmpoweringShard"},{"floor":13,"key":"Ice Cream"},{"floor":23,"key":"infinitespire:PuzzleCube"},{"floor":26,"key":"Letter Opener"},{"floor":28,"key":"MealTicket"},{"floor":39,"key":"Thread and Needle"}],"event_choices":[{"damage_healed":0,"gold_gain":0,"player_choice":"Got Potions","damage_taken":0,"max_hp_gain":0,"max_hp_loss":0,"event_name":"Lab","floor":2,"gold_loss":0},{"damage_healed":0,"gold_gain":0,"player_choice":"Gave Potion","damage_taken":0,"relics_obtained":["Smiling Mask"],"max_hp_gain":0,"max_hp_loss":0,"event_name":"WeMeetAgain","floor":14,"gold_loss":0},{"damage_healed":0,"gold_gain":0,"player_choice":"Embrace Madness","damage_taken":10,"max_hp_gain":0,"max_hp_loss":0,"event_name":"Winding Halls","floor":36,"gold_loss":0,"cards_obtained":["Madness","Madness"]}],"is_beta":false,"boss_relics":[{"not_picked":["hubris:TerracottaHorce","Coffee Dripper"],"picked":"Mark of Pain"},{"not_picked":["hubris:CrackedHourglass","Empty Cage"],"picked":"conspire:RunicOctahedron"}],"items_purged_floors":[],"is_endless":false,"potions_floor_spawned":[1,8,19,22,25,30,33],"killed_by":"Nightmare","ascension_level":0}}