{"host":"jpzdg3po3tjxdjri","time":1613254307,"event":{"mods":["BaseMod","Better Third Choice","Colored Map","Colored Powertips","Minty Spire (QoL Compilation)","StSLib"],"gold_per_floor":[115,135,145,145,165,197,207,223,302,317,417,417,428,603,603,603,603],"floor_reached":16,"language":"ENG","playtime":496,"items_purged":[],"score":111,"play_id":"851a9d3a-65a1-4677-886e-f4d405981d8f","local_time":"20210213221147","is_ascension_mode":true,"campfire_choices":[{"floor":12,"key":"REST"},{"floor":15,"key":"REST"}],"circlet_count":0,"master_deck":["Strike_B","Strike_B","Strike_B","Strike_B","Defend_B","Defend_B","Defend_B","Defend_B","Dualcast","Reprogram","FTL","FTL","Leap","Conserve Battery","Gash","Recycle","Sweeping Beam","Seek","Doubt"],"relics":["Cracked Core","Lantern","Sundial"],"acts_visited":["Exordium"],"potions_floor_usage":[8,16,16],"damage_taken":[{"damage":0,"enemies":"Cultist","floor":1,"turns":3},{"damage":4,"enemies":"Jaw Worm","floor":2,"turns":4},{"damage":1,"enemies":"2 Louse","floor":3,"turns":3},{"damage":25,"enemies":"Gremlin Gang","floor":5,"turns":5},{"damage":27,"enemies":"Lagavulin","floor":6,"turns":8},{"damage":10,"enemies":"3 Louse","floor":7,"turns":3},{"damage":0,"enemies":"Exordium Thugs","floor":8,"turns":3},{"damage":0,"enemies":"Blue Slaver","floor":10,"turns":4},{"damage":11,"enemies":"Large Slime","floor":13,"turns":5},{"damage":35,"enemies":"Slime Boss","floor":16,"turns":9}],"seed_played":"7117473760337947077","potions_obtained":[{"floor":1,"key":"Fire Potion"},{"floor":6,"key":"Energy Potion"},{"floor":7,"key":"Block Potion"},{"floor":8,"key":"PotionOfCapacity"}],"is_trial":false,"path_per_floor":["M","M","M","?","M","E","M","M","T","M","?","R","M","?","R","B"],"character_chosen":"DEFECT","items_purchased":[],"campfire_rested":2,"item_purchase_floors":[],"current_hp_per_floor":[75,71,70,63,38,11,1,1,1,1,1,23,12,12,34,0,0],"gold":603,"neow_bonus":"UPGRADE_CARD","is_daily":false,"chose_seed":false,"campfire_upgraded":0,"win_rate":0.0,"timestamp":1613254307,"path_taken":["M","?","M","?","M","E","M","M","T","M","?","R","?","?","R","BOSS"],"items_purchased_type":[],"build_version":"2020-12-22","purchased_purges":0,"victory":false,"max_hp_per_floor":[75,75,75,75,75,75,75,75,75,75,75,75,75,75,75,75,75],"card_choices":[{"not_picked":["Redo","Rebound"],"picked":"Reprogram","floor":1},{"not_picked":["Steam Power","Aggregate"],"picked":"FTL","floor":2},{"not_picked":["Stack","Hologram"],"picked":"FTL","floor":3},{"not_picked":["All For One","Hologram"],"picked":"Leap","floor":5},{"not_picked":["Beam Cell","Coolheaded"],"picked":"Conserve Battery","floor":6},{"not_picked":["Defragment","Rebound"],"picked":"Gash","floor":7},{"not_picked":["Compile Driver","Steam"],"picked":"Recycle","floor":8},{"not_picked":["Tempest","Self Repair"],"picked":"Sweeping Beam","floor":10},{"not_picked":["Blizzard","Ball Lightning"],"picked":"Seek","floor":13}],"player_experience":902180,"relics_obtained":[{"floor":6,"key":"Lantern"},{"floor":9,"key":"Sundial"}],"event_choices":[{"cards_removed":["Zap"],"damage_healed":0,"gold_gain":0,"player_choice":"Card Removal","damage_taken":7,"max_hp_gain":0,"max_hp_loss":0,"event_name":"Golden Wing","floor":4,"gold_loss":0},{"damage_healed":0,"gold_gain":100,"player_choice":"Pray","damage_taken":0,"max_hp_gain":0,"max_hp_loss":0,"event_name":"Golden Shrine","floor":11,"gold_loss":0},{"damage_healed":0,"gold_gain":175,"player_choice":"AGREE","damage_taken":428,"max_hp_gain":0,"max_hp_loss":0,"event_name":"betterThird:BetterSerpent","floor":14,"gold_loss":0}],"is_beta":false,"boss_relics":[],"items_purged_floors":[],"is_endless":false,"potions_floor_spawned":[1,6,7,8,13],"killed_by":"Slime Boss","ascension_level":1}}