{"host":"kh6fvhxn285ncg0o","time":1613247072,"event":{"mods":["Act Like it!","BaseMod","Colored Map","Friendly Minions","Keyboard Shortcuts","Minty Spire (QoL Compilation)","Quick Restart","Relic Stats","StSLib","SuperFastMode","UnlockEverythingMod"],"gold_per_floor":[361,380,52,52,70,70,103,117,117,117,148,158,233,276,276,276,276],"floor_reached":16,"language":"KOR","playtime":334,"items_purged":[],"score":290,"play_id":"7852e558-6581-4fc4-b28a-da014ca937a9","local_time":"20210214051112","is_ascension_mode":true,"campfire_choices":[{"data":"Flame Barrier","floor":6,"key":"SMITH"},{"data":"Inflame","floor":10,"key":"SMITH"},{"data":"Bash","floor":15,"key":"SMITH"}],"circlet_count":0,"master_deck":["AscendersBane","Strike_R","Strike_R","Strike_R","Strike_R","Strike_R","Defend_R","Defend_R","Defend_R","Defend_R","Bash+1","Dark Embrace","Flame Barrier+1","Pummel","Inflame+1","Impervious","Sword Boomerang"],"relics":["Burning Blood","Akabeko","Oddly Smooth Stone","Omamori","Thread and Needle","CeramicFish"],"acts_visited":["Exordium"],"potions_floor_usage":[14,16],"damage_taken":[{"damage":3,"enemies":"2 Louse","floor":1,"turns":5},{"damage":7,"enemies":"Small Slimes","floor":2,"turns":4},{"damage":11,"enemies":"Cultist","floor":5,"turns":5},{"damage":24,"enemies":"3 Sentries","floor":7,"turns":9},{"damage":22,"enemies":"Lots of Slimes","floor":8,"turns":7},{"damage":43,"enemies":"Gremlin Nob","floor":11,"turns":5},{"damage":0,"enemies":"Exordium Wildlife","floor":12,"turns":4},{"damage":0,"enemies":"Lagavulin","floor":14,"turns":5},{"damage":20,"enemies":"Hexaghost","floor":16,"turns":9}],"seed_played":"-1785113173412055414","potions_obtained":[{"floor":1,"key":"Dexterity Potion"},{"floor":2,"key":"FairyPotion"},{"floor":12,"key":"Energy Potion"}],"is_trial":false,"path_per_floor":["M","M","$","?","M","R","E","M","T","R","E","M","?","E","R","B"],"character_chosen":"IRONCLAD","items_purchased":["Akabeko","Oddly Smooth Stone"],"campfire_rested":0,"item_purchase_floors":[3,3],"current_hp_per_floor":[53,52,52,57,52,52,34,18,18,18,19,25,14,20,20,0,0],"gold":276,"neow_bonus":"TWO_FIFTY_GOLD","is_daily":false,"chose_seed":false,"campfire_upgraded":3,"win_rate":0.0,"timestamp":1613247072,"path_taken":["M","M","$","?","M","R","E","M","T","R","E","M","?","E","R","BOSS"],"items_purchased_type":["Relic","Relic"],"build_version":"2020-12-22","purchased_purges":0,"victory":false,"max_hp_per_floor":[75,75,75,80,80,80,80,80,80,80,80,80,80,80,80,80,80],"relic_stats":{"counters":[9,53],"CeramicFish":9,"obtain_stats":[{"CeramicFish":14,"Oddly Smooth Stone":3,"Thread and Needle":11,"Omamori":7,"Burning Blood":0,"Akabeko":3},{"CeramicFish":8,"Oddly Smooth Stone":2,"Thread and Needle":6,"Omamori":4,"Burning Blood":0,"Akabeko":2},{"CeramicFish":44,"Oddly Smooth Stone":9,"Thread and Needle":35,"Omamori":23,"Burning Blood":0,"Akabeko":9}],"Burning Blood":48},"card_choices":[{"not_picked":["Sentinel","Cleave"],"picked":"Dark Embrace","floor":1},{"not_picked":["Metallicize","Havoc"],"picked":"Flame Barrier","floor":2},{"not_picked":["Reckless Charge","Thunderclap"],"picked":"Pummel","floor":5},{"not_picked":["Shrug It Off","Perfected Strike"],"picked":"Inflame","floor":8},{"not_picked":["Twin Strike","Iron Wave"],"picked":"Impervious","floor":12},{"not_picked":["True Grit","Heavy Blade"],"picked":"Sword Boomerang","floor":14}],"player_experience":1389982,"relics_obtained":[{"floor":7,"key":"Omamori"},{"floor":11,"key":"Thread and Needle"},{"floor":14,"key":"CeramicFish"}],"event_choices":[{"damage_healed":0,"gold_gain":0,"player_choice":"Donut","damage_taken":0,"max_hp_gain":5,"max_hp_loss":0,"event_name":"Big Fish","floor":4,"gold_loss":0},{"damage_healed":0,"gold_gain":75,"player_choice":"Gather Gold","damage_taken":11,"max_hp_gain":0,"max_hp_loss":0,"event_name":"World of Goop","floor":13,"gold_loss":0}],"is_beta":false,"boss_relics":[],"items_purged_floors":[],"is_endless":false,"potions_floor_spawned":[1,2,8,12],"killed_by":"Hexaghost","ascension_level":20}}