{"host":"1v3mnj67s3trvm6y","time":1613221307,"event":{"mods":["BaseMod","Challenge The Spire","Downfall","Minty Spire (QoL Compilation)","StSLib"],"gold_per_floor":[99,113,213,279,301,301,328,328,228,248,248,275,304,340,366,478,478,478,505,267,288,310,338,361,497,497,497,497],"floor_reached":26,"language":"ENG","playtime":1430,"items_purged":["champ:Defend"],"score":210,"play_id":"3d93fa45-57a8-4ffc-a34d-9ba882d523a1","local_time":"20210213220147","is_ascension_mode":false,"campfire_choices":[{"data":"champ:Taunt","floor":1,"key":"SMITH"},{"floor":6,"key":"REST"},{"floor":9,"key":"REST"},{"floor":11,"key":"REST"},{"data":"champ:EnchantCrown","floor":18,"key":"SMITH"}],"circlet_count":0,"master_deck":["champ:Strike","champ:Strike","champ:Strike","champ:Strike","champ:Execute","champ:Taunt+1","champ:Endure","champ:EndlessRage","champ:GutPunch","champ:EndlessRage","champ:ArenaPreparation","champ:FlashCut","champ:Backstep","champ:EnchantCrown+1","champ:GutPunch","champ:SteelEdge","champ:AdrenalArmor","champ:CalledShot","champ:Backstep","champ:EnragedBash","champ:EnragedBash","champ:Lariat","champ:PerfectedStrike","J.A.X.","champ:GladiatorForm"],"relics":["champ:ChampionCrown","Champion Belt","CeramicFish","champ:DeflectingBracers","downfall:HeartBlessingBlue","Happy Flower","Black Star","champ:Barbells","Akabeko","MutagenicStrength"],"acts_visited":["Exordium","TheCity"],"potions_floor_usage":[21,23,25],"damage_taken":[{"damage":11,"enemies":"Cultist","floor":2,"turns":4},{"damage":50,"enemies":"Cultist","floor":3,"turns":5},{"damage":52,"enemies":"Gremlin Nob","floor":4,"turns":5},{"damage":0,"enemies":"2 Louse","floor":5,"turns":2},{"damage":25,"enemies":"Small Slimes","floor":10,"turns":4},{"damage":27,"enemies":"downfall:LooterAlt","floor":12,"turns":4},{"damage":10,"enemies":"2 Fungi Beasts","floor":13,"turns":3},{"damage":28,"enemies":"3 Sentries","floor":14,"turns":7},{"damage":40,"enemies":"Large Slime","floor":15,"turns":4},{"damage":53,"enemies":"IC_STATUS_ARCHETYPE","floor":16,"turns":8},{"damage":35,"enemies":"3 Byrds","floor":19,"turns":5},{"damage":0,"enemies":"downfall:FleeingMerchant","floor":20,"turns":4},{"damage":29,"enemies":"downfall:LooterAlt2","floor":21,"turns":4},{"damage":52,"enemies":"Cultist and Chosen","floor":22,"turns":10},{"damage":62,"enemies":"3 Cultists","floor":23,"turns":6},{"damage":51,"enemies":"downfall:Augmenter","floor":25,"turns":5},{"damage":26,"enemies":"Book of Stabbing","floor":26,"turns":4}],"seed_played":"3739635824743970251","potions_obtained":[{"floor":3,"key":"SpeedPotion"},{"floor":4,"key":"DuplicationPotion"},{"floor":13,"key":"Dexterity Potion"},{"floor":16,"key":"Energy Potion"},{"floor":21,"key":"bronze:BurnAndBuffPotion"},{"floor":25,"key":"sneckomod:MuddlingPotion"}],"is_trial":false,"path_per_floor":["R","M","?","?","M","R","T","?","R","M","R","M","M","E","M","B",null,"R","M","$","M","M","M","T","?","E"],"character_chosen":"THE_CHAMP","items_purchased":["champ:Barbells"],"campfire_rested":3,"item_purchase_floors":[20],"current_hp_per_floor":[90,89,59,27,27,54,54,29,69,69,99,97,97,84,84,66,100,100,100,100,96,69,52,52,26,0,0,0],"gold":497,"neow_bonus":"REMOVE_CARD","is_daily":false,"chose_seed":false,"campfire_upgraded":2,"win_rate":0.0,"timestamp":1613221307,"path_taken":["R","M","?","?","M","R","T","?","R","M","R","M","M","E","M","BOSS","R","M","$","M","M","M","T","?","E"],"items_purchased_type":["Relic"],"build_version":"2020-12-22","purchased_purges":1,"victory":false,"max_hp_per_floor":[90,90,90,90,90,90,90,90,100,100,100,100,100,100,100,100,100,100,100,100,100,100,100,100,100,100,100,100],"card_choices":[{"not_picked":["champ:HeartStrike","champ:PerfectedStrike"],"picked":"champ:Endure","floor":2},{"not_picked":["champ:RapidStrikes","champ:TornadoPunch"],"picked":"champ:EndlessRage","floor":3},{"not_picked":["champ:PreciseThrust","champ:IronFortress"],"picked":"champ:GutPunch","floor":4},{"not_picked":["champ:ShieldSlam","champ:EnGarde"],"picked":"champ:EndlessRage","floor":5},{"not_picked":["champ:PreciseThrust","champ:EndlessRage"],"picked":"champ:ArenaPreparation","floor":10},{"not_picked":["champ:Shatter","champ:BladeFlurry"],"picked":"champ:FlashCut","floor":12},{"not_picked":["champ:ShieldSlam","champ:FocusedBerserking"],"picked":"champ:Backstep","floor":13},{"not_picked":["champ:StanceDance","champ:Circumvent"],"picked":"champ:EnchantCrown","floor":14},{"not_picked":["champ:EnGarde","champ:FalseCounter"],"picked":"champ:GutPunch","floor":15},{"not_picked":["champ:EnchantSword","champ:EnchantShield"],"picked":"champ:SteelEdge","floor":16},{"not_picked":["champ:CrownThrow+1","champ:Parry"],"picked":"champ:AdrenalArmor","floor":19},{"not_picked":["champ:BladeFlurry","champ:RecklessLeap"],"picked":"champ:CalledShot","floor":20},{"not_picked":["champ:IgnorePain","champ:PreciseThrust"],"picked":"champ:Backstep","floor":21},{"not_picked":["champ:Circumvent","champ:SetATrap"],"picked":"champ:EnragedBash","floor":22},{"not_picked":["champ:IronFortress+1","champ:BladeFlurry"],"picked":"champ:EnragedBash","floor":23},{"not_picked":[],"picked":"J.A.X.","floor":25},{"not_picked":["champ:FancyFootwork","champ:CalledShot"],"picked":"champ:GladiatorForm","floor":25}],"player_experience":1793687,"relics_obtained":[{"floor":3,"key":"Champion Belt"},{"floor":4,"key":"CeramicFish"},{"floor":14,"key":"Happy Flower"},{"floor":24,"key":"Akabeko"},{"floor":25,"key":"MutagenicStrength"}],"event_choices":[{"damage_healed":0,"gold_gain":0,"player_choice":"Success","damage_taken":25,"relics_obtained":["champ:DeflectingBracers"],"max_hp_gain":0,"max_hp_loss":0,"event_name":"Scrap Ooze","floor":8,"gold_loss":0}],"is_beta":false,"boss_relics":[{"not_picked":["Calling Bell","Pandora\u0027s Box"],"picked":"Black Star"}],"items_purged_floors":[20],"is_endless":false,"potions_floor_spawned":[3,4,13,16,21,22,25],"killed_by":"Book of Stabbing","ascension_level":0}}