{"host":"bvp2uifzy1c463d9","time":1613191461,"event":{"mods":["AchievementEnabler","BaseMod","Block Reminder","Bossed Relics","ChefMod","Colored Map","Colored Powertips","Energized Spire","Hermit","Highlight Path","Hubris","Infinite Spire","Minty Spire (QoL Compilation)","Random Character Button","Relic Sorter","Relic Stats","Reliquary","Replay The Spire","StSLib","The Blue Laboratory","The Jungle","The Servant 0.9.4","Wandering Minibosses"],"gold_per_floor":[110,124,143,68,87,87,119,139,186,156,175,1,1,1,1,101,101,111,125,137,137,153,182,195,195,243,243,243,255,269,300,300,402,402,421,431,17,31,44,44,77,87,87,97,97,97,97],"floor_reached":46,"language":"ENG","playtime":2771,"items_purged":["chefmod:Strike","chefmod:Defend","chefmod:Strike"],"score":548,"play_id":"5bb98d5a-371b-48bd-90af-674d5fa164af","local_time":"20210212224421","is_ascension_mode":false,"campfire_choices":[{"data":"chefmod:FreezeSolid","floor":6,"key":"SMITH"},{"data":"chefmod:FreezerBurn","floor":13,"key":"SMITH"},{"floor":15,"key":"REST"},{"data":"chefmod:TastyDistraction","floor":27,"key":"SMITH"},{"floor":32,"key":"REST"},{"floor":40,"key":"REST"}],"circlet_count":0,"master_deck":["chefmod:Strike","chefmod:Strike","chefmod:QuickThaw+1","chefmod:Defend","chefmod:Defend","chefmod:Defend","chefmod:TodaysSpecial","chefmod:FreezeSolid+1","chefmod:LiquidNitrogen","chefmod:AlooGobi","chefmod:QuickChop","chefmod:Gelato","chefmod:FreezeSolid","chefmod:Sorbet","chefmod:Chop","chefmod:FreezerBurn+1","chefmod:Ratatouille","chefmod:TastyDistraction+1","chefmod:Granita+1","chefmod:IcePick+1","chefmod:KnifeFlurry","chefmod:Leftovers","chefmod:Fillet","chefmod:DeepFreeze","chefmod:Escargot","chefmod:FrozenTuna","chefmod:HotSoup+1","chefmod:TwoForOne","chefmod:BleedOut+1","Parasite","chefmod:ZaruSoba","chefmod:VegetableTart","chefmod:TonkotsuRamen+1"],"relics":["chefmod:TrustyPot","ReplayTheSpireMod:Lightbulb","Regal Pillow","energizedSpire:OgreHead","hubris:SlimyHat","hubris:Towel","Blue Doll","NlothsMask","Kunai","reliquary:WritOfMandamus","Calipers","Onion Ring","energizedSpire:NeverEndingSparkler","Blue Candle"],"acts_visited":["Exordium","TheCity","TheBeyond"],"potions_floor_usage":[7,22,24,30,35,42,46],"damage_taken":[{"damage":0,"enemies":"2 Louse","floor":1,"turns":2},{"damage":0,"enemies":"Cultist","floor":2,"turns":4},{"damage":0,"enemies":"Small Slimes","floor":3,"turns":3},{"damage":4,"enemies":"2 Fungi Beasts","floor":5,"turns":4},{"damage":42,"enemies":"3 Sentries","floor":7,"turns":15},{"damage":15,"enemies":"Lots of Slimes","floor":8,"turns":6},{"damage":0,"enemies":"Looter","floor":10,"turns":4},{"damage":0,"enemies":"Red Slaver","floor":11,"turns":5},{"damage":50,"enemies":"Hexaghost","floor":16,"turns":15},{"damage":26,"enemies":"3 Byrds","floor":18,"turns":7},{"damage":3,"enemies":"Shell Parasite","floor":19,"turns":5},{"damage":0,"enemies":"Snecko","floor":20,"turns":7},{"damage":6,"enemies":"Shelled Parasite and Fungi","floor":22,"turns":5},{"damage":18,"enemies":"Book of Stabbing","floor":23,"turns":8},{"damage":0,"enemies":"Sentry and Sphere","floor":24,"turns":7},{"damage":14,"enemies":"Centurion and Healer","floor":29,"turns":8},{"damage":33,"enemies":"3 Cultists","floor":30,"turns":6},{"damage":31,"enemies":"Slavers","floor":31,"turns":8},{"damage":7,"enemies":"hubris:MusketHawk","floor":33,"turns":14},{"damage":17,"enemies":"3 Darklings","floor":35,"turns":3},{"damage":0,"enemies":"Orb Walker","floor":36,"turns":3},{"damage":35,"enemies":"4 Shapes","floor":38,"turns":5},{"damage":5,"enemies":"Writhing Mass","floor":39,"turns":7},{"damage":25,"enemies":"Reptomancer","floor":41,"turns":10},{"damage":6,"enemies":"Maw","floor":42,"turns":7},{"damage":0,"enemies":"Spire Growth","floor":44,"turns":3},{"damage":21,"enemies":"3 Darklings","floor":46,"turns":3}],"seed_played":"-5532781630108613185","potions_obtained":[{"floor":1,"key":"blueLaboratory:PolymorphPotion"},{"floor":2,"key":"ColorlessPotion"},{"floor":11,"key":"SkillPotion"},{"floor":19,"key":"Weak Potion"},{"floor":24,"key":"blueLaboratory:ForbiddenFruitJuice"},{"floor":29,"key":"SpeedPotion"},{"floor":36,"key":"LifebloodPotion"},{"floor":41,"key":"blueLaboratory:Moonshine"},{"floor":42,"key":"blueLaboratory:FruitPunch"}],"is_trial":false,"path_per_floor":["M","M","M","$","M","R","E","M","T","M","M","$","R","?","R","B",null,"M","M","M","?","M","E","M","?","T","R","?","M","M","E","R_BF","B",null,"M","M","$","M","M","R","E","M","T","M","AVR","M"],"character_chosen":"THE_CHEF","items_purchased":["chefmod:FreezerBurn","Calipers"],"campfire_rested":3,"item_purchase_floors":[12,37],"current_hp_per_floor":[76,76,76,76,72,72,30,15,15,15,15,15,15,15,52,2,76,50,47,47,47,41,23,23,23,23,23,23,9,33,2,36,29,66,49,49,49,14,9,43,18,16,16,16,16,0,0],"gold":97,"neow_bonus":"UPGRADE_CARD","is_daily":false,"chose_seed":false,"campfire_upgraded":3,"win_rate":0.0,"timestamp":1613191461,"path_taken":["M","M","M","$","M","R","E","M","T","M","M","$","R","?","R","BOSS","M","M","M","?","?","E","M","?","T","R","?","M","M","E","R_BF","BOSS","M","?","$","M","M","R","E","M","T","M","AVR","M"],"items_purchased_type":["Card","Relic"],"build_version":"2020-12-22","purchased_purges":3,"victory":false,"max_hp_per_floor":[76,76,76,76,76,76,76,76,76,76,76,76,76,76,76,76,76,76,76,76,76,76,76,76,76,76,76,76,76,66,66,66,66,66,66,66,66,66,66,66,66,66,66,66,66,68,68],"relic_stats":{"Regal Pillow":45,"counters":[27,174],"Blue Candle":[0],"Kunai":[36],"obtain_stats":[{"chefmod:TrustyPot":0,"Regal Pillow":9,"Calipers":37,"Blue Candle":45,"Blue Doll":26,"energizedSpire:OgreHead":17,"hubris:SlimyHat":23,"hubris:Towel":25,"energizedSpire:NeverEndingSparkler":45,"Onion Ring":41,"Kunai":31,"reliquary:WritOfMandamus":34,"ReplayTheSpireMod:Lightbulb":7,"NlothsMask":28},{"chefmod:TrustyPot":0,"Regal Pillow":6,"Calipers":21,"Blue Candle":26,"Blue Doll":15,"energizedSpire:OgreHead":9,"hubris:SlimyHat":14,"hubris:Towel":15,"energizedSpire:NeverEndingSparkler":26,"Onion Ring":24,"Kunai":18,"reliquary:WritOfMandamus":19,"ReplayTheSpireMod:Lightbulb":5,"NlothsMask":15},{"chefmod:TrustyPot":0,"Regal Pillow":34,"Calipers":139,"Blue Candle":171,"Blue Doll":97,"energizedSpire:OgreHead":58,"hubris:SlimyHat":90,"hubris:Towel":97,"energizedSpire:NeverEndingSparkler":171,"Onion Ring":161,"Kunai":119,"reliquary:WritOfMandamus":133,"ReplayTheSpireMod:Lightbulb":28,"NlothsMask":97}]},"card_choices":[{"not_picked":["chefmod:Julienne","chefmod:SliceAndDice"],"picked":"chefmod:FreezeSolid","floor":1},{"not_picked":["chefmod:FireUp","chefmod:FryPan"],"picked":"chefmod:LiquidNitrogen","floor":2},{"not_picked":["chefmod:Fillet","chefmod:Puree"],"picked":"chefmod:AlooGobi","floor":3},{"not_picked":["chefmod:LiquidNitrogen","chefmod:Flambe"],"picked":"chefmod:QuickChop","floor":5},{"not_picked":["chefmod:ZaruSoba","chefmod:FreezeSolid"],"picked":"chefmod:Gelato","floor":7},{"not_picked":["chefmod:AlooGobi","chefmod:Canape"],"picked":"chefmod:FreezeSolid","floor":8},{"not_picked":["chefmod:Ratatouille","chefmod:PotatoGratin"],"picked":"chefmod:Sorbet","floor":10},{"not_picked":["chefmod:FireUp","chefmod:Defrost"],"picked":"chefmod:Chop","floor":11},{"not_picked":["chefmod:CapreseSalad","chefmod:PrepCook"],"picked":"chefmod:TastyDistraction","floor":16},{"not_picked":["chefmod:Sorbet","chefmod:Defrost"],"picked":"chefmod:Granita+1","floor":18},{"not_picked":["chefmod:Chop","chefmod:Gelato"],"picked":"chefmod:IcePick+1","floor":19},{"not_picked":["chefmod:IcePick","chefmod:DinoKale+1"],"picked":"chefmod:KnifeFlurry","floor":20},{"not_picked":["chefmod:DinoKale+1","chefmod:SaveForLater","chefmod:Granita+1"],"picked":"SKIP","floor":22},{"not_picked":["chefmod:SliceAndDice+1","chefmod:QuickChop"],"picked":"chefmod:Leftovers","floor":23},{"not_picked":["chefmod:CayenneCloud","chefmod:Sorbet","chefmod:TastyDistraction"],"picked":"SKIP","floor":24},{"not_picked":["chefmod:CleanHouse","chefmod:FireUp"],"picked":"chefmod:Fillet","floor":29},{"not_picked":["chefmod:Gelato","chefmod:FireUp"],"picked":"chefmod:DeepFreeze","floor":30},{"not_picked":["chefmod:SpaghettiCarbonara+1","chefmod:SliceAndDice"],"picked":"chefmod:Escargot","floor":31},{"not_picked":["chefmod:TastyDistraction","chefmod:DeathByChocolate"],"picked":"chefmod:FrozenTuna","floor":33},{"not_picked":["chefmod:Defrost","chefmod:Sorbet+1"],"picked":"chefmod:HotSoup+1","floor":35},{"not_picked":["chefmod:Fillet+1","chefmod:IcePick"],"picked":"chefmod:TwoForOne","floor":36},{"not_picked":["chefmod:QuickChop","chefmod:Defrost+1"],"picked":"chefmod:BleedOut+1","floor":38},{"not_picked":["chefmod:Defrost+1","chefmod:KnifeFlurry+1"],"picked":"chefmod:ZaruSoba","floor":39},{"not_picked":["chefmod:Escargot+1","chefmod:Bruschetta+1"],"picked":"chefmod:VegetableTart","floor":41},{"not_picked":["chefmod:Cleavers+1","chefmod:ZaruSoba"],"picked":"chefmod:TonkotsuRamen+1","floor":42},{"not_picked":["chefmod:Defrost","chefmod:IcePick+1","chefmod:ZaruSoba"],"picked":"SKIP","floor":44}],"player_experience":320389,"relics_obtained":[{"floor":7,"key":"ReplayTheSpireMod:Lightbulb"},{"floor":9,"key":"Regal Pillow"},{"floor":23,"key":"hubris:SlimyHat"},{"floor":26,"key":"Blue Doll"},{"floor":31,"key":"Kunai"},{"floor":41,"key":"Onion Ring"}],"event_choices":[{"damage_healed":0,"gold_gain":0,"player_choice":"1 cards matched","damage_taken":0,"max_hp_gain":0,"max_hp_loss":0,"event_name":"Match and Keep!","floor":14,"gold_loss":0,"cards_obtained":["chefmod:Ratatouille"]},{"damage_healed":0,"gold_gain":0,"player_choice":"Bought 0 Potions","damage_taken":0,"max_hp_gain":0,"max_hp_loss":0,"event_name":"The Woman in Blue","floor":21,"gold_loss":0},{"damage_healed":0,"gold_gain":0,"player_choice":"Trade","damage_taken":0,"relics_obtained":["NlothsMask"],"max_hp_gain":0,"max_hp_loss":0,"event_name":"FaceTrader","floor":28,"gold_loss":0}],"is_beta":false,"boss_relics":[{"not_picked":["Abe\u0027s Treasure","reliquary:Ember"],"picked":"energizedSpire:OgreHead"},{"not_picked":["reliquary:RedPaperclip","reliquary:Craggleroot"],"picked":"reliquary:WritOfMandamus"}],"items_purged_floors":[4,12,37],"is_endless":false,"potions_floor_spawned":[1,2,11,19,24,29,36,41,42,44],"killed_by":"3 Darklings","ascension_level":0}}