{"host":"o3b7ow6d1xe49css","time":1613180946,"event":{"mods":["Act Like it!","Aspiration","BaseMod","Bestiary","Better Altar","Better Match","Better Note","Better Sensory Stone","Better Skull","Better Third Choice","Colored Powertips","Conspire","Energized Spire","Force Act Four","GifTheSpireLib","Halation","Hermit","Hubris","Infinite Spire","Lobotomy","Marisa????????","Minty Spire (QoL Compilation)","Quick Restart","Rare Cards Sparkle","Relic Filter Mod","Reliquary","Replay The Spire","Spicy Shops","Spikes Relics","Spire Arcade","StSLib","Stuff the Spire","The Blue Laboratory","Wandering Minibosses"],"gold_per_floor":[110,127,139,158,158,158,183,213,264,293,318,351,351,370,370,475,475,492,503,503,503,38,38,63,93,93,127,127,127,152,152,152,254,254,265,265,281,103,85,145,145,179,203,237,237,262,262,287,348,449,449,449,372,400,400],"floor_reached":56,"language":"ENG","playtime":2320,"items_purged":["Strike_P","Strike_P","Eruption+1","Strike_P+1","Strike_P+1"],"score":1710,"play_id":"7969bd3d-bd20-44fa-91dd-de80f8398595","local_time":"20210212164906","daily_mods":["Heirloom","Flight"],"is_ascension_mode":true,"campfire_choices":[{"data":"Eruption","floor":6,"key":"SMITH"},{"data":"Worship","floor":13,"key":"SMITH"},{"data":"Scrawl","floor":15,"key":"SMITH"},{"data":"LessonLearned","floor":23,"key":"SMITH"},{"floor":28,"key":"REST"},{"data":"Worship","floor":29,"key":"SMITH"},{"data":"infinitespire:UltimateForm","floor":32,"key":"SMITH"},{"floor":41,"key":"RECALL"},{"data":"Vault","floor":47,"key":"SMITH"},{"data":"Omniscience","floor":52,"key":"SMITH"}],"circlet_count":0,"master_deck":["Defend_P+1","Defend_P+1","Defend_P+1","Defend_P+1","Vigilance","Consecrate+1","Wireheading+1","CutThroughFate+1","Scrawl+1","Worship+1","UniverseFragment","CutThroughFate+1","Worship+1","infinitespire:UltimateForm+1","Fasting2","CrushJoints+1","Vault+1","infinitespire:SevenWalls+1","BattleHymn+1","Ragnarok","Omniscience+1"],"relics":["PureWater","Ring of Chaos","Ice Cream","CogitoBucket","StuffTheSpire:Tea","GoldenEye","Odd Mushroom","Art of War","Orichalcum","reliquary:TatteredRug","reliquary:Firecrackers","halation:Yufonium","StuffTheSpire:Wildfire","hubris:Icosahedron","reliquary:TridentHead","Replay:Bottled Eggs","aspiration:TomeofQuesting","reliquary:Firecrackers","Vajra","RetroEgg","StuffTheSpire:Kangaroo","halation:LostSnail","Membership Card","Mango","StuffTheSpire:Gunfinga","hubris:ToyBattleship","Mirror","Blood Vial","Iron Hammer","Sozu","Ring of Chaos","OrangePellets","MealTicket"],"acts_visited":["Exordium","TheCity","TheBeyond","Exordium","TheEnding"],"potions_floor_usage":[7,10,16,18,30,40,55],"damage_taken":[{"damage":0,"enemies":"Cultist","floor":1,"turns":3},{"damage":0,"enemies":"2 Louse","floor":2,"turns":1},{"damage":0,"enemies":"Small Slimes","floor":3,"turns":2},{"damage":0,"enemies":"3 Louse","floor":4,"turns":2},{"damage":7,"enemies":"3 Sentries","floor":7,"turns":4},{"damage":2,"enemies":"The Mushroom Lair","floor":8,"turns":3},{"damage":17,"enemies":"Replay:BlueRogue","floor":10,"turns":2},{"damage":0,"enemies":"Gremlin Nob","floor":11,"turns":2},{"damage":0,"enemies":"Lagavulin","floor":12,"turns":3},{"damage":14,"enemies":"Lots of Slimes","floor":14,"turns":2},{"damage":9,"enemies":"Hexaghost","floor":16,"turns":6},{"damage":6,"enemies":"3 Byrds","floor":18,"turns":7},{"damage":0,"enemies":"Spheric Guardian","floor":19,"turns":3},{"damage":0,"enemies":"conspire:Head Lice","floor":24,"turns":3},{"damage":5,"enemies":"conspire:SneckoGhost","floor":25,"turns":4},{"damage":23,"enemies":"Nightmare","floor":27,"turns":8},{"damage":36,"enemies":"conspire:SneckoGhost","floor":30,"turns":4},{"damage":2,"enemies":"Collector","floor":33,"turns":6},{"damage":0,"enemies":"3 Shapes","floor":35,"turns":2},{"damage":0,"enemies":"Orb Walker","floor":37,"turns":3},{"damage":2,"enemies":"R_Hoarder","floor":40,"turns":4},{"damage":0,"enemies":"Nightmare","floor":42,"turns":6},{"damage":15,"enemies":"Nemesis","floor":44,"turns":4},{"damage":0,"enemies":"Reptomancer","floor":46,"turns":3},{"damage":0,"enemies":"R_Hoarder","floor":48,"turns":3},{"damage":0,"enemies":"Replay:Hell Engine","floor":50,"turns":3},{"damage":0,"enemies":"Shield and Spear","floor":54,"turns":3},{"damage":5,"enemies":"The Heart","floor":55,"turns":5}],"seed_played":"5431265729678311593","potions_obtained":[{"floor":1,"key":"Adrenaline Potion"},{"floor":7,"key":"LiquidMemories"},{"floor":10,"key":"conspire:TimeTravelPotion"},{"floor":11,"key":"blueLaboratory:PressurePotion"},{"floor":14,"key":"SpeedPotion"},{"floor":24,"key":"blueLaboratory:FaithlessPotion"},{"floor":25,"key":"blueLaboratory:LouseDecoction"},{"floor":27,"key":"blueLaboratory:BottleOfVodka"},{"floor":33,"key":"StancePotion"},{"floor":40,"key":"GamblersBrew"}],"is_trial":true,"path_per_floor":["M","M","M","M","T","R","E","?","T","E","E","E","R","M","R","B",null,"M","M","AVR","?","$","R","E","E","T","NM","R","R","E","?","R","B",null,"M","AVR","M","$","$","E","R","NM","T","E","?","E","R","E","R","B",null,"R","$","E","B",null],"character_chosen":"WATCHER","items_purchased":["Fasting2","reliquary:TridentHead","BattleHymn+1","Membership Card","Swift Potion","blueLaboratory:BottleOfRum","blueLaboratory:BottleOfRum","Strength Potion","Mango","blueLaboratory:LouseDecoction","BottledMiracle","blueLaboratory:FrostheartPotion","OrangePellets"],"campfire_rested":1,"item_purchase_floors":[22,22,38,38,38,38,38,38,39,39,39,39,53],"current_hp_per_floor":[72,72,72,72,72,72,65,63,63,46,46,46,46,32,32,23,60,54,54,54,54,54,54,54,49,49,26,47,47,47,47,47,45,65,65,65,65,65,79,77,77,77,77,62,62,62,62,64,64,66,85,85,85,86,81],"gold":400,"neow_bonus":"","is_daily":false,"chose_seed":false,"campfire_upgraded":8,"win_rate":0.0,"timestamp":1613180946,"path_taken":["M","M","M","M","?","R","E","?","T","E","E","E","R","M","R","BOSS","M","M","AVR","?","$","R","E","E","T","NM","R","R","E","?","R","BOSS","M","AVR","?","$","$","E","R","NM","T","E","?","E","R","E","R","BOSS","R","$","E","BOSS"],"items_purchased_type":["Card","Relic","Card","Relic","Potion","Potion","Potion","Potion","Relic","Potion","Potion","Potion","Relic"],"build_version":"2020-12-22","purchased_purges":5,"victory":true,"max_hp_per_floor":[72,72,72,72,72,72,72,72,72,72,72,72,72,72,72,72,72,72,72,72,72,72,72,72,72,72,72,72,72,72,72,72,72,72,72,72,72,72,86,86,86,86,86,86,86,86,86,86,86,86,86,86,86,86,86],"card_choices":[{"not_picked":["Replay:ManipulateFuture","EmptyBody"],"picked":"Consecrate","floor":1},{"not_picked":["Funeral","QueenOfHatred","VoidDream"],"picked":"Singing Bowl","floor":1},{"not_picked":["MHz","Murderer","Wellcheers"],"picked":"Singing Bowl","floor":2},{"not_picked":["Replay:ManipulateFuture","WheelKick","EmptyFist"],"picked":"SKIP","floor":2},{"not_picked":["FlurryOfBlows","Study"],"picked":"Wireheading","floor":3},{"not_picked":["HeroicMonk","FairyFestival","MeatLantern"],"picked":"Singing Bowl","floor":3},{"not_picked":["TalkToTheHand","Replay:Cycle"],"picked":"Vengeance","floor":4},{"not_picked":["RedShoes","CherryBlossoms","DespairKnight"],"picked":"Singing Bowl","floor":4},{"not_picked":["FieryBird","Scorched","Woodsman"],"picked":"Singing Bowl","floor":7},{"not_picked":["Evaluate","SashWhip","Replay:Vibes"],"picked":"SKIP","floor":7},{"not_picked":["WallGazer","Murderer","GreedKing"],"picked":"Singing Bowl","floor":8},{"not_picked":["Replay:ManipulateFuture","Pray"],"picked":"CutThroughFate","floor":8},{"not_picked":["PathToVictory","CutThroughFate"],"picked":"Scrawl","floor":10},{"not_picked":["FairyFestival","Murderer","Wellcheers"],"picked":"Singing Bowl","floor":10},{"not_picked":["CarveReality","MentalFortress"],"picked":"Worship","floor":11},{"not_picked":["Scorched","VoidDream","CrumblingArmor"],"picked":"Singing Bowl","floor":11},{"not_picked":["FairyFestival","QueenBee"],"picked":"UniverseFragment","floor":11},{"not_picked":["Replay:Battleflow","JustLucky"],"picked":"CutThroughFate","floor":12},{"not_picked":["Evaluate","EmptyMind","Prostrate"],"picked":"SKIP","floor":14},{"not_picked":["Wish","DeusExMachina"],"picked":"LessonLearned","floor":16},{"not_picked":["WallGazer","MHz","OSAHOGD"],"picked":"Singing Bowl","floor":16},{"not_picked":["FlyingSleeves","EmptyMind"],"picked":"Worship","floor":18},{"not_picked":["CarveReality","Crescendo","FearNoEvil"],"picked":"SKIP","floor":19},{"not_picked":["DeceiveReality+1","Replay:AllIn","Replay:AtTheReady"],"picked":"SKIP","floor":24},{"not_picked":["Pray","ConjureBlade","SashWhip"],"picked":"SKIP","floor":25},{"not_picked":["Sanctity","JustLucky","Collect+1"],"picked":"SKIP","floor":27},{"not_picked":["Sanctity","Indignation"],"picked":"CrushJoints","floor":30},{"not_picked":["Devotion","Wish"],"picked":"Vault","floor":33},{"not_picked":["Replay:Anticipation+1","Replay:BluntJabs+1","ClearTheMind"],"picked":"SKIP","floor":35},{"not_picked":["Collect","PathToVictory","BowlingBash"],"picked":"SKIP","floor":37},{"not_picked":["Swivel","InnerPeace","Wish"],"picked":"SKIP","floor":40},{"not_picked":["Perseverance+1","WindmillStrike","BowlingBash+1"],"picked":"SKIP","floor":42},{"not_picked":["FlyingSleeves+1","PathToVictory+1","WindmillStrike"],"picked":"SKIP","floor":44},{"not_picked":["Evaluate","SandsOfTime+1","TalkToTheHand"],"picked":"SKIP","floor":46},{"not_picked":["Consecrate+1","Halt","Evaluate"],"picked":"SKIP","floor":48},{"not_picked":["LessonLearned","Replay:AllIn"],"picked":"Omniscience","floor":50},{"not_picked":["SpiritShield","FearNoEvil+1","Replay:BluntJabs"],"picked":"SKIP","floor":54}],"player_experience":1384241,"relics_obtained":[{"floor":5,"key":"StuffTheSpire:Tea"},{"floor":7,"key":"GoldenEye"},{"floor":8,"key":"Odd Mushroom"},{"floor":9,"key":"Art of War"},{"floor":10,"key":"Orichalcum"},{"floor":11,"key":"reliquary:TatteredRug"},{"floor":12,"key":"reliquary:Firecrackers"},{"floor":24,"key":"Replay:Bottled Eggs"},{"floor":25,"key":"aspiration:TomeofQuesting"},{"floor":26,"key":"reliquary:SculptingSteel"},{"floor":27,"key":"Vajra"},{"floor":30,"key":"RetroEgg"},{"floor":40,"key":"StuffTheSpire:Gunfinga"},{"floor":42,"key":"hubris:ToyBattleship"},{"floor":44,"key":"Mirror"},{"floor":46,"key":"Blood Vial"},{"floor":48,"key":"Iron Hammer"},{"floor":54,"key":"MealTicket"}],"event_choices":[{"damage_healed":0,"gold_gain":0,"player_choice":"Fought Mushrooms","damage_taken":0,"max_hp_gain":0,"max_hp_loss":0,"event_name":"Mushrooms","floor":8,"gold_loss":0},{"cards_removed":["Vengeance"],"damage_healed":0,"gold_gain":0,"player_choice":"Elegance","damage_taken":0,"max_hp_gain":0,"max_hp_loss":0,"event_name":"betterThird:BetterWriting","floor":31,"gold_loss":0},{"damage_healed":0,"gold_gain":0,"cards_transformed":["LessonLearned"],"player_choice":"Transformed","damage_taken":0,"max_hp_gain":0,"max_hp_loss":0,"event_name":"Transmorgrifier","floor":45,"gold_loss":0,"cards_obtained":["Ragnarok"]}],"is_beta":false,"boss_relics":[{"not_picked":["StuffTheSpire:RunicHypercube","conspire:SlowCooker"],"picked":"halation:Yufonium"},{"not_picked":["Black Star","Replay:Drink Me"],"picked":"StuffTheSpire:Kangaroo"},{"not_picked":["hubris:Stopwatch","energizedSpire:DeadBattery"],"picked":"Sozu"}],"items_purged_floors":[20,22,36,38,39],"is_endless":true,"potions_floor_spawned":[1,7,10,11,14,24,25,27,33,37,40,42,46,48,55],"ascension_level":5}}