{"host":"qxeepl7ydvsgmfdb","time":1613203291,"event":{"mods":["AchievementEnabler","BaseMod","Colored Powertips","Minty Spire (QoL Compilation)","Quick Restart","slay the spire mod where everything is the same but ironclad has a cowboy hat"],"gold_per_floor":[117,117,72,92,42,75,94,94,117,146,146,157,157,174,174,269,269,285,29,44,44,55,55,55],"floor_reached":23,"language":"ENG","playtime":813,"items_purged":[],"score":226,"play_id":"f9c7cd07-003d-4797-829f-735d5d63262e","local_time":"20210213030131","is_ascension_mode":false,"campfire_choices":[{"data":"Noxious Fumes","floor":11.0,"key":"SMITH"},{"data":"Phantasmal Killer","floor":13.0,"key":"SMITH"},{"floor":15.0,"key":"REST"}],"circlet_count":0,"master_deck":["Strike_G","Strike_G","Strike_G","Defend_G","Defend_G","Defend_G","Defend_G","Defend_G","Survivor","Neutralize","Blade Dance","Blade Dance","Blade Dance","Decay","Noxious Fumes+1","Phantasmal Killer+1","Finisher","After Image","Accuracy","Poisoned Stab"],"relics":["Ring of the Snake","NeowsBlessing","Tiny Chest","Potion Belt","Question Card","Pantograph"],"acts_visited":["Exordium","TheCity"],"potions_floor_usage":[20,22],"damage_taken":[{"damage":0.0,"enemies":"Cultist","floor":1.0,"turns":1.0},{"damage":0.0,"enemies":"2 Louse","floor":4.0,"turns":1.0},{"damage":0.0,"enemies":"Gremlin Nob","floor":6.0,"turns":1.0},{"damage":0.0,"enemies":"Small Slimes","floor":7.0,"turns":3.0},{"damage":22.0,"enemies":"Lagavulin","floor":10.0,"turns":6.0},{"damage":11.0,"enemies":"Red Slaver","floor":12.0,"turns":3.0},{"damage":12.0,"enemies":"Exordium Thugs","floor":14.0,"turns":4.0},{"damage":30.0,"enemies":"Hexaghost","floor":16.0,"turns":5.0},{"damage":2.0,"enemies":"3 Byrds","floor":18.0,"turns":4.0},{"damage":9,"enemies":"Shell Parasite","floor":20,"turns":5},{"damage":31,"enemies":"Centurion and Healer","floor":22,"turns":4},{"damage":37,"enemies":"Book of Stabbing","floor":23,"turns":3}],"seed_played":"-3037992582899461266","potions_obtained":[{"floor":1.0,"key":"Swift Potion"},{"floor":6.0,"key":"CunningPotion"},{"floor":12.0,"key":"Strength Potion"},{"floor":14.0,"key":"PowerPotion"},{"floor":20,"key":"Fruit Juice"},{"floor":22,"key":"Poison Potion"}],"is_trial":false,"path_per_floor":["M","?","$","M","?","E","M","?","T","E","R","M","R","M","R","B",null,"M","$","M","T","M","E"],"character_chosen":"THE_SILENT","items_purchased":["Blade Dance","Pantograph"],"campfire_rested":1,"item_purchase_floors":[3,19],"current_hp_per_floor":[70,70,70,70,70,70,70,70,70,48,48,37,37,25,46,16,70,68,68,64,64,33,0,0],"gold":55,"neow_bonus":"THREE_ENEMY_KILL","is_daily":false,"chose_seed":false,"campfire_upgraded":2,"win_rate":0.0,"timestamp":1613203291,"path_taken":["M","?","?","?","?","E","M","?","T","E","R","M","R","M","R","BOSS","M","$","M","?","?","E"],"items_purchased_type":["Card","Relic"],"build_version":"2020-12-22","purchased_purges":0,"victory":false,"max_hp_per_floor":[70,70,70,70,70,70,70,70,70,70,70,70,70,70,70,70,70,70,70,75,75,75,75,75],"card_choices":[{"not_picked":["Riddle With Holes","Endless Agony","Infinite Blades"],"picked":"SKIP","floor":1.0},{"not_picked":["Quick Slash","Dagger Spray"],"picked":"Blade Dance","floor":4.0},{"not_picked":["Burst","Underhanded Strike","Backflip"],"picked":"SKIP","floor":6.0},{"not_picked":["All Out Attack","Dagger Spray"],"picked":"Blade Dance","floor":7.0},{"not_picked":["Poisoned Stab","Terror"],"picked":"Noxious Fumes","floor":10.0},{"not_picked":["Catalyst","Backflip","Poisoned Stab"],"picked":"Phantasmal Killer","floor":12.0},{"not_picked":["Outmaneuver","Reflex","Dash"],"picked":"Finisher","floor":14.0},{"not_picked":["Burst","Tools of the Trade","Phantasmal Killer"],"picked":"After Image","floor":16.0},{"not_picked":["Prepared+1","Blur","Dodge and Roll"],"picked":"Accuracy","floor":18.0},{"not_picked":["Endless Agony","Riddle With Holes","Dagger Spray"],"picked":"Poisoned Stab","floor":20},{"not_picked":["Prepared","PiercingWail+1","Dodge and Roll","Dagger Throw"],"picked":"SKIP","floor":22}],"player_experience":161721,"relics_obtained":[{"floor":6.0,"key":"Tiny Chest"},{"floor":9.0,"key":"Potion Belt"},{"floor":10.0,"key":"Question Card"}],"event_choices":[{"cards_removed":["Strike_G"],"damage_healed":0.0,"max_hp_gain":0.0,"max_hp_loss":0.0,"gold_gain":0.0,"event_name":"Bonfire Elementals","player_choice":"Offered Basic","floor":2.0,"gold_loss":0.0,"damage_taken":0.0},{"cards_removed":["Strike_G"],"damage_healed":0.0,"max_hp_gain":0.0,"max_hp_loss":0.0,"gold_gain":0.0,"event_name":"The Cleric","player_choice":"Card Removal","floor":5.0,"gold_loss":50.0,"damage_taken":0.0},{"damage_healed":0.0,"max_hp_gain":0.0,"max_hp_loss":0.0,"gold_gain":0.0,"event_name":"Wheel of Change","player_choice":"Cursed","floor":8.0,"gold_loss":0.0,"damage_taken":0.0,"cards_obtained":["Decay"]}],"is_beta":false,"boss_relics":[{"not_picked":["Snecko Eye","Runic Pyramid","Velvet Choker"]}],"items_purged_floors":[],"is_endless":false,"potions_floor_spawned":[1,6,12,14,20,22],"killed_by":"Book of Stabbing","ascension_level":0}}