{"host":"jruzzdd1waq9u00d","time":1613232277,"event":{"mods":["BaseMod","Colored Map","Colored Powertips","DeckTracker","Downfall","Minty Spire (QoL Compilation)","Quick Restart","Relic Stats","StSLib","SuperFastMode"],"gold_per_floor":[99,110,122,134,134,148,148,163,173,1,15,50,50,150,163,163,163,163],"floor_reached":16,"language":"ENG","playtime":1052,"items_purged":[],"score":131,"play_id":"9883d58a-dff3-46a4-9d73-8e08028cdc1b","local_time":"20210214010437","is_ascension_mode":false,"campfire_choices":[{"data":"champ:Execute","floor":1.0,"key":"SMITH"},{"data":"champ:ArenaPreparation","floor":13,"key":"SMITH"}],"circlet_count":0,"master_deck":["champ:Strike","champ:Strike","champ:Strike","champ:Defend","champ:Defend","champ:Defend","champ:Execute+1","champ:Taunt","champ:ShieldSigil","champ:BerserkersShout","champ:ShieldSlam","Flash of Steel","champ:RageSigil","champ:ArenaPreparation+1","expansioncontent:StudyTheSpire+1","champ:MurderStrike","champ:TripleStrike"],"relics":["champ:ChampionCrown","The Courier","Toxic Egg 2"],"acts_visited":["Exordium"],"potions_floor_usage":[12,14,14,16],"damage_taken":[{"damage":10.0,"enemies":"2 Louse","floor":2.0,"turns":3.0},{"damage":10.0,"enemies":"Cultist","floor":3.0,"turns":3.0},{"damage":53.0,"enemies":"Jaw Worm","floor":4.0,"turns":3.0},{"damage":46.0,"enemies":"Blue Slaver","floor":6.0,"turns":4.0},{"damage":36.0,"enemies":"2 Fungi Beasts","floor":8.0,"turns":4.0},{"damage":55,"enemies":"Exordium Wildlife","floor":9,"turns":6},{"damage":45,"enemies":"downfall:FleeingMerchant","floor":10,"turns":4},{"damage":56,"enemies":"Blue Slaver","floor":11,"turns":3},{"damage":15,"enemies":"Lagavulin","floor":12,"turns":4},{"damage":42,"enemies":"downfall:Heads","floor":14,"turns":3},{"damage":44,"enemies":"3 Louse","floor":15,"turns":3},{"damage":97,"enemies":"SI_SHIV_ARCHETYPE","floor":16,"turns":8}],"seed_played":"2666652651350854246","potions_obtained":[{"floor":3.0,"key":"Regen Potion"},{"floor":11,"key":"FearPotion"},{"floor":12,"key":"BlessingOfTheForge"},{"floor":14,"key":"EssenceOfSteel"},{"floor":15,"key":"Fire Potion"}],"is_trial":false,"path_per_floor":["R","M","M","M","?","M","T","M","M","$","M","E","R","?","M","B"],"character_chosen":"THE_CHAMP","items_purchased":["expansioncontent:StudyTheSpire"],"campfire_rested":0,"item_purchase_floors":[10],"current_hp_per_floor":[99,99,99,91,91,75,75,69,49,49,38,47,47,25,46,0,0,0],"gold":163,"neow_bonus":"TEN_PERCENT_HP_BONUS","is_daily":false,"chose_seed":false,"campfire_upgraded":2,"win_rate":0.0,"timestamp":1613232277,"path_taken":["R","M","M","M","?","M","T","M","M","?","M","E","R","?","M","BOSS"],"items_purchased_type":["Card"],"build_version":"2020-12-22","purchased_purges":0,"victory":false,"max_hp_per_floor":[99,99,99,99,99,99,99,99,99,99,99,99,99,99,99,99,99,99],"relic_stats":{"counters":[12,48],"obtain_stats":[{"champ:ChampionCrown":0,"The Courier":7,"Toxic Egg 2":12},{"champ:ChampionCrown":0,"The Courier":4,"Toxic Egg 2":9},{"champ:ChampionCrown":0,"The Courier":13,"Toxic Egg 2":34}]},"card_choices":[{"not_picked":["champ:DefensiveShout","champ:PreciseThrust"],"picked":"champ:ShieldSigil","floor":2.0},{"not_picked":["champ:SkillfulDodge","champ:GutPunch"],"picked":"champ:BerserkersShout","floor":3.0},{"not_picked":["champ:CrownThrow","champ:BladeFlurry"],"picked":"champ:ShieldSlam","floor":4.0},{"not_picked":["champ:ViciousMockery","champ:ShieldSigil"],"picked":"champ:RageSigil","floor":6.0},{"not_picked":["champ:FlashCut","champ:Encircle","champ:CrownThrow"],"picked":"SKIP","floor":8.0},{"not_picked":["champ:GutPunch","champ:ShieldSigil"],"picked":"champ:ArenaPreparation","floor":9},{"not_picked":["champ:TornadoPunch","champ:Encircle","champ:SetATrap"],"picked":"SKIP","floor":10},{"not_picked":["champ:BringItOn","champ:RisingSlash"],"picked":"champ:MurderStrike","floor":11},{"not_picked":["champ:BladeFlurry","champ:FocusedBerserking+1","champ:FanOfKnives"],"picked":"SKIP","floor":12},{"not_picked":["champ:EnGarde+1","champ:FancyFootwork+1","champ:TornadoPunch"],"picked":"SKIP","floor":15}],"player_experience":472410,"relics_obtained":[{"floor":7.0,"key":"The Courier"},{"floor":12,"key":"Toxic Egg 2"}],"event_choices":[],"is_beta":false,"boss_relics":[],"items_purged_floors":[],"is_endless":false,"potions_floor_spawned":[3,11,12,14,15],"killed_by":"SI_SHIV_ARCHETYPE","ascension_level":0}}