{"host":"w01zow3jg16g8jdh","time":1613224848,"event":{"mods":["2.2 Compatiblity","AchievementEnabler","BaseMod","DeckTracker","Hermit","Keyboard Shortcuts","Marisa£¨Ùöéë¡¡Øª×âÞÞ£©","Minty Spire (QoL Compilation)","Permanent Neow","StSLib","SuperFastMode"],"gold_per_floor":[362,46,56,75,75,106,26,26,26,26,59,59,59,70,70,174,174,191,191,211,310,359,387,387,416,465,465,482,515,539,564,576,684,696,728,740,109,109,126,156,175,175,175,208,220,239,253,287,287,287,287,287,30,58,58,58],"floor_reached":55,"language":"KOR","playtime":1374,"items_purged":["Defend_MRS","Defend_MRS"],"score":1230,"play_id":"bccb92e4-c415-42b5-80de-4ab6619cca3b","local_time":"20210213230048","is_ascension_mode":true,"campfire_choices":[{"data":"MaximisePower","floor":8.0,"key":"SMITH"},{"data":"MysteriousBeam","floor":13.0,"key":"SMITH"},{"data":"DoubleSpark","floor":15.0,"key":"SMITH"},{"floor":24,"key":"REST"},{"floor":27,"key":"REST"},{"floor":32,"key":"REST"},{"data":"MilkyWay","floor":42,"key":"SMITH"},{"floor":49,"key":"RECALL"},{"data":"EventHorizon","floor":52,"key":"SMITH"}],"circlet_count":0,"master_deck":["Strike_MRS+1","Defend_MRS+1","Defend_MRS+1","MasterSpark","UpSweep","DoubleSpark+1","MysteriousBeam+1","MaximisePower+1","EventHorizon+1","UnstableBomb+1","MilkyWay+1","GrandCross+1","MysteriousBeam+1","PropBag","SporeBomb+1","Acceleration","EventHorizon+1"],"relics":["MiniHakkero","Kunai","Pear","Omamori","Bronze Scales","Vajra","Black Star","Bag of Marbles","Blue Candle","Tiny Chest","HornCleat","MealTicket","Whetstone","MawBank","Toy Ornithopter","Cursed Key","Shuriken","SimpleLauncher","Bottled Lightning","Sundial","Dream Catcher","Orichalcum","Darkstone Periapt","War Paint","InkBottle","FossilizedHelix","Mummified Hand","Mercury Hourglass"],"acts_visited":["Exordium","TheCity","TheBeyond","TheEnding"],"potions_floor_usage":[23,29,33,40,50,50,50,50,50,55],"damage_taken":[{"damage":1.0,"enemies":"Cultist","floor":1.0,"turns":4.0},{"damage":9.0,"enemies":"2 Louse","floor":3.0,"turns":2.0},{"damage":6.0,"enemies":"Jaw Worm","floor":4.0,"turns":3.0},{"damage":4.0,"enemies":"3 Sentries","floor":6.0,"turns":6.0},{"damage":27.0,"enemies":"Lagavulin","floor":11.0,"turns":6.0},{"damage":1.0,"enemies":"Looter","floor":14.0,"turns":2.0},{"damage":47.0,"enemies":"The Guardian","floor":16.0,"turns":9.0},{"damage":19.0,"enemies":"3 Byrds","floor":18.0,"turns":4.0},{"damage":30,"enemies":"2 Thieves","floor":20,"turns":3},{"damage":20,"enemies":"Book of Stabbing","floor":23,"turns":4},{"damage":25,"enemies":"Slavers","floor":25,"turns":4},{"damage":7,"enemies":"Snake Plant","floor":28,"turns":3},{"damage":5,"enemies":"Book of Stabbing","floor":29,"turns":3},{"damage":19,"enemies":"Centurion and Healer","floor":30,"turns":4},{"damage":0,"enemies":"3 Cultists","floor":31,"turns":3},{"damage":32,"enemies":"Automaton","floor":33,"turns":6},{"damage":11,"enemies":"3 Darklings","floor":35,"turns":3},{"damage":0,"enemies":"Orb Walker","floor":39,"turns":1},{"damage":3,"enemies":"Reptomancer","floor":40,"turns":3},{"damage":15,"enemies":"Spire Growth","floor":41,"turns":3},{"damage":0,"enemies":"Giant Head","floor":44,"turns":4},{"damage":11,"enemies":"Maw","floor":45,"turns":4},{"damage":0,"enemies":"3 Darklings","floor":46,"turns":2},{"damage":2,"enemies":"Spire Growth","floor":47,"turns":3},{"damage":17,"enemies":"Nemesis","floor":48,"turns":3},{"damage":45,"enemies":"Awakened One","floor":50,"turns":5},{"damage":36,"enemies":"Shield and Spear","floor":54,"turns":4},{"damage":66,"enemies":"The Heart","floor":55,"turns":5}],"seed_played":"-8923905244689474487","potions_obtained":[{"floor":1.0,"key":"EssenceOfSteel"},{"floor":3.0,"key":"PowerPotion"},{"floor":16.0,"key":"SpeedPotion"},{"floor":25,"key":"Swift Potion"},{"floor":29,"key":"BlessingOfTheForge"},{"floor":30,"key":"Weak Potion"},{"floor":33,"key":"DuplicationPotion"},{"floor":35,"key":"EntropicBrew"},{"floor":40,"key":"ShroomBrew"},{"floor":46,"key":"Explosive Potion"},{"floor":54,"key":"Regen Potion"}],"is_trial":false,"path_per_floor":["M","$","M","M","?","E","$","R","T","?","E","?","R","M","R","B",null,"M","?","M","?","T","E","R","E","T","R","M","E","M","M","R","B",null,"M","?","$","?","M","E","M","R","T","E","M","M","M","E","R","B",null,"R","$","E","B"],"character_chosen":"MARISA","items_purchased":["Kunai","MaximisePower","Shuriken","SimpleLauncher","InkBottle"],"campfire_rested":3,"item_purchase_floors":[2,7,37,37,53],"current_hp_per_floor":[49,49,40,34,27,33,33,33,33,61,34,31,31,30,30,3,65,46,46,16,16,16,16,41,16,16,41,34,29,10,10,35,8,66,55,55,70,62,62,64,49,49,49,49,38,38,36,31,31,11,67,67,82,46,0,0],"gold":58,"neow_bonus":"TWO_FIFTY_GOLD","is_daily":false,"chose_seed":false,"campfire_upgraded":5,"win_rate":0.0,"timestamp":1613224848,"path_taken":["M","$","?","M","?","E","?","R","T","?","E","?","R","M","R","BOSS","M","?","M","?","?","E","R","E","T","R","M","E","M","?","R","BOSS","M","?","$","?","M","E","M","R","T","E","M","M","M","E","R","BOSS","R","$","E","BOSS"],"items_purchased_type":["Relic","Card","Relic","Relic","Relic"],"build_version":"2020-12-22","purchased_purges":2,"victory":false,"max_hp_per_floor":[75,75,75,75,75,85,85,85,85,85,85,85,85,85,85,85,85,85,85,85,85,85,85,85,85,85,85,85,85,85,85,85,85,85,85,85,85,85,85,85,85,85,85,85,85,85,85,85,85,85,85,85,85,85,85,85],"card_choices":[{"not_picked":["OneTimeOff","LuminesStrike","GalacticHalo"],"picked":"SKIP","floor":1.0},{"not_picked":["GalacticHalo","GravityBeat"],"picked":"DoubleSpark","floor":3.0},{"not_picked":["StarBarrage","UnstableBomb"],"picked":"MysteriousBeam","floor":4.0},{"not_picked":["ChargingUp","MilkyWay","DC"],"picked":"SKIP","floor":6.0},{"not_picked":["AsteroidBelt","MaximisePower","MilkyWay"],"picked":"SKIP","floor":11.0},{"not_picked":["WitchOfGreed","Orbital"],"picked":"EventHorizon","floor":14.0},{"not_picked":["EventHorizon+1","DarkMatter","OpenUniverse+1"],"picked":"SKIP","floor":18.0},{"not_picked":["MysteriousBeam","PowerUp","DC"],"picked":"SKIP","floor":20},{"not_picked":["EnergyFlow+1","GravityBeat","AsteroidBelt"],"picked":"SKIP","floor":23},{"not_picked":["SporeBomb","EventHorizon+1"],"picked":"GrandCross+1","floor":25},{"not_picked":["SporeBomb","6A","PowerUp"],"picked":"SKIP","floor":28},{"not_picked":["PowerUp","OneTimeOff","OrrerysSun"],"picked":"SKIP","floor":29},{"not_picked":["BigCrunch","NonDirectionalLaser","EventHorizon"],"picked":"SKIP","floor":30},{"not_picked":["MilkyWay","LuminesStrike","OrrerysSun"],"picked":"SKIP","floor":31},{"not_picked":["UnstableBomb+1","SporeBomb"],"picked":"MysteriousBeam+1","floor":35},{"not_picked":["MagicChant","SuperPerseids"],"picked":"PropBag","floor":39},{"not_picked":["MilkyWay","GalacticHalo+1","DC+1"],"picked":"SKIP","floor":40},{"not_picked":["OrrerysSun+1","DragonMeteor"],"picked":"SporeBomb+1","floor":41},{"not_picked":["WitchLeyline","AbsoluteMagnitude"],"picked":"Acceleration","floor":44},{"not_picked":["DragonMeteor+1","GrandCross","Acceleration+1"],"picked":"SKIP","floor":45},{"not_picked":["OpenUniverse","SporeBomb","6A"],"picked":"SKIP","floor":46},{"not_picked":["MilkyWay","AsteroidBelt+1"],"picked":"EventHorizon+1","floor":47},{"not_picked":["BinaryStars","MysteriousBeam+1","MachineGunSpark"],"picked":"SKIP","floor":48},{"not_picked":["AsteroidBelt","GalacticHalo","DoubleSpark"],"picked":"SKIP","floor":54}],"player_experience":384244,"relics_obtained":[{"floor":6.0,"key":"Pear"},{"floor":9.0,"key":"Omamori"},{"floor":11.0,"key":"Bronze Scales"},{"floor":22,"key":"Bag of Marbles"},{"floor":23,"key":"Blue Candle"},{"floor":23,"key":"Tiny Chest"},{"floor":25,"key":"HornCleat"},{"floor":25,"key":"MealTicket"},{"floor":26,"key":"Whetstone"},{"floor":29,"key":"MawBank"},{"floor":29,"key":"Toy Ornithopter"},{"floor":40,"key":"Bottled Lightning"},{"floor":40,"key":"Sundial"},{"floor":44,"key":"Dream Catcher"},{"floor":44,"key":"Orichalcum"},{"floor":48,"key":"Darkstone Periapt"},{"floor":48,"key":"War Paint"},{"floor":54,"key":"FossilizedHelix"},{"floor":54,"key":"Mummified Hand"}],"event_choices":[{"cards_removed":["Strike_MRS"],"damage_healed":0.0,"max_hp_gain":0.0,"max_hp_loss":0.0,"gold_gain":0.0,"event_name":"Golden Wing","player_choice":"Card Removal","floor":5.0,"gold_loss":0.0,"damage_taken":7.0},{"damage_healed":28.0,"max_hp_gain":0.0,"max_hp_loss":0.0,"gold_gain":0.0,"event_name":"Big Fish","player_choice":"Banana","floor":10.0,"gold_loss":0.0,"damage_taken":0.0},{"damage_healed":0.0,"max_hp_gain":0.0,"max_hp_loss":0.0,"gold_gain":0.0,"event_name":"Scrap Ooze","player_choice":"Success","floor":12.0,"gold_loss":0.0,"damage_taken":3.0,"relics_obtained":["Vajra"]},{"damage_healed":0.0,"max_hp_gain":0.0,"max_hp_loss":0.0,"gold_gain":0.0,"cards_transformed":["Strike_MRS","Strike_MRS"],"event_name":"Drug Dealer","player_choice":"Became Test Subject","floor":19.0,"gold_loss":0.0,"damage_taken":0.0,"cards_obtained":["UnstableBomb","MilkyWay"]},{"damage_healed":0,"gold_gain":99,"player_choice":"Stole From Cult","damage_taken":0,"max_hp_gain":0,"max_hp_loss":0,"event_name":"Nest","floor":21,"gold_loss":0},{"damage_healed":0,"gold_gain":0,"player_choice":"Ignored","damage_taken":0,"max_hp_gain":0,"max_hp_loss":0,"event_name":"Tomb of Lord Red Mask","floor":36,"gold_loss":0},{"damage_healed":0,"gold_gain":0,"player_choice":"Damaged","damage_taken":8,"max_hp_gain":0,"max_hp_loss":0,"event_name":"Wheel of Change","floor":38,"gold_loss":0}],"is_beta":false,"boss_relics":[{"not_picked":["RampagingMagicTools","SacredBark"],"picked":"Black Star"},{"not_picked":["Busted Crown","Empty Cage"],"picked":"Cursed Key"}],"items_purged_floors":[2,37],"is_endless":false,"potions_floor_spawned":[1,3,16,25,29,30,33,35,39,40,46,48,54],"killed_by":"The Heart","ascension_level":8}}