{"host":"ml2ro5l6hu6y0pll","time":1613246847,"event":{"mods":["AchievementEnabler","BaseMod","Colored Map","Colored Powertips","Custom Start","Downfall","Googly Eyes","Minty Spire (QoL Compilation)","Quick Restart","Rare Cards Sparkle","Relic Stats","StSLib","everything is the same but u backflip on backflip"],"gold_per_floor":[118,193,7,7,26,26,57,72,96,124,149,179,209,249,261,273,273],"floor_reached":16,"language":"ENG","playtime":720,"items_purged":["Strike_R"],"score":152,"play_id":"81148198-a75e-4262-8392-7aa01e796cc9","local_time":"20210213200727","is_ascension_mode":true,"campfire_choices":[{"data":"Perfected Strike","floor":6,"key":"SMITH"},{"data":"Armaments","floor":15,"key":"SMITH"}],"circlet_count":0,"master_deck":["Strike_R","Strike_R","Strike_R","Defend_R","Defend_R","Defend_R","Defend_R","Bash","Perfected Strike+1","Clothesline","Shrug It Off","Cleave","Armaments+1","Shrug It Off"],"relics":["Burning Blood","NeowsBlessing","Membership Card","Blood Vial","Regal Pillow","Self Forming Clay","MawBank","Dream Catcher"],"acts_visited":["Exordium"],"potions_floor_usage":[10,14],"damage_taken":[{"damage":0,"enemies":"Small Slimes","floor":1,"turns":1},{"damage":0,"enemies":"Cultist","floor":5,"turns":1},{"damage":0,"enemies":"Lagavulin","floor":7,"turns":1},{"damage":6,"enemies":"Jaw Worm","floor":8,"turns":5},{"damage":16,"enemies":"Gremlin Nob","floor":10,"turns":4},{"damage":14,"enemies":"Exordium Wildlife","floor":12,"turns":4},{"damage":0,"enemies":"Gremlin Gang","floor":13,"turns":3},{"damage":8,"enemies":"3 Sentries","floor":14,"turns":6},{"damage":81,"enemies":"Slime Boss","floor":16,"turns":14}],"seed_played":"6475916154806095850","potions_obtained":[{"floor":7,"key":"Ancient Potion"},{"floor":8,"key":"Ancient Potion"},{"floor":10,"key":"DuplicationPotion"}],"is_trial":false,"path_per_floor":["M","?","$","?","M","R","E","M","T","E","T","M","M","E","R","B"],"character_chosen":"IRONCLAD","items_purchased":["Membership Card"],"campfire_rested":0,"item_purchase_floors":[3],"current_hp_per_floor":[80,69,69,69,75,75,80,80,80,70,70,64,72,72,72,0,0],"gold":273,"neow_bonus":"THREE_ENEMY_KILL","is_daily":false,"chose_seed":false,"campfire_upgraded":2,"win_rate":0.0,"timestamp":1613246847,"path_taken":["M","?","$","?","M","R","E","?","T","E","?","M","M","E","R","BOSS"],"items_purchased_type":["Relic"],"build_version":"2020-12-22","purchased_purges":1,"victory":false,"max_hp_per_floor":[80,80,80,80,80,80,80,80,80,80,80,80,80,80,80,80,80],"relic_stats":{"Blood Vial":8,"Regal Pillow":0,"Dream Catcher":0,"counters":[9,39],"Self Forming Clay":[33],"MawBank":60,"obtain_stats":[{"Blood Vial":7,"Regal Pillow":9,"Dream Catcher":14,"NeowsBlessing":0,"Self Forming Clay":10,"Membership Card":3,"MawBank":11,"Burning Blood":0},{"Blood Vial":3,"Regal Pillow":4,"Dream Catcher":8,"NeowsBlessing":0,"Self Forming Clay":5,"Membership Card":1,"MawBank":5,"Burning Blood":0},{"Blood Vial":3,"Regal Pillow":8,"Dream Catcher":25,"NeowsBlessing":0,"Self Forming Clay":12,"Membership Card":1,"MawBank":12,"Burning Blood":0}],"Burning Blood":41},"card_choices":[{"not_picked":["Dual Wield","Searing Blow"],"picked":"Perfected Strike","floor":1},{"not_picked":["Warcry","Havoc"],"picked":"Clothesline","floor":5},{"not_picked":["Warcry","Corruption"],"picked":"Shrug It Off","floor":7},{"not_picked":["Heavy Blade","Havoc","True Grit"],"picked":"SKIP","floor":8},{"not_picked":["Flex","Sever Soul"],"picked":"Cleave","floor":10},{"not_picked":["Clothesline","Iron Wave"],"picked":"Armaments","floor":12},{"not_picked":["Wild Strike","Twin Strike"],"picked":"Shrug It Off","floor":13},{"not_picked":["Headbutt","Second Wind","Armaments"],"picked":"SKIP","floor":14}],"player_experience":1005447,"relics_obtained":[{"floor":7,"key":"Blood Vial"},{"floor":9,"key":"Regal Pillow"},{"floor":10,"key":"Self Forming Clay"},{"floor":11,"key":"MawBank"},{"floor":14,"key":"Dream Catcher"}],"event_choices":[{"damage_healed":0,"gold_gain":75,"player_choice":"Gather Gold","damage_taken":11,"max_hp_gain":0,"max_hp_loss":0,"event_name":"World of Goop","floor":2,"gold_loss":0},{"cards_removed":["Strike_R"],"damage_healed":0,"gold_gain":0,"player_choice":"Purged","damage_taken":0,"max_hp_gain":0,"max_hp_loss":0,"event_name":"Purifier","floor":4,"gold_loss":0}],"is_beta":false,"boss_relics":[],"items_purged_floors":[3],"is_endless":false,"potions_floor_spawned":[7,8,10],"killed_by":"Slime Boss","ascension_level":1}}