{"host":"1lwxixhv2lzh5ag1","time":1613194099,"event":{"mods":["AchievementEnabler","BaseMod","Bestiary","Better Altar","Better Match","Better Note","Better Sensory Stone","Better Silent Start","Better Skull","Better Third Choice","BetterRewards","Colored Map","Colored Powertips","DeckTracker","Displayed Cursed Tome","Downfall","Fox Events","Hubris","Minty Spire (QoL Compilation)","Permanent Neow","Relic Stats","Reliquary","Replay The Spire","Spire Arcade","StSLib","Td1madao Mod","The Blue Laboratory","Uncapped","Waifu the Spire"],"gold_per_floor":[112,37,52,52,67,95,95,108,155,155,155,155,166,184,184,281,381,396,396,407,407,417,450,450,304,304,324,398,398,413,423,423,526,526,546,546,560,580,590,590,605,605,605,765,576,576,576,588,588,588,588],"floor_reached":50,"language":"ENG","playtime":2497,"items_purged":["ReplayTheSpireMod:Restless Dread"],"score":466,"play_id":"31137946-8688-4393-a3cd-348241a8cf86","local_time":"20210213002819","is_ascension_mode":false,"campfire_choices":[{"data":"Sword Boomerang","floor":7,"key":"SMITH"},{"data":"Dual Wield","floor":10,"key":"SMITH"},{"floor":15,"key":"REST"},{"data":"Replay:Undeath\u0027s Touch","floor":24,"key":"SMITH"},{"floor":29,"key":"REST"},{"floor":32,"key":"REST"},{"floor":40,"key":"REST"},{"floor":42,"key":"REST"},{"data":"Anger","floor":46,"key":"SMITH"}],"circlet_count":0,"master_deck":["Strike_R+1","Strike_R+1","Strike_R+1","Strike_R+1","Strike_R+1","Defend_R+1","Defend_R+1","Defend_R+1","Defend_R+1","Bash","Armaments+1","Sword Boomerang+1","Metallicize","Bloodletting","Dual Wield+1","Replay:Undeath\u0027s Touch+1","Impervious+1","Toxin Wave+1","Clash+1","Toxin Wave+1","Parasite","Anger+1","Parasite"],"relics":["Burning Blood","hubris:GlazedTorus","reliquary:QuartzCube","Bag of Preparation","Replay:Baseball","Replay:Grab Bag","hubris:GrandSneckoEye","Replay:Wanted Poster","hubris:Backtick","Blue Mushroom","reliquary:FerryPass","reliquary:Sideboard","hubris:SphereOfDissonance","reliquary:RedCape","reliquary:JackalopeAntler","HandDrill"],"acts_visited":["Exordium","TheCity","TheBeyond"],"potions_floor_usage":[38,48,50],"damage_taken":[{"damage":8,"enemies":"2 Louse","floor":1,"turns":2},{"damage":6,"enemies":"Cultist","floor":3,"turns":3},{"damage":0,"enemies":"Small Slimes","floor":5,"turns":3},{"damage":25,"enemies":"Gremlin Nob","floor":6,"turns":5},{"damage":25,"enemies":"Exordium Thugs","floor":8,"turns":5},{"damage":36,"enemies":"Gremlin Gang","floor":13,"turns":4},{"damage":0,"enemies":"Red Slaver","floor":14,"turns":6},{"damage":34,"enemies":"The Guardian","floor":16,"turns":14},{"damage":0,"enemies":"3 Byrds","floor":18,"turns":4},{"damage":5,"enemies":"Shell Parasite","floor":20,"turns":3},{"damage":9,"enemies":"Snake Plant","floor":22,"turns":4},{"damage":25,"enemies":"Slavers","floor":23,"turns":5},{"damage":12,"enemies":"Centurion and Healer","floor":27,"turns":6},{"damage":22,"enemies":"Snecko","floor":30,"turns":5},{"damage":0,"enemies":"Snake Plant","floor":31,"turns":1},{"damage":20,"enemies":"hubris:MusketHawk","floor":33,"turns":7},{"damage":0,"enemies":"Orb Walker","floor":35,"turns":1},{"damage":20,"enemies":"3 Shapes","floor":37,"turns":3},{"damage":20,"enemies":"Writhing Mass","floor":38,"turns":7},{"damage":45,"enemies":"Sphere and 2 Shapes","floor":39,"turns":4},{"damage":10,"enemies":"3 Darklings","floor":41,"turns":5},{"damage":17,"enemies":"Writhing Mass","floor":48,"turns":4},{"damage":79,"enemies":"Donu and Deca","floor":50,"turns":6}],"seed_played":"-6218630463829473915","potions_obtained":[{"floor":1,"key":"Elixir"},{"floor":5,"key":"blueLaboratory:PyrophylliteBrew"},{"floor":8,"key":"blueLaboratory:PhilterOfMotion"},{"floor":14,"key":"blueLaboratory:BottleOfRum"},{"floor":27,"key":"champ:CounterPotion"},{"floor":31,"key":"Block Potion"},{"floor":41,"key":"SteroidPotion"},{"floor":44,"key":"champ:CounterPotion"},{"floor":48,"key":"EssenceOfSteel"}],"is_trial":false,"path_per_floor":["M","$","M","?","M","E","R","M","T","R","T","?","M","M","R","B",null,"M","?","M","?","M","E","R","$","T","M","T","R","M","M","R","B",null,"M","?","M","M","M","R","M","R","T","?","$","R","$","M","R_BF","B"],"character_chosen":"IRONCLAD","items_purchased":["reliquary:FerryPass","Anger","HandDrill"],"campfire_rested":5,"item_purchase_floors":[25,45,45],"current_hp_per_floor":[78,78,78,78,80,61,61,42,42,42,42,46,16,22,46,18,80,80,80,80,80,77,58,58,58,58,52,52,76,60,66,80,66,80,80,80,66,52,13,37,33,57,57,57,57,57,57,46,70,0,0],"gold":588,"neow_bonus":"ONE_RARE_RELIC","is_daily":false,"chose_seed":false,"campfire_upgraded":4,"win_rate":0.0,"timestamp":1613194099,"path_taken":["M","$","M","?","M","E","R","?","T","R","?","?","M","?","R","BOSS","M","?","?","?","M","E","R","$","T","M","?","R","M","M","R","BOSS","M","?","?","?","M","R","M","R","T","?","$","R","$","M","R_BF","BOSS"],"items_purchased_type":["Relic","Card","Relic"],"build_version":"2020-12-22","purchased_purges":1,"victory":false,"max_hp_per_floor":[80,80,80,80,80,80,80,80,80,80,80,80,80,80,80,80,80,80,80,80,80,80,80,80,80,80,80,80,80,80,80,80,80,80,80,80,80,80,80,80,80,80,80,80,80,80,80,80,80,80,80],"relic_stats":{"counters":[23,107],"Bag of Preparation":[36],"HandDrill":[18],"obtain_stats":[{"reliquary:Sideboard":26,"Replay:Grab Bag":17,"hubris:SphereOfDissonance":28,"Bag of Preparation":9,"reliquary:RedCape":34,"reliquary:QuartzCube":6,"Burning Blood":0,"reliquary:FerryPass":25,"Replay:Wanted Poster":17,"reliquary:JackalopeAntler":43,"Replay:Baseball":11,"hubris:Backtick":17,"Blue Mushroom":17,"hubris:GrandSneckoEye":17,"HandDrill":45,"hubris:GlazedTorus":0},{"reliquary:Sideboard":12,"Replay:Grab Bag":8,"hubris:SphereOfDissonance":13,"Bag of Preparation":5,"reliquary:RedCape":16,"reliquary:QuartzCube":4,"Burning Blood":0,"reliquary:FerryPass":12,"Replay:Wanted Poster":8,"reliquary:JackalopeAntler":21,"Replay:Baseball":5,"hubris:Backtick":8,"Blue Mushroom":8,"hubris:GrandSneckoEye":8,"HandDrill":21,"hubris:GlazedTorus":0},{"reliquary:Sideboard":58,"Replay:Grab Bag":42,"hubris:SphereOfDissonance":64,"Bag of Preparation":18,"reliquary:RedCape":77,"reliquary:QuartzCube":13,"Burning Blood":0,"reliquary:FerryPass":58,"Replay:Wanted Poster":42,"reliquary:JackalopeAntler":97,"Replay:Baseball":18,"hubris:Backtick":42,"Blue Mushroom":42,"hubris:GrandSneckoEye":42,"HandDrill":97,"hubris:GlazedTorus":0}],"Burning Blood":115},"card_choices":[{"not_picked":["Bloodletting","Run Through"],"picked":"Armaments","floor":1},{"not_picked":["Combust","ReplayTheSpireMod:Muscle Training"],"picked":"Sword Boomerang","floor":3},{"not_picked":["Body Slam","Clash"],"picked":"Metallicize","floor":5},{"not_picked":["True Grit","Clothesline"],"picked":"Bloodletting","floor":6},{"not_picked":["Massacre","Clothesline"],"picked":"Dual Wield","floor":8},{"not_picked":["ReplayTheSpireMod:Muscle Training","ReplayTheSpireMod:LeadingStrike","Battle Trance"],"picked":"SKIP","floor":13},{"not_picked":["Heavy Blade","Uppercut"],"picked":"Replay:Undeath\u0027s Touch","floor":14},{"not_picked":["Juggernaut","hubris:StunningStrike"],"picked":"Impervious","floor":16},{"not_picked":["Replay:Undeath\u0027s Touch","Metallicize","ReplayTheSpireMod:Strike From Hell"],"picked":"SKIP","floor":18},{"not_picked":["Warcry","Battle Trance"],"picked":"Clash+1","floor":20},{"not_picked":["Flame Barrier","ReplayTheSpireMod:Muscle Training","Pommel Strike"],"picked":"SKIP","floor":22},{"not_picked":["Warcry","hubris:CleavingFinish+1","Dropkick"],"picked":"SKIP","floor":23},{"not_picked":["Armaments","Iron Wave","Sword Boomerang"],"picked":"SKIP","floor":27},{"not_picked":["hubris:SharpeningStone","Dark Embrace"],"picked":"Clothesline","floor":30},{"not_picked":["Sever Soul","Warcry+1"],"picked":"Flex","floor":31},{"not_picked":["Brutality","Fiend Fire"],"picked":"Demon Form","floor":33},{"not_picked":["Rampage+1","ReplayTheSpireMod:Stacked+1","Run Through"],"picked":"SKIP","floor":35},{"not_picked":["hubris:CleavingFinish","Run Through+1","Reckless Charge+1"],"picked":"SKIP","floor":37},{"not_picked":["Blood for Blood","Ghostly Armor","Inflame+1"],"picked":"SKIP","floor":38},{"not_picked":["Warcry","Feel No Pain","Cleave+1"],"picked":"SKIP","floor":39},{"not_picked":["Bludgeon","hubris:ReadiedAction","Metallicize"],"picked":"SKIP","floor":41},{"not_picked":["Body Slam","Spot Weakness+1"],"picked":"Flex+1","floor":48}],"player_experience":19266,"relics_obtained":[{"floor":6,"key":"reliquary:QuartzCube"},{"floor":9,"key":"Bag of Preparation"},{"floor":11,"key":"Replay:Baseball"},{"floor":26,"key":"reliquary:Sideboard"},{"floor":28,"key":"hubris:SphereOfDissonance"},{"floor":43,"key":"reliquary:JackalopeAntler"}],"event_choices":[{"damage_healed":0,"gold_gain":0,"player_choice":"Upgraded","damage_taken":0,"max_hp_gain":0,"max_hp_loss":0,"event_name":"Upgrade Shrine","floor":4,"gold_loss":0,"cards_upgraded":["Armaments"]},{"damage_healed":4,"gold_gain":0,"player_choice":"LEAVE ","damage_taken":0,"relics_obtained":[],"max_hp_gain":0,"max_hp_loss":0,"event_name":"betterSkull:BetterSkull","floor":12,"gold_loss":0,"cards_upgraded":[]},{"cards_removed":["Impervious"],"damage_healed":0,"gold_gain":0,"player_choice":"Take \u0026 Give","damage_taken":0,"max_hp_gain":0,"max_hp_loss":0,"event_name":"betterNote:BetterNote","floor":19,"gold_loss":0,"cards_obtained":["Toxin Wave"]},{"damage_healed":0,"gold_gain":0,"player_choice":"Simplicity","damage_taken":0,"max_hp_gain":0,"max_hp_loss":9,"event_name":"betterThird:BetterWriting","floor":21,"gold_loss":0},{"damage_healed":0,"gold_gain":0,"player_choice":"Copied","damage_taken":0,"max_hp_gain":0,"max_hp_loss":0,"event_name":"Duplicator","floor":36,"gold_loss":0,"cards_obtained":["Toxin Wave"]}],"is_beta":false,"boss_relics":[{"not_picked":["hubris:CrackedHourglass","Black Star"],"picked":"Replay:Grab Bag"},{"not_picked":["ReplayTheSpireMod:Onyx Gauntlets","Coffee Dripper"],"picked":"hubris:GrandSneckoEye"},{"not_picked":["Electric Blood","hubris:TerracottaHorce"],"picked":"Replay:Wanted Poster"},{"not_picked":["SacredBark","Astrolabe"],"picked":"hubris:Backtick"},{"not_picked":["Philosopher\u0027s Stone","Runic Dome"],"picked":"reliquary:RedCape"}],"items_purged_floors":[2],"is_endless":false,"potions_floor_spawned":[1,5,8,14,20,22,27,31,33,35,41,48],"killed_by":"Donu and Deca","ascension_level":0}}