{"host":"a20qfyjn5xm2mdxh","time":1613211157,"event":{"mods":["BaseMod","Gremlin Mod","Hermit","Minty Spire (QoL Compilation)","Relic Stats","Reliquary","Replay The Spire","Shop Mod","StSLib","The Cursed"],"gold_per_floor":[111,123,198,216,234,261,278,278,278,278,291,216,241,257,257,354,354,369,369,369,389,12,44,60,105,128,128,140,153,167,10,10,111,111,124,124,90,292,308,341,341,353,426,443,471,471,183,0,0,0],"floor_reached":51,"language":"ZHS","playtime":4487,"items_purged":["TheCursedMod:Strike_TheCursed","TheCursedMod:Defend_TheCursed"],"score":764,"play_id":"e6d10b1e-5147-4ef6-affa-bc9533cb113a","local_time":"20210213181237","is_ascension_mode":false,"campfire_choices":[{"floor":10.0,"key":"REST"},{"floor":15.0,"key":"REST"},{"data":"1","floor":32,"key":"LIFT"},{"data":"2","floor":41,"key":"LIFT"},{"data":"3","floor":49,"key":"LIFT"}],"circlet_count":0,"master_deck":["TheCursedMod:Defend_TheCursed","TheCursedMod:Defend_TheCursed","TheCursedMod:CursedWand","TheCursedMod:CleanUpWorkshop","TheCursedMod:Dregs","TheCursedMod:CursedStaff","TheCursedMod:ManaBullet","TheCursedMod:CircleOfFlame","TheCursedMod:FleshFromBone","TheCursedMod:SmokeScreen","TheCursedMod:CircleOfCorruption","TheCursedMod:VoidForm","TheCursedMod:SoulReap","TheCursedMod:ReleasedKnowledge","TheCursedMod:Evocation","TheCursedMod:CursedRelics","TheCursedMod:CircleOfBlood","TheCursedMod:Torture+1","TheCursedMod:CursedAmulet","TheCursedMod:SurpriseAttack","Bite","Bite","Bite","Bite","Bite","TheCursedMod:TroublousMinions+1","TheCursedMod:Grudge+1","TheCursedMod:DarkBarrier","TheCursedMod:TroublousMinions+1","TheCursedMod:HellfireBreathing+1","TheCursedMod:CursedShiv","TheCursedMod:SpreadPlague","TheCursedMod:CircleOfBlood","TheCursedMod:CursedBlade","TheCursedMod:CircleOfFocus+1","TheCursedMod:Stigma+1","TheCursedMod:BloodBarrier+1","TheCursedMod:BloodBarrier+1","TheCursedMod:DemonicPact+1","TheCursedMod:CursedSpellbook+1","Writhe","TheCursedMod:SpitefulPray+1","TheCursedMod:SurpriseAttack","TheCursedMod:CursedBoomerang+1","TheCursedMod:DarkBarrier+1","TheCursedMod:ReleasedKnowledge+1","Crow Ritual+1"],"relics":["TheCursedMod:BlackMagic101","Toy Ornithopter","Shuriken","Dead Branch","Prayer Wheel","Girya","SlaversCollar","Membership Card","Torii","Replay:Mystery Machine","Sundial","reliquary:PartyBalloon","Golden Egg","TheCursedMod:FourLeafCloverCharm","Dream Catcher","Snack Pack","Art of War","reliquary:JackalopeAntler","Juzu Bracelet","HandDrill","Red Mask"],"acts_visited":["Exordium","TheCity","TheBeyond"],"potions_floor_usage":[33,50,50],"damage_taken":[{"damage":0.0,"enemies":"Small Slimes","floor":1.0,"turns":4.0},{"damage":0.0,"enemies":"2 Louse","floor":2.0,"turns":2.0},{"damage":0.0,"enemies":"Jaw Worm","floor":4.0,"turns":2.0},{"damage":2.0,"enemies":"Looter","floor":5.0,"turns":2.0},{"damage":46.0,"enemies":"Lagavulin","floor":6.0,"turns":6.0},{"damage":10.0,"enemies":"Red Slaver","floor":7.0,"turns":5.0},{"damage":18.0,"enemies":"3 Louse","floor":11.0,"turns":3.0},{"damage":2.0,"enemies":"Gremlin Nob","floor":13.0,"turns":4.0},{"damage":4.0,"enemies":"Blue Slaver","floor":14.0,"turns":2.0},{"damage":36.0,"enemies":"The Guardian","floor":16.0,"turns":11.0},{"damage":29,"enemies":"Chosen","floor":18,"turns":6},{"damage":0,"enemies":"Shell Parasite","floor":21,"turns":2},{"damage":18,"enemies":"Slavers","floor":23,"turns":6},{"damage":7,"enemies":"Centurion and Healer","floor":24,"turns":6},{"damage":12,"enemies":"3 Cultists","floor":28,"turns":5},{"damage":7,"enemies":"Snake Plant","floor":29,"turns":3},{"damage":22,"enemies":"Shelled Parasite and Fungi","floor":30,"turns":6},{"damage":26,"enemies":"Collector","floor":33,"turns":6},{"damage":30,"enemies":"Orb Walker","floor":35,"turns":4},{"damage":42,"enemies":"3 Darklings","floor":39,"turns":5},{"damage":11,"enemies":"Nemesis","floor":40,"turns":7},{"damage":0,"enemies":"Maw","floor":42,"turns":6},{"damage":6,"enemies":"4 Shapes","floor":44,"turns":4},{"damage":18,"enemies":"Reptomancer","floor":45,"turns":5},{"damage":66,"enemies":"Awakened One","floor":50,"turns":8}],"seed_played":"-9102208506298939033","potions_obtained":[{"floor":1.0,"key":"Energy Potion"},{"floor":4.0,"key":"LiquidBronze"},{"floor":7.0,"key":"BlessingOfTheForge"},{"floor":11.0,"key":"EssenceOfSteel"},{"floor":13.0,"key":"PowerPotion"},{"floor":24,"key":"Elixir"},{"floor":28,"key":"Energy Potion"},{"floor":30,"key":"Toxic Potion"},{"floor":39,"key":"SpeedPotion"},{"floor":42,"key":"PowerPotion"}],"is_trial":false,"path_per_floor":["M","M","?","M","M","E","M","?","T","R","M","$","E","M","R","B",null,"M","?","?","M","$","E","M","T","T","?","M","M","M","$","R","B",null,"M","?","$","?","M","E","R","M","T","M","E","T","$","?","R","B",null],"character_chosen":"THE_CURSED","items_purchased":["Membership Card","Torii","Replay:Mystery Machine","Golden Egg","TheCursedMod:BloodBarrier","TheCursedMod:SpitefulPray","Crow Ritual","Juzu Bracelet","HandDrill"],"campfire_rested":2,"item_purchase_floors":[22,22,22,31,31,37,47,47,47],"current_hp_per_floor":[75,75,64,64,62,16,6,3,3,25,7,7,15,16,38,15,75,51,51,51,52,52,34,39,39,39,39,43,38,33,33,33,44,52,34,47,47,47,20,18,18,32,32,38,52,52,52,52,52,15],"gold":0,"neow_bonus":"RANDOM_COMMON_RELIC","is_daily":false,"chose_seed":false,"campfire_upgraded":0,"win_rate":0.0,"timestamp":1613211157,"path_taken":["M","M","?","M","M","E","M","?","T","R","M","$","E","M","R","BOSS","M","?","?","M","$","E","M","?","T","?","M","?","M","$","R","BOSS","M","?","$","?","M","E","R","M","T","M","E","?","?","?","R","BOSS"],"items_purchased_type":["Relic","Relic","Relic","Relic","Card","Card","Card","Relic","Relic"],"build_version":"2020-12-22","purchased_purges":2,"victory":true,"max_hp_per_floor":[75,75,75,75,75,75,75,75,75,75,75,75,75,75,75,75,75,75,75,52,52,52,52,52,52,52,52,52,52,52,52,52,52,52,52,52,52,52,52,52,52,52,52,52,52,52,52,52,52,52],"relic_stats":{"Dream Catcher":0,"Torii":15,"counters":[25,119],"Shuriken":[26],"Sundial":[4],"Dead Branch":[307],"Prayer Wheel":12,"Art of War":[0],"Juzu Bracelet":0,"HandDrill":[0],"obtain_stats":[{"TheCursedMod:BlackMagic101":0,"Girya":13,"Golden Egg":31,"TheCursedMod:FourLeafCloverCharm":34,"Torii":22,"reliquary:PartyBalloon":25,"Dead Branch":8,"Juzu Bracelet":47,"Replay:Mystery Machine":22,"reliquary:JackalopeAntler":46,"SlaversCollar":17,"Dream Catcher":40,"Shuriken":6,"Sundial":23,"Prayer Wheel":9,"Snack Pack":43,"Art of War":45,"HandDrill":47,"Red Mask":48,"Membership Card":22,"Toy Ornithopter":0},{"TheCursedMod:BlackMagic101":0,"Girya":8,"Golden Egg":17,"TheCursedMod:FourLeafCloverCharm":18,"Torii":12,"reliquary:PartyBalloon":14,"Dead Branch":6,"Juzu Bracelet":24,"Replay:Mystery Machine":12,"reliquary:JackalopeAntler":24,"SlaversCollar":10,"Dream Catcher":21,"Shuriken":5,"Sundial":13,"Prayer Wheel":6,"Snack Pack":22,"Art of War":24,"HandDrill":24,"Red Mask":24,"Membership Card":12,"Toy Ornithopter":0},{"TheCursedMod:BlackMagic101":0,"Girya":28,"Golden Egg":75,"TheCursedMod:FourLeafCloverCharm":81,"Torii":49,"reliquary:PartyBalloon":61,"Dead Branch":21,"Juzu Bracelet":111,"Replay:Mystery Machine":49,"reliquary:JackalopeAntler":111,"SlaversCollar":41,"Dream Catcher":96,"Shuriken":16,"Sundial":55,"Prayer Wheel":21,"Snack Pack":102,"Art of War":111,"HandDrill":111,"Red Mask":111,"Membership Card":49,"Toy Ornithopter":0}],"Toy Ornithopter":25},"card_choices":[{"not_picked":["TheCursedMod:WearCloak","TheCursedMod:AbyssShockwave"],"picked":"TheCursedMod:CursedStaff","floor":1.0},{"not_picked":["TheCursedMod:SpitefulStrike","TheCursedMod:CircleOfFocus"],"picked":"TheCursedMod:ManaBullet","floor":2.0},{"not_picked":["TheCursedMod:Hemoplague","TheCursedMod:Torture"],"picked":"TheCursedMod:CircleOfFlame","floor":4.0},{"not_picked":["TheCursedMod:HellsGateOpen","TheCursedMod:Obscuration"],"picked":"TheCursedMod:SpitefulPlan","floor":5.0},{"not_picked":["TheCursedMod:CursedShiv","TheCursedMod:CursedAmulet"],"picked":"TheCursedMod:FleshFromBone","floor":6.0},{"not_picked":["TheCursedMod:CursedShiv","TheCursedMod:RapidMovement"],"picked":"TheCursedMod:SmokeScreen","floor":7.0},{"not_picked":["TheCursedMod:AshesToAshes","TheCursedMod:SmokeScreen"],"picked":"TheCursedMod:CircleOfCorruption","floor":11.0},{"not_picked":["TheCursedMod:CursedBoomerang","TheCursedMod:Torture"],"picked":"TheCursedMod:VoidForm","floor":11.0},{"not_picked":["TheCursedMod:VitalStrike","TheCursedMod:SpreadPlague"],"picked":"TheCursedMod:SoulReap","floor":13.0},{"not_picked":["TheCursedMod:SpitefulStrike","TheCursedMod:Torture"],"picked":"TheCursedMod:ReleasedKnowledge","floor":14.0},{"not_picked":["TheCursedMod:CursedArmor","TheCursedMod:SpitefulStrike"],"picked":"TheCursedMod:Evocation","floor":14.0},{"not_picked":["TheCursedMod:DarkBarrier","TheCursedMod:UltimatePain"],"picked":"TheCursedMod:CursedRelics","floor":16.0},{"not_picked":["TheCursedMod:SpitefulStrike","TheCursedMod:SurpriseAttack"],"picked":"TheCursedMod:CircleOfBlood","floor":18},{"not_picked":["TheCursedMod:CircleOfFlame","TheCursedMod:FleshFromBone"],"picked":"TheCursedMod:Torture+1","floor":18},{"not_picked":["TheCursedMod:VitalStrike+1","TheCursedMod:Torture+1"],"picked":"TheCursedMod:TroublousMinions+1","floor":21},{"not_picked":["TheCursedMod:Stretching","TheCursedMod:CircleOfCorruption"],"picked":"TheCursedMod:Grudge+1","floor":21},{"not_picked":["TheCursedMod:CircleOfCorruption","TheCursedMod:Stretching"],"picked":"TheCursedMod:DarkBarrier","floor":23},{"not_picked":["TheCursedMod:VitalStrike","TheCursedMod:RapidMovement"],"picked":"TheCursedMod:TroublousMinions+1","floor":24},{"not_picked":["TheCursedMod:Torture","TheCursedMod:Neurasthenia"],"picked":"TheCursedMod:HellfireBreathing","floor":24},{"not_picked":["TheCursedMod:CircleOfFlame","TheCursedMod:CircleOfAmplification"],"picked":"TheCursedMod:CursedShiv","floor":28},{"not_picked":["TheCursedMod:DoubleShield+1","TheCursedMod:CursedStaff"],"picked":"TheCursedMod:SpreadPlague","floor":28},{"not_picked":["TheCursedMod:FleshFromBone+1","TheCursedMod:CursedMace"],"picked":"TheCursedMod:CircleOfBlood","floor":29},{"not_picked":["TheCursedMod:CursedShiv","TheCursedMod:SpitefulStrike"],"picked":"TheCursedMod:CursedBlade","floor":29},{"not_picked":["TheCursedMod:CursedMace","TheCursedMod:CircleOfAmplification"],"picked":"TheCursedMod:CircleOfFocus+1","floor":30},{"not_picked":["TheCursedMod:SpitefulStrike","TheCursedMod:CursedBlade"],"picked":"TheCursedMod:Stigma+1","floor":30},{"not_picked":["TheCursedMod:Neurasthenia","TheCursedMod:OutForBlood"],"picked":"TheCursedMod:DemonicPact","floor":33},{"not_picked":["TheCursedMod:SmokeScreen","TheCursedMod:RavingStaff"],"picked":"TheCursedMod:CursedSpellbook+1","floor":35},{"not_picked":["TheCursedMod:CursedAmulet+1","TheCursedMod:ManaBullet","TheCursedMod:SpitefulStrike+1"],"picked":"SKIP","floor":35},{"not_picked":["TheCursedMod:ReleasedStrength+1","TheCursedMod:SaltUponWound+1"],"picked":"TheCursedMod:SurpriseAttack","floor":38},{"not_picked":["TheCursedMod:WearCloak+1","TheCursedMod:CircleOfFlame+1"],"picked":"TheCursedMod:CursedBoomerang+1","floor":39},{"not_picked":["TheCursedMod:Stigma+1","TheCursedMod:RavingStaff+1","TheCursedMod:CursedShiv"],"picked":"SKIP","floor":39},{"not_picked":["TheCursedMod:Stretching","TheCursedMod:Wield+1","TheCursedMod:AshesToAshes"],"picked":"SKIP","floor":40},{"not_picked":["TheCursedMod:SurpriseAttack","TheCursedMod:Obscuration+1"],"picked":"TheCursedMod:DarkBarrier","floor":42},{"not_picked":["TheCursedMod:CircleOfBlood","TheCursedMod:Torture"],"picked":"TheCursedMod:ReleasedKnowledge+1","floor":42},{"not_picked":["TheCursedMod:Wield","TheCursedMod:CircleOfWindfury","TheCursedMod:CircleOfFlame"],"picked":"SKIP","floor":44},{"not_picked":["TheCursedMod:RapidMovement","TheCursedMod:RavingStaff","TheCursedMod:DoubleShield"],"picked":"SKIP","floor":44},{"not_picked":["TheCursedMod:Mangle","TheCursedMod:CursedAmulet","TheCursedMod:RapidMovement"],"picked":"SKIP","floor":45}],"player_experience":248202,"relics_obtained":[{"floor":6.0,"key":"Shuriken"},{"floor":9.0,"key":"Prayer Wheel"},{"floor":13.0,"key":"Girya"},{"floor":23,"key":"Sundial"},{"floor":25,"key":"reliquary:PartyBalloon"},{"floor":40,"key":"Dream Catcher"},{"floor":43,"key":"Snack Pack"},{"floor":45,"key":"Art of War"},{"floor":46,"key":"reliquary:JackalopeAntler"}],"event_choices":[{"damage_healed":0.0,"max_hp_gain":0.0,"max_hp_loss":0.0,"gold_gain":75.0,"event_name":"World of Goop","player_choice":"Gather Gold","floor":3.0,"gold_loss":0.0,"damage_taken":11.0},{"damage_healed":0.0,"max_hp_gain":0.0,"max_hp_loss":0.0,"gold_gain":0.0,"event_name":"Scrap Ooze","player_choice":"Success","floor":8.0,"gold_loss":0.0,"damage_taken":3.0,"relics_obtained":["Dead Branch"]},{"damage_healed":0,"gold_gain":0,"cards_transformed":["TheCursedMod:Defend_TheCursed","TheCursedMod:SpitefulPlan"],"player_choice":"Became Test Subject","damage_taken":0,"max_hp_gain":0,"max_hp_loss":0,"event_name":"Drug Dealer","floor":19,"gold_loss":0,"cards_obtained":["TheCursedMod:CursedAmulet","TheCursedMod:SurpriseAttack"]},{"damage_healed":0,"gold_gain":0,"player_choice":"Became a vampire","damage_taken":0,"max_hp_gain":0,"max_hp_loss":23,"event_name":"Vampires","floor":20,"gold_loss":0,"cards_obtained":["Bite","Bite","Bite","Bite","Bite"]},{"damage_healed":0,"gold_gain":0,"player_choice":"Upgraded","damage_taken":0,"max_hp_gain":0,"max_hp_loss":0,"event_name":"Upgrade Shrine","floor":27,"gold_loss":0,"cards_upgraded":["TheCursedMod:HellfireBreathing"]},{"damage_healed":13,"gold_gain":0,"player_choice":"Writhe","damage_taken":0,"max_hp_gain":0,"max_hp_loss":0,"event_name":"Winding Halls","floor":36,"gold_loss":0,"cards_obtained":["Writhe"]},{"damage_healed":0,"gold_gain":0,"player_choice":"Paid","damage_taken":0,"relics_obtained":["Red Mask"],"max_hp_gain":0,"max_hp_loss":0,"event_name":"Tomb of Lord Red Mask","floor":48,"gold_loss":183}],"is_beta":false,"boss_relics":[{"not_picked":["Snecko Eye","Sozu"],"picked":"SlaversCollar"},{"not_picked":["reliquary:RedCape","TheCursedMod:OminousMark"],"picked":"TheCursedMod:FourLeafCloverCharm"}],"items_purged_floors":[12,47],"is_endless":false,"potions_floor_spawned":[1,4,7,11,13,24,28,30,39,42,44],"ascension_level":0}}