{"host":"q786d26vp7h4gpli","time":1613220224,"event":{"mods":["BaseMod","Downfall","Minty Spire (QoL Compilation)","Quick Restart","Remove Card Discount Mod","StSLib","Td1madao Mod"],"gold_per_floor":[99,119,119,119,132,132,159,171,181,281,114,128,128,139,167,278,278,278,304,316,316,5,32,77,99,119,394,411,20,36,36,51,155,155,155,171,171,171,191,191,218,228,228,269,269,269,32,52,64,64,64,64],"floor_reached":50,"language":"ENG","playtime":4463,"items_purged":["Pain","Regret","Regret","downfall:Haunted"],"score":565,"play_id":"6d00ebe4-7d7a-4b5d-878c-3b86c435001d","local_time":"20210213204344","is_ascension_mode":false,"campfire_choices":[{"data":"hexamod:Float","floor":1.0,"key":"SMITH"},{"floor":13.0,"key":"REST"},{"data":"hexamod:HexaLevel","floor":18.0,"key":"SMITH"},{"data":"hexamod:CatchUp","floor":35,"key":"SMITH"},{"data":"hexamod:GhostOfSpirePast","floor":40,"key":"SMITH"},{"floor":43,"key":"REST"},{"data":"hexamod:SoulSteal","floor":46,"key":"SMITH"}],"circlet_count":0,"master_deck":["hexamod:Strike+1","hexamod:Strike+1","hexamod:Strike+1","hexamod:Strike+1","hexamod:Defend+1","hexamod:Defend+1","hexamod:Defend+1","hexamod:Defend+1","hexamod:Sear+1","hexamod:Float+1","hexamod:GhostOfSpirePast+1","hexamod:HauntingEcho+1","hexamod:HeatCrush","hexamod:PhantomFireball","hexamod:ThermalTransfer","hexamod:SwordOfDarkness","hexamod:ShieldOfDarkness","hexamod:Hexaguard","hexamod:VolcanoVisage","hexamod:BurningTouch","hexamod:HexaLevel+1","hexamod:BacktrackSmack+1","hexamod:BurningTouch","hexamod:ThermalTransfer+1","hexamod:BurningTouch","hexamod:SoulSteal+1","hexamod:GhostOfSpirePresent","hexamod:InspiringFlames+1","hexamod:BurningTouch","hexamod:TimeWarp","hexamod:FirstSeal","hexamod:ThermalTransfer","hexamod:SoulSteal+1","hexamod:FlamesFromBeyond+1","hexamod:CatchUp+1","hexamod:FourthSeal","hexamod:SoulSteal","hexamod:UnleashSpirits","hexamod:BacktrackSmack","hexamod:BurningTouch+1","hexamod:PhantomFireball+1","hexamod:DynamicBlow+1","Dramatic Entrance","hexamod:TimeOfNeed","hexamod:GhostflameBarrier"],"relics":["hexamod:SpiritBrand","Smiling Mask","War Paint","WarpedTongs","Nunchaku","Potion Belt","Anchor","SlaversCollar","Regal Pillow","ClockworkSouvenir","Whetstone","hexamod:TheBrokenSeal","Bronze Scales","Akabeko","Cursed Key","PreservedInsect","Omamori","hexamod:MatchstickCase","Singing Bowl","Medical Kit"],"acts_visited":["Exordium","TheCity","TheBeyond"],"potions_floor_usage":[26,32,33,33,33,48,50,50,50,50,50],"damage_taken":[{"damage":0.0,"enemies":"Small Slimes","floor":2.0,"turns":3.0},{"damage":5.0,"enemies":"Jaw Worm","floor":5.0,"turns":4.0},{"damage":4.0,"enemies":"Cultist","floor":8.0,"turns":3.0},{"damage":10.0,"enemies":"2 Fungi Beasts","floor":9.0,"turns":3.0},{"damage":31.0,"enemies":"downfall:LadyInBlue","floor":10.0,"turns":11.0},{"damage":5.0,"enemies":"downfall:FleeingMerchant","floor":11.0,"turns":4.0},{"damage":0.0,"enemies":"Exordium Thugs","floor":12.0,"turns":4.0},{"damage":0.0,"enemies":"3 Louse","floor":14.0,"turns":3.0},{"damage":7.0,"enemies":"Exordium Thugs","floor":15.0,"turns":6.0},{"damage":43.0,"enemies":"DF_ARCHETYPE_STREAMLINE","floor":16.0,"turns":11.0},{"damage":7.0,"enemies":"Shell Parasite","floor":19.0,"turns":6.0},{"damage":29.0,"enemies":"Spheric Guardian","floor":20.0,"turns":6.0},{"damage":5.0,"enemies":"downfall:FleeingMerchant","floor":22.0,"turns":4.0},{"damage":24.0,"enemies":"Centurion and Healer","floor":23.0,"turns":7.0},{"damage":17.0,"enemies":"3 Cultists","floor":25.0,"turns":7.0},{"damage":20,"enemies":"Snecko","floor":26,"turns":7},{"damage":8,"enemies":"Snake Plant","floor":28,"turns":4},{"damage":5,"enemies":"downfall:FleeingMerchant","floor":29,"turns":4},{"damage":16,"enemies":"Cultist and Chosen","floor":30,"turns":5},{"damage":2,"enemies":"Centurion and Healer","floor":32,"turns":4},{"damage":3,"enemies":"IC_MUSHROOM_ARCHETYPE","floor":33,"turns":5},{"damage":13,"enemies":"3 Darklings","floor":36,"turns":3},{"damage":0,"enemies":"Orb Walker","floor":39,"turns":3},{"damage":19,"enemies":"Jaw Worm Horde","floor":42,"turns":5},{"damage":1,"enemies":"downfall:FleeingMerchant","floor":44,"turns":2},{"damage":1,"enemies":"Transient","floor":48,"turns":5},{"damage":8,"enemies":"Writhing Mass","floor":49,"turns":5},{"damage":98,"enemies":"WA_ARCHETYPE_DIVINITY","floor":50,"turns":7}],"seed_played":"-8931029867928826587","potions_obtained":[{"floor":5.0,"key":"SpeedPotion"},{"floor":8.0,"key":"BlessingOfTheForge"},{"floor":10.0,"key":"Swift Potion"},{"floor":10.0,"key":"Guardian:BlockOnCardUsePotion"},{"floor":10.0,"key":"ColorlessPotion"},{"floor":10.0,"key":"AttackPotion"},{"floor":14.0,"key":"Fruit Juice"},{"floor":20.0,"key":"sneckomod:MuddlingPotion"},{"floor":23.0,"key":"Slimebound:ThreeZeroPotion"},{"floor":23.0,"key":"hexamod:SoulburnPotion"},{"floor":25.0,"key":"AttackPotion"},{"floor":28,"key":"Strength Potion"},{"floor":30,"key":"champ:CounterPotion"},{"floor":31,"key":"SpeedPotion"},{"floor":31,"key":"sneckomod:MuddlingPotion"},{"floor":31,"key":"Explosive Potion"},{"floor":33,"key":"Swift Potion"},{"floor":36,"key":"sneckomod:MuddlingPotion"},{"floor":39,"key":"hexamod:SoulburnPotion"},{"floor":42,"key":"hexamod:SoulburnPotion"},{"floor":48,"key":"hexamod:EctoCoolerPotion"},{"floor":49,"key":"hexamod:SoulburnPotion"}],"is_trial":false,"path_per_floor":["R","M","?","?","M","?","T","M","M","?","$","M","R","M","M","B",null,"R","M","M","?","$","M","T","M","M","?","M","$","M","?","M","B",null,"R","M","?","?","M","R","T","M","R","$","T","R","$","M","M","B"],"character_chosen":"THE_SPIRIT","items_purchased":["Anchor","Regal Pillow","ClockworkSouvenir","Bronze Scales","Akabeko","hexamod:CatchUp","Omamori","hexamod:MatchstickCase","Medical Kit","Dramatic Entrance"],"campfire_rested":2,"item_purchase_floors":[11,22,22,29,29,29,44,44,47,47],"current_hp_per_floor":[70,70,70,70,65,65,65,61,51,20,15,22,43,55,55,19,75,75,75,53,53,48,31,31,21,85,85,84,79,70,70,75,72,85,85,72,72,72,72,72,72,60,85,84,84,84,84,83,75,0,0,0],"gold":64,"neow_bonus":"RANDOM_COMMON_RELIC","is_daily":false,"chose_seed":false,"campfire_upgraded":5,"win_rate":0.0,"timestamp":1613220224,"path_taken":["R","M","?","?","M","?","T","M","?","?","$","?","R","M","M","BOSS","R","M","M","?","$","M","T","M","M","?","?","$","M","?","M","BOSS","R","M","?","?","M","R","T","M","R","$","?","R","$","M","M","BOSS"],"items_purchased_type":["Relic","Relic","Relic","Relic","Relic","Card","Relic","Relic","Relic","Card"],"build_version":"2020-12-22","purchased_purges":4,"victory":false,"max_hp_per_floor":[70,70,70,70,70,70,70,70,70,70,70,70,70,75,75,75,75,75,75,75,75,75,75,75,75,85,85,85,85,85,85,85,85,85,85,85,85,85,85,85,85,85,85,85,85,85,85,85,85,85,85,85],"card_choices":[{"not_picked":["hexamod:FastForward","hexamod:GhostShield"],"picked":"hexamod:GhostOfSpirePast","floor":2.0},{"not_picked":["hexamod:ChargedBarrage","hexamod:HeatCrush"],"picked":"hexamod:HauntingEcho","floor":5.0},{"not_picked":["hexamod:FlamesFromBeyond","hexamod:DynamicBlow"],"picked":"hexamod:HeatCrush","floor":8.0},{"not_picked":["hexamod:SwordOfDarkness","hexamod:RetreatToShadows"],"picked":"hexamod:PhantomFireball","floor":9.0},{"not_picked":["hexamod:EtherealExpedition","hexamod:Incineration"],"picked":"hexamod:ThirdSeal","floor":10.0},{"not_picked":["hexamod:VolcanoVisage","hexamod:SwordOfDarkness"],"picked":"hexamod:FirstSeal","floor":11.0},{"not_picked":["hexamod:RadiantFlame","hexamod:HeatMetal"],"picked":"hexamod:ThermalTransfer","floor":11.0},{"not_picked":["hexamod:RadiantFlame","hexamod:SkipABeat"],"picked":"hexamod:SwordOfDarkness","floor":12.0},{"not_picked":["hexamod:GhostOfSpireFuture","hexamod:PhantomFireball"],"picked":"hexamod:ShieldOfDarkness","floor":12.0},{"not_picked":["hexamod:GhostOfSpireFuture","hexamod:SwordOfDarkness"],"picked":"hexamod:Hexaguard","floor":14.0},{"not_picked":["hexamod:BacktrackSmack","hexamod:GhostLash"],"picked":"hexamod:SecondSeal","floor":14.0},{"not_picked":["hexamod:NecessarySacrifice","hexamod:GhostLash"],"picked":"hexamod:VolcanoVisage","floor":15.0},{"not_picked":["hexamod:FastForward","hexamod:HeatCrush"],"picked":"hexamod:BurningTouch","floor":15.0},{"not_picked":["hexamod:VolcanoVisage","hexamod:ForkedFlame"],"picked":"hexamod:FifthSeal","floor":16.0},{"not_picked":["hexamod:VolcanoVisage","hexamod:FifthSeal"],"picked":"hexamod:HexaLevel","floor":16.0},{"not_picked":["hexamod:Hexaguard","hexamod:SwordOfDarkness"],"picked":"hexamod:BacktrackSmack+1","floor":19.0},{"not_picked":["hexamod:EtherealExpedition","hexamod:ThermalTransfer"],"picked":"hexamod:BurningTouch","floor":19.0},{"not_picked":["hexamod:HauntingEcho","hexamod:NightmareStrike+1"],"picked":"hexamod:ThermalTransfer","floor":20.0},{"not_picked":["hexamod:GhostLash","hexamod:GhostShield"],"picked":"hexamod:BurningTouch","floor":20.0},{"not_picked":["hexamod:ThirdSeal","hexamod:SecondSeal"],"picked":"hexamod:SixthSeal","floor":20.0},{"not_picked":["hexamod:Hexaguard","hexamod:SwordOfDarkness"],"picked":"hexamod:SoulSteal","floor":22.0},{"not_picked":["hexamod:HauntingEcho","hexamod:NecessarySacrifice"],"picked":"hexamod:GhostOfSpirePresent","floor":22.0},{"not_picked":["hexamod:SixthSeal","hexamod:ThirdSeal"],"picked":"hexamod:FourthSeal","floor":22.0},{"not_picked":["hexamod:EtherealExpedition","hexamod:NightmareStrike"],"picked":"hexamod:InspiringFlames","floor":23.0},{"not_picked":["hexamod:Firestarter","hexamod:GhostOfSpirePast"],"picked":"hexamod:BurningTouch","floor":23.0},{"not_picked":["hexamod:PhantomCloak","hexamod:GhostShield+1"],"picked":"hexamod:TimeWarp","floor":25.0},{"not_picked":["hexamod:SixthSeal","hexamod:SecondSeal"],"picked":"hexamod:FirstSeal","floor":26},{"not_picked":["hexamod:GhostOfSpirePast","hexamod:AdvancingGuard"],"picked":"hexamod:ThermalTransfer","floor":26},{"not_picked":["hexamod:NightmareGuise","hexamod:FastForward"],"picked":"hexamod:SoulSteal","floor":28},{"not_picked":["hexamod:RecurringNightmare","hexamod:HauntingEcho+1"],"picked":"hexamod:FlamesFromBeyond+1","floor":29},{"not_picked":["hexamod:HeatShield","hexamod:RecurringNightmare"],"picked":"hexamod:FourthSeal","floor":30},{"not_picked":["hexamod:GhostOfSpirePresent","hexamod:BacktrackSmack"],"picked":"hexamod:SoulSteal","floor":32},{"not_picked":["hexamod:UnlimitedPower","hexamod:GhostflameInferno"],"picked":"hexamod:UnleashSpirits","floor":33},{"not_picked":["hexamod:SwordOfDarkness+1","hexamod:NightmareGuise+1"],"picked":"hexamod:BacktrackSmack","floor":36},{"not_picked":["hexamod:Rewind","hexamod:FastForward+1"],"picked":"hexamod:BurningTouch+1","floor":39},{"not_picked":["hexamod:HeatCrush+1","hexamod:ThermalTransfer"],"picked":"hexamod:PhantomFireball+1","floor":42},{"not_picked":["hexamod:HeatMetal","hexamod:NecessarySacrifice"],"picked":"hexamod:DynamicBlow+1","floor":44},{"not_picked":["hexamod:SwordOfDarkness","hexamod:BurningTouch"],"picked":"hexamod:TimeOfNeed","floor":48},{"not_picked":["hexamod:HeatMetal+1","hexamod:FastForward"],"picked":"hexamod:GhostflameBarrier","floor":49}],"player_experience":581916,"relics_obtained":[{"floor":7.0,"key":"Nunchaku"},{"floor":10.0,"key":"Potion Belt"},{"floor":24.0,"key":"Whetstone"},{"floor":41,"key":"PreservedInsect"},{"floor":45,"key":"Singing Bowl"}],"event_choices":[{"damage_healed":0.0,"max_hp_gain":0.0,"max_hp_loss":0.0,"gold_gain":0.0,"event_name":"Big Fish","player_choice":"Box","floor":3.0,"gold_loss":0.0,"damage_taken":0.0,"relics_obtained":["War Paint"],"cards_obtained":["Regret"]},{"damage_healed":0.0,"max_hp_gain":0.0,"max_hp_loss":0.0,"gold_gain":0.0,"event_name":"Accursed Blacksmith","player_choice":"Rummage","floor":6.0,"gold_loss":0.0,"damage_taken":0.0,"relics_obtained":["WarpedTongs"],"cards_obtained":["Pain"]},{"damage_healed":0,"gold_gain":0,"player_choice":"Got Potions","damage_taken":0,"max_hp_gain":0,"max_hp_loss":0,"event_name":"Lab","floor":31,"gold_loss":0}],"is_beta":false,"boss_relics":[{"not_picked":["Calling Bell","Busted Crown"],"picked":"SlaversCollar"},{"not_picked":["Runic Dome","Tiny House"],"picked":"Cursed Key"}],"items_purged_floors":[11,11,44,44],"is_endless":false,"potions_floor_spawned":[5,8,10,14,20,23,28,30,39,48],"killed_by":"WA_ARCHETYPE_DIVINITY","ascension_level":0}}