{"host":"za1qviwhp34x909e","time":1613256339,"event":{"mods":["Act Like it!","BaseMod","Colored Map","Colored Powertips","Downfall","Hermit","Highlight Path","Hubris","Koishi","Marisa????????","Minty Spire (QoL Compilation)","Quick Restart","Reimu??????","Remilia??????","Replay The Spire","StSLib","The Cursed","The Disciple","The Hierophant","The Mystic","The Necromancer","The Runesmith","The Servant 0.9.4","The Wild Card"],"gold_per_floor":[110,110,126,126,146,146,156,156,179,179,197,197,211,229,229,332,332,345,345,345,356,371,396,411,411,411,436,436,469,483,499,499,603,603,623,623,121,121,136,136,136,161,188,235,235,261,278,305,317,341,341],"floor_reached":50,"language":"ENG","playtime":4364,"items_purged":["CommonCold"],"score":732,"play_id":"d950a9a4-31f1-4069-aeff-bf82f639fb58","local_time":"20210213164539","is_ascension_mode":false,"campfire_choices":[{"floor":6,"key":"DIG"},{"floor":10,"key":"REST"},{"floor":15,"key":"DIG"},{"floor":25,"key":"DIG"},{"floor":32,"key":"DIG"},{"floor":40,"key":"DIG"},{"floor":45,"key":"DIG"},{"floor":49,"key":"REST"}],"circlet_count":0,"master_deck":["Strike_S","Strike_S","Strike_S","Strike_S","Defend_S","Defend_S","Defend_S","Defend_S","KidneyShot","Exchange","Moonlight+1","ShatteredReality","Pot Of Greed","Pot Of Greed","Luminosity","InstantArmor+1","FanOfKnives","Rearm","Manipulate","Sunlight","Rearm+1","RitualDagger","Ricochet+1","Rearm","Deny","Pot Of Greed","Alleviate","GearUp","Ricochet","BottledTime","KillingDoll","BestPractice","SilverBlades","Secret Technique","WasteNot+1","SurpressingFire","ForgedInTime+1"],"relics":["Uniform","Shovel","Grinning Jar","hubris:HerbalPaste","PreservedInsect","The Courier","Runesmith:AutoHammer","Simple Rune","Black Star","ReplayTheSpireMod:Ring of Exchange","Ring of Fury","Bag of Preparation","White Beast Statue","Lantern","Meat on the Bone","hubris:MedicalManual","Omamori","Pantograph","BranchBurnRelic","Gremlin Horn","hubris:HollowSoul","Replay:Baseball","Question Card","Calipers","Toxic Egg 2","Bottled Flame","CatCart","hubris:64BitClover","hubris:ToyBattleship","Bottled Tornado","MawBank","Turnip"],"acts_visited":["Exordium","TheCity","TheBeyond"],"potions_floor_usage":[18,18,33,42,46,48,50,50,50],"damage_taken":[{"damage":1,"enemies":"2 Louse","floor":1,"turns":2},{"damage":0,"enemies":"Cultist","floor":3,"turns":2},{"damage":1,"enemies":"Jaw Worm","floor":5,"turns":2},{"damage":13,"enemies":"Gremlin Gang","floor":7,"turns":4},{"damage":0,"enemies":"Large Slime","floor":11,"turns":7},{"damage":0,"enemies":"Lots of Slimes","floor":13,"turns":4},{"damage":0,"enemies":"Looter","floor":14,"turns":3},{"damage":0,"enemies":"Slime Boss","floor":16,"turns":10},{"damage":5,"enemies":"2 Thieves","floor":18,"turns":3},{"damage":1,"enemies":"Chosen","floor":21,"turns":3},{"damage":3,"enemies":"3 Cultists","floor":22,"turns":3},{"damage":10,"enemies":"Slavers","floor":23,"turns":2},{"damage":7,"enemies":"Centurion and Healer","floor":24,"turns":4},{"damage":36,"enemies":"Book of Stabbing","floor":27,"turns":4},{"damage":14,"enemies":"Replay:Snechameleon","floor":29,"turns":5},{"damage":0,"enemies":"Cultist and Chosen","floor":30,"turns":2},{"damage":0,"enemies":"Chosen and Byrds","floor":31,"turns":5},{"damage":106,"enemies":"Champ","floor":33,"turns":15},{"damage":0,"enemies":"Orb Walker","floor":35,"turns":2},{"damage":2,"enemies":"3 Darklings","floor":39,"turns":2},{"damage":45,"enemies":"Nemesis","floor":42,"turns":7},{"damage":12,"enemies":"Orin","floor":44,"turns":6},{"damage":16,"enemies":"Giant Head","floor":46,"turns":6},{"damage":23,"enemies":"Transient","floor":47,"turns":5},{"damage":32,"enemies":"Reptomancer","floor":48,"turns":7},{"damage":38,"enemies":"Awakened One","floor":50,"turns":3}],"seed_played":"-3850853629407968673","potions_obtained":[{"floor":1,"key":"sneckomod:MuddlingPotion"},{"floor":3,"key":"Energy Potion"},{"floor":11,"key":"FearPotion"},{"floor":18,"key":"FearPotion"},{"floor":21,"key":"Energy Potion"},{"floor":23,"key":"FairyPotion"},{"floor":27,"key":"Block Potion"},{"floor":33,"key":"LiquidMemories"},{"floor":35,"key":"Dexterity Potion"},{"floor":42,"key":"DuplicationPotion"},{"floor":46,"key":"Weak Potion"},{"floor":48,"key":"Block Potion"}],"is_trial":false,"path_per_floor":["M","?","M","$","M","R","M","$","T","R","M","?","M","M","R_BF","B",null,"M","?","?","M","M","E","M","R","T","E","?","E","M","M","R","B",null,"M","?","$","?","M","R","?","E","T","?","R","E","M","E","R","B"],"character_chosen":"THE_SERVANT","items_purchased":["Grinning Jar","hubris:HerbalPaste","PreservedInsect","Replay:Baseball","BestPractice","SilverBlades","Question Card"],"campfire_rested":2,"item_purchase_floors":[4,4,4,37,37,37,37],"current_hp_per_floor":[46,46,46,16,18,18,11,11,11,30,36,36,42,47,47,53,65,61,55,55,59,61,54,53,53,53,35,35,39,42,48,48,13,65,65,62,62,62,60,60,50,40,40,34,34,48,43,29,47,0,0],"gold":341,"neow_bonus":"ONE_RARE_RELIC","is_daily":false,"chose_seed":false,"campfire_upgraded":0,"win_rate":0.0,"timestamp":1613256339,"path_taken":["M","?","M","?","M","R","M","?","T","R","M","?","M","?","R_BF","BOSS","M","?","?","M","M","E","M","R","T","E","?","E","M","M","R","BOSS","M","?","$","?","M","R","?","E","T","?","R","E","M","E","R","BOSS"],"items_purchased_type":["Relic","Relic","Relic","Relic","Card","Card","Relic"],"build_version":"2020-12-22","purchased_purges":1,"victory":false,"max_hp_per_floor":[65,65,65,65,65,65,65,65,65,65,65,65,65,65,65,65,65,65,65,65,65,65,65,65,65,65,65,65,65,65,65,65,65,65,65,62,62,62,62,62,62,62,62,62,62,62,62,62,62,62,62],"card_choices":[{"not_picked":["Sabotage","Potential"],"picked":"Moonlight","floor":1},{"not_picked":["Rewind","Revamp"],"picked":"ShatteredReality","floor":3},{"not_picked":["Revamp","Moonlight"],"picked":"Luminosity","floor":5},{"not_picked":["SpecialFormula","Replace"],"picked":"InstantArmor","floor":7},{"not_picked":["Starlight","Moondial"],"picked":"FanOfKnives","floor":11},{"not_picked":["ReturningBlade","LightFlow"],"picked":"Rearm","floor":13},{"not_picked":["Collapse","Starlight"],"picked":"Manipulate","floor":14},{"not_picked":["Solidify","FlawlessForm"],"picked":"Sunlight","floor":16},{"not_picked":["Spin","Rewind"],"picked":"Rearm+1","floor":18},{"not_picked":["Unruled","DoubleEdge"],"picked":"Ricochet+1","floor":21},{"not_picked":["DoubleEdge","Potential"],"picked":"Rearm","floor":22},{"not_picked":["Advance","DoubleEdge"],"picked":"Deny","floor":23},{"not_picked":["Defy","TimeWarp"],"picked":"Alleviate","floor":24},{"not_picked":["TimeWarp","Alleviate","Revamp"],"picked":"SKIP","floor":27},{"not_picked":["Unruled","FastForward"],"picked":"GearUp","floor":29},{"not_picked":["Revamp","Potential"],"picked":"Ricochet","floor":30},{"not_picked":["Collapse","Potential+1"],"picked":"BottledTime","floor":31},{"not_picked":["Sunlight","Deny"],"picked":"KillingDoll","floor":33},{"not_picked":["Unruled","Starlight","Desolation+1"],"picked":"SKIP","floor":35},{"not_picked":["DualDimension+1","Gouge","Potential+1","Reset+1"],"picked":"SKIP","floor":39},{"not_picked":["Sadistic Nature","Transmutation","hubris:Ssssneak"],"picked":"Secret Technique","floor":41},{"not_picked":["Rearm+1","Rewind+1","InstantArmor+1"],"picked":"WasteNot+1","floor":42},{"not_picked":["Manipulate+1","Collapse","DualDimension+1","Defy+1"],"picked":"SKIP","floor":46},{"not_picked":["Rearm+1","Potential","Defy+1"],"picked":"SurpressingFire","floor":47},{"not_picked":["Starlight+1","Unruled","Manipulate+1"],"picked":"ForgedInTime+1","floor":48}],"player_experience":699108,"relics_obtained":[{"floor":6,"key":"The Courier"},{"floor":9,"key":"Runesmith:AutoHammer"},{"floor":15,"key":"Simple Rune"},{"floor":20,"key":"ReplayTheSpireMod:Ring of Exchange"},{"floor":20,"key":"Ring of Fury"},{"floor":23,"key":"Bag of Preparation"},{"floor":23,"key":"White Beast Statue"},{"floor":25,"key":"Lantern"},{"floor":26,"key":"Meat on the Bone"},{"floor":27,"key":"hubris:MedicalManual"},{"floor":27,"key":"Dead Branch"},{"floor":29,"key":"Omamori"},{"floor":29,"key":"Pantograph"},{"floor":32,"key":"Gremlin Horn"},{"floor":40,"key":"Calipers"},{"floor":42,"key":"Toxic Egg 2"},{"floor":42,"key":"Bottled Flame"},{"floor":44,"key":"CatCart"},{"floor":45,"key":"hubris:64BitClover"},{"floor":46,"key":"hubris:ToyBattleship"},{"floor":46,"key":"Bottled Tornado"},{"floor":48,"key":"MawBank"},{"floor":48,"key":"Turnip"}],"event_choices":[{"damage_healed":0,"gold_gain":0,"player_choice":"Upgraded","damage_taken":0,"max_hp_gain":0,"max_hp_loss":0,"event_name":"Upgrade Shrine","floor":2,"gold_loss":0,"cards_upgraded":["Moonlight"]},{"damage_healed":0,"gold_gain":0,"player_choice":"Forge","damage_taken":0,"max_hp_gain":0,"max_hp_loss":0,"event_name":"Accursed Blacksmith","floor":12,"gold_loss":0,"cards_upgraded":["InstantArmor"]},{"damage_healed":0,"gold_gain":0,"player_choice":"Joined the Cult","damage_taken":6,"max_hp_gain":0,"max_hp_loss":0,"event_name":"Nest","floor":19,"gold_loss":0,"cards_obtained":["RitualDagger"]},{"damage_healed":0,"gold_gain":0,"player_choice":"Simplicity","damage_taken":0,"max_hp_gain":0,"max_hp_loss":0,"event_name":"Back to Basics","floor":28,"gold_loss":0,"cards_upgraded":["Strike_S","Strike_S","Strike_S","Strike_S","Defend_S","Defend_S","Defend_S","Defend_S"]},{"damage_healed":0,"gold_gain":0,"player_choice":"Max HP","damage_taken":0,"max_hp_gain":0,"max_hp_loss":3,"event_name":"Winding Halls","floor":36,"gold_loss":0},{"damage_healed":0,"gold_gain":0,"player_choice":"Memory 3","damage_taken":10,"max_hp_gain":0,"max_hp_loss":0,"event_name":"SensoryStone","floor":41,"gold_loss":0},{"damage_healed":0,"gold_gain":0,"player_choice":"Fight","damage_taken":0,"max_hp_gain":0,"max_hp_loss":0,"event_name":"OrinTheCat","floor":44,"gold_loss":0}],"is_beta":false,"boss_relics":[{"not_picked":["hubris:GrandSneckoEye","Snecko Eye"],"picked":"Black Star"},{"not_picked":["Runic Pyramid","ChewingGum"],"picked":"hubris:HollowSoul"}],"items_purged_floors":[37],"is_endless":false,"potions_floor_spawned":[1,3,11,18,21,23,24,27,29,30,31,33,35,39,42,44,46,47,48],"killed_by":"Awakened One","ascension_level":0}}