{"host":"ywif2ugnepgiw45s","time":1613176803,"event":{"mods":["Act Like it!","BaseMod","Better Skull","Downfall","Elementarium","GifTheSpireLib","Hermit","Lobotomy","Minty Spire (QoL Compilation)","READ ME - Guardian Mod","Shade Mod","Shop Mod","StSLib","The Cursed","The Exalted","The Jungle","The Servant 0.9.4"],"gold_per_floor":[99,99,99,274,288,323,323,223,257,274,304,404,304,304,318,418,418,418,434,121,134,144,163,163,163,192,210,525,541,541,541,552,656,656,656,669,688,788,798,798,798,830,730,112,128,140,140,171,184,184,184,211,8,8,8,8],"floor_reached":57,"language":"ENG","playtime":3756,"items_purged":["Bromod:Strike_Bro","Bromod:Strike_Bro"],"score":1482,"play_id":"9a589667-760d-40e5-80d1-b655d5d83b8f","local_time":"20210212194003","is_ascension_mode":true,"campfire_choices":[{"floor":1,"key":"RECALL"},{"data":"Bromod:HeatedCharge","floor":8,"key":"SMITH"},{"floor":13,"key":"REST"},{"data":"Bromod:Frostbite","floor":18,"key":"SMITH"},{"data":"Bromod:QuickThinking","floor":25,"key":"SMITH"},{"data":"Bromod:ContagiousSpread","floor":30,"key":"SMITH"},{"data":"Bromod:RendingStrike","floor":35,"key":"SMITH"},{"data":"Bromod:BulletJump","floor":40,"key":"SMITH"},{"data":"Bromod:Provoked","floor":43,"key":"SMITH"},{"data":"Bromod:ToxicBarrage","floor":47,"key":"SMITH"},{"data":"Bromod:Adaptation","floor":54,"key":"SMITH"}],"circlet_count":0,"master_deck":["Bromod:Strike_Bro","Bromod:Defend_Bro","Bromod:Defend_Bro","Bromod:Defend_Bro","Bromod:Defend_Bro","Bromod:SlashDash","Bromod:SlashDash","Bromod:SlashDash","Bromod:HeatedCharge+1","Bromod:Reflection+1","Bromod:Provoked+1","Bromod:QuickThinking+1","Bromod:Frostbite+1","Bromod:BulletJump+1","Bromod:ContagiousSpread","Bromod:SpeedTrigger+1","Bromod:ContagiousSpread+1","Bromod:SlashDash","Bromod:NoReturn+1","Bromod:RendingStrike+1","Bromod:EnergySiphon+1","Bromod:ArchwingLauncher+1","Bromod:ToxicBarrage+1","Bromod:Adaptation+1"],"relics":["Bromod:Ordis","Bromod:AscarisDevice","PreservedInsect","downfall:ShatteredFragment","Centennial Puzzle","Pear","downfall:HeartBlessingRed","Smiling Mask","Bromod:ArcaneTrickery","downfall:HeartBlessingGreen","Philosopher\u0027s Stone","Question Card","Kunai","White Beast Statue","Velvet Choker","Regal Pillow","downfall:HeartBlessingBlue","Ornamental Fan","MerchantsRug","Bottled Lightning","Akabeko","Art of War"],"acts_visited":["Exordium","TheCity","TheBeyond","TheEnding"],"potions_floor_usage":[16,16,36,55,56],"damage_taken":[{"damage":5,"enemies":"Small Slimes","floor":5,"turns":3},{"damage":25,"enemies":"Gremlin Nob","floor":6,"turns":4},{"damage":4,"enemies":"3 Sentries","floor":9,"turns":7},{"damage":0,"enemies":"Jaw Worm","floor":10,"turns":2},{"damage":20,"enemies":"Gremlin Nob","floor":11,"turns":3},{"damage":0,"enemies":"Cultist","floor":15,"turns":3},{"damage":42,"enemies":"DF_ARCHETYPE_STREAMLINE","floor":16,"turns":14},{"damage":8,"enemies":"Chosen","floor":19,"turns":3},{"damage":3,"enemies":"downfall:FleeingMerchant","floor":20,"turns":4},{"damage":19,"enemies":"Snake Plant","floor":21,"turns":3},{"damage":7,"enemies":"Snecko","floor":22,"turns":3},{"damage":0,"enemies":"3 Cultists","floor":23,"turns":4},{"damage":0,"enemies":"Gremlin Leader","floor":26,"turns":5},{"damage":1,"enemies":"Cultist and Chosen","floor":27,"turns":6},{"damage":0,"enemies":"downfall:FleeingMerchant","floor":28,"turns":4},{"damage":0,"enemies":"Chosen and Byrds","floor":29,"turns":5},{"damage":19,"enemies":"Snecko","floor":32,"turns":3},{"damage":0,"enemies":"WA_ARCHETYPE_CALM","floor":33,"turns":7},{"damage":0,"enemies":"3 Darklings","floor":36,"turns":5},{"damage":0,"enemies":"Orb Walker","floor":37,"turns":3},{"damage":15,"enemies":"Transient","floor":39,"turns":5},{"damage":3,"enemies":"Reptomancer","floor":42,"turns":5},{"damage":2,"enemies":"3 Darklings","floor":45,"turns":4},{"damage":16,"enemies":"4 Shapes","floor":46,"turns":4},{"damage":0,"enemies":"Giant Head","floor":48,"turns":6},{"damage":5,"enemies":"Jaw Worm Horde","floor":49,"turns":4},{"damage":19,"enemies":"IC_BLOCK_ARCHETYPE","floor":50,"turns":7},{"damage":0,"enemies":"downfall:CharBossMerchant","floor":52,"turns":6},{"damage":17,"enemies":"downfall:NeowBoss","floor":55,"turns":12},{"damage":17,"enemies":"downfall:NeowBossFinal","floor":56,"turns":10}],"seed_played":"-3412566917424074641","potions_obtained":[{"floor":10,"key":"hexamod:SoulburnPotion"},{"floor":11,"key":"LiquidMemories"},{"floor":15,"key":"EssenceOfSteel"},{"floor":16,"key":"GamblersBrew"},{"floor":21,"key":"SkillPotion"},{"floor":27,"key":"Block Potion"},{"floor":36,"key":"Swift Potion"},{"floor":46,"key":"Dexterity Potion"}],"is_trial":false,"path_per_floor":["R","?","?","?","M","E","T","R","E","M","E","?","R","?","M","B",null,"R","M","$","M","M","M","T","R","E","M","$","M","R","?","M","B",null,"R","M","M","?","M","R","T","E","R","$","M","M","R","E","M","B",null,"E","$","R","B","B",null],"character_chosen":"THE_EXALTED","items_purchased":["Question Card","Ornamental Fan","Bromod:ToxicBarrage","MerchantsRug","CultistPotion","Art of War"],"campfire_rested":1,"item_purchase_floors":[20,44,44,44,44,53],"current_hp_per_floor":[75,80,65,65,60,35,45,45,41,41,21,21,48,48,48,6,90,90,82,79,60,53,53,53,53,53,52,52,52,52,52,33,33,90,90,90,90,90,75,75,75,72,82,82,80,64,64,64,59,40,100,100,100,100,83,66],"gold":8,"neow_bonus":"RANDOM_COMMON_RELIC","is_daily":false,"chose_seed":false,"campfire_upgraded":9,"win_rate":0.0,"timestamp":1613176803,"path_taken":["R","?","?","?","M","E","T","R","E","M","E","?","R","?","M","BOSS","R","M","$","M","M","M","T","R","E","?","$","M","R","?","M","BOSS","R","M","M","?","M","R","T","E","R","?","M","M","R","E","M","BOSS","E","$","R","BOSS","BOSS"],"items_purchased_type":["Relic","Relic","Card","Relic","Potion","Relic"],"build_version":"2020-12-22","purchased_purges":2,"victory":true,"max_hp_per_floor":[75,80,80,80,80,80,90,90,90,90,90,90,90,90,90,90,90,90,90,90,90,90,90,90,90,90,90,90,90,90,90,90,90,90,90,90,90,90,90,90,90,90,100,100,100,100,100,100,100,100,100,100,100,100,100,100],"card_choices":[{"not_picked":["Bromod:FastHands","Bromod:PressurePoint","Bromod:FormaBlueprint"],"picked":"SKIP","floor":5},{"not_picked":["Bromod:Serration","Bromod:SteelFiber"],"picked":"Bromod:HeatedCharge","floor":6},{"not_picked":["Bromod:SteelFiber","Bromod:SlashDash"],"picked":"Bromod:Reflection","floor":9},{"not_picked":["Bromod:Rejuvenation","Bromod:PressurePoint"],"picked":"Bromod:Provoked","floor":10},{"not_picked":["Bromod:EnergySiphon","Bromod:Intensify"],"picked":"Bromod:QuickThinking","floor":11},{"not_picked":["Bromod:PointBlank","Bromod:Foundry","Bromod:SteelCharge"],"picked":"SKIP","floor":15},{"not_picked":["Bromod:ConditionOverload","Bromod:DriftingContact"],"picked":"Bromod:Frostbite","floor":16},{"not_picked":["Bromod:SlipMagazine","Bromod:OrganShatter+1","Bromod:Foundry"],"picked":"SKIP","floor":19},{"not_picked":["Bromod:Vitality","Bromod:FormaBlueprint","Bromod:SteelFiber"],"picked":"SKIP","floor":20},{"not_picked":["Bromod:LethalTorrent","Bromod:SlipMagazine","Bromod:HeatedCharge","Bromod:Foundry"],"picked":"SKIP","floor":21},{"not_picked":["Bromod:ShatteringImpact+1","Bromod:OrganShatter+1","Bromod:PointStrike"],"picked":"Bromod:BulletJump","floor":22},{"not_picked":["Bromod:FastHands+1","Bromod:QuickDraw","Bromod:SteelFiber","Bromod:PointBlank"],"picked":"SKIP","floor":23},{"not_picked":["Bromod:SlashDash","Bromod:SpeedTrigger+1","Bromod:KillingBlow"],"picked":"Bromod:ContagiousSpread","floor":26},{"not_picked":["Bromod:QuickDraw","Bromod:ShatteringImpact","Bromod:Redirection"],"picked":"Bromod:SpeedTrigger+1","floor":27},{"not_picked":["Bromod:Patagium","Bromod:Reflection+1","Bromod:BodyCount"],"picked":"Bromod:ContagiousSpread","floor":28},{"not_picked":["Bromod:PointStrike","Bromod:Provoked+1","Bromod:FinishingTouch"],"picked":"Bromod:SlashDash","floor":29},{"not_picked":["Bromod:ContagiousSpread","Bromod:Maglev","Bromod:PressurePoint"],"picked":"Bromod:NoReturn+1","floor":32},{"not_picked":["Bromod:Adaptation","Bromod:ExaltedBlade","Bromod:HellsChamber"],"picked":"Bromod:RendingStrike","floor":33},{"not_picked":["Bromod:Reflection","Bromod:PressurePoint+1","Bromod:Redirection","Bromod:Foundry"],"picked":"SKIP","floor":36},{"not_picked":["Bromod:FastHands+1","Bromod:OrganShatter","Bromod:PressurePoint+1"],"picked":"Bromod:EnergySiphon+1","floor":37},{"not_picked":["Bromod:PressurePoint+1","Bromod:Reflection","Bromod:ReflexCoil"],"picked":"Bromod:ArchwingLauncher+1","floor":39},{"not_picked":["Bromod:TacticalPump+1","Bromod:SlashDash","Bromod:Foundry","Bromod:Reflection+1"],"picked":"SKIP","floor":42},{"not_picked":["Bromod:OrganShatter","Bromod:NoReturn+1","Bromod:RelentlessCombination+1","Bromod:FocusEnergy"],"picked":"SKIP","floor":45},{"not_picked":["Bromod:OrganShatter+1","Bromod:TacticalPump+1","Bromod:Reflection","Bromod:SteelCharge"],"picked":"SKIP","floor":46},{"not_picked":["Bromod:Redirection+1","Bromod:HornetStrike+1","Bromod:SlipMagazine+1","Bromod:EnergySiphon"],"picked":"SKIP","floor":48},{"not_picked":["Bromod:Provoked","Bromod:SteelFiber","Bromod:NoReturn","Bromod:PressurePoint"],"picked":"SKIP","floor":49},{"not_picked":["Bromod:PointBlank+1","Bromod:ShatteringImpact+1","Bromod:Vitality"],"picked":"Bromod:Adaptation","floor":52}],"player_experience":1791916,"relics_obtained":[{"floor":6,"key":"Centennial Puzzle"},{"floor":7,"key":"Pear"},{"floor":9,"key":"Smiling Mask"},{"floor":11,"key":"Bromod:ArcaneTrickery"},{"floor":24,"key":"Kunai"},{"floor":26,"key":"White Beast Statue"},{"floor":42,"key":"Regal Pillow"},{"floor":48,"key":"Bottled Lightning"},{"floor":52,"key":"Akabeko"}],"event_choices":[{"damage_healed":0,"gold_gain":0,"player_choice":"Donut","damage_taken":0,"max_hp_gain":5,"max_hp_loss":0,"event_name":"Big Fish","floor":2,"gold_loss":0}],"is_beta":false,"boss_relics":[{"not_picked":["SlaversCollar","Bromod:ArcaneBarrier"],"picked":"Philosopher\u0027s Stone"},{"not_picked":["Empty Cage","Snecko Eye"],"picked":"Velvet Choker"}],"items_purged_floors":[20,53],"is_endless":false,"potions_floor_spawned":[10,11,15,16,21,23,26,27,28,29,32,33,36,37,39,42,45,46,48,49,52],"ascension_level":2}}