{"host":"KYO","time":1613196757,"event":{"mods":["ATMod(°¢èªMod)","BaseMod","Minty Spire (QoL Compilation)","Permanent Neow","Shop Mod","StSLib","SuperFastMode","TestMod","[IsaacMod]ÒÔÈö¼âËþ","¡¾ÒÅÎï¿¨ÅÆ¡¿REMEMod"],"gold_per_floor":[158,158,558,593,593,663,663,717,717,717,781,781,159,287,287,417,417,525,619,683,683,351,403,403,488,488,641,704,763,763,817,817,991,991,1068,857,1001,1151,1101,1174,1174,1328,1351,1351,1462,1245,1278,1390,1390,1438,1534,1534,1534,1312,1439,1463],"floor_reached":57,"language":"ZHS","playtime":1785,"items_purged":["Strike_R","Defend_R","SuicideKing","Bash","Strike_R","Strike_R"],"score":3293,"play_id":"13af3fc9-2046-43b1-8ae2-6fb2f407b971","local_time":"20210213141237","is_ascension_mode":true,"campfire_choices":[{"data":"AT_EmpoweredMortalDraw","floor":7.0,"key":"SMITH"},{"data":"HandOfGreed","floor":10.0,"key":"SMITH"},{"data":"REME_Scribble","floor":12.0,"key":"SMITH"},{"data":"Disarm","floor":15.0,"key":"SMITH"},{"data":"Shrug It Off","floor":24.0,"key":"SMITH"},{"data":"Double Tap","floor":32,"key":"SMITH"},{"floor":41,"key":"RECALL"},{"data":"Defend_R","floor":44,"key":"SMITH"},{"data":"Evolve","floor":49,"key":"SMITH"},{"data":"Defend_R","floor":53,"key":"SMITH"}],"circlet_count":0,"master_deck":["AscendersBane","Strike_R","Defend_R","Defend_R+1","Defend_R+1","HandOfGreed+1","AT_EmpoweredMortalDraw+1","REME_Scribble+1","Disarm+1","Uppercut+1","Shrug It Off+1","Double Tap+1","Sword Boomerang+1","Evolve+1"],"relics":["Burning Blood","AT_ATBox","REME_ComplimentaryCards","testmod-TestBox","Void","AT_RedTearstoneRing","testmod-IndustrialRevolution","Smiling Mask","MerchantsRug","testmod-Charity","AT_MibuBalloonWealth","Molten Egg 2","AT_TrinityForce","Mummified Hand","testmod-RainbowHikingShoes","Du-Vu Doll","MoneyPower","Thread and Needle","TheBean","ClockworkSouvenir","Nunchaku"],"acts_visited":["Exordium","TheCity","TheBeyond","TheEnding"],"potions_floor_usage":[31,33,56,56],"damage_taken":[{"damage":0.0,"enemies":"2 Louse","floor":1.0,"turns":3.0},{"damage":9.0,"enemies":"Jaw Worm","floor":4.0,"turns":4.0},{"damage":15.0,"enemies":"3 Sentries","floor":6.0,"turns":6.0},{"damage":32.0,"enemies":"Lagavulin","floor":8.0,"turns":5.0},{"damage":2.0,"enemies":"Small Slimes","floor":11.0,"turns":4.0},{"damage":0.0,"enemies":"3 Sentries","floor":14.0,"turns":2.0},{"damage":20.0,"enemies":"Hexaghost","floor":16.0,"turns":9.0},{"damage":3.0,"enemies":"3 Byrds","floor":18.0,"turns":2.0},{"damage":5.0,"enemies":"Chosen","floor":20.0,"turns":6.0},{"damage":24.0,"enemies":"Book of Stabbing","floor":23.0,"turns":4.0},{"damage":30.0,"enemies":"Shelled Parasite and Fungi","floor":25.0,"turns":2.0},{"damage":3.0,"enemies":"Gremlin Leader","floor":27.0,"turns":5.0},{"damage":18.0,"enemies":"Snecko","floor":28.0,"turns":3.0},{"damage":5.0,"enemies":"Snake Plant","floor":29.0,"turns":3.0},{"damage":3,"enemies":"REME_1_Revenger","floor":31,"turns":3},{"damage":0,"enemies":"Collector","floor":33,"turns":2},{"damage":30,"enemies":"Orb Walker","floor":35,"turns":4},{"damage":17,"enemies":"Mind Bloom Boss Battle","floor":37,"turns":8},{"damage":27,"enemies":"2 Orb Walkers","floor":38,"turns":3},{"damage":11,"enemies":"Nemesis","floor":40,"turns":5},{"damage":3,"enemies":"Reptomancer","floor":42,"turns":3},{"damage":5,"enemies":"3 Shapes","floor":45,"turns":2},{"damage":0,"enemies":"Writhing Mass","floor":47,"turns":1},{"damage":0,"enemies":"Jaw Worm Horde","floor":48,"turns":3},{"damage":24,"enemies":"Time Eater","floor":50,"turns":6},{"damage":85,"enemies":"Donu and Deca","floor":51,"turns":5},{"damage":1,"enemies":"Shield and Spear","floor":55,"turns":5},{"damage":22,"enemies":"The Heart","floor":56,"turns":6}],"seed_played":"2491365304953965084","potions_obtained":[{"floor":1.0,"key":"SneckoOil"},{"floor":8.0,"key":"testmod-TimePotion"},{"floor":14.0,"key":"REME_GoldPotion"},{"floor":23.0,"key":"Explosive Potion"},{"floor":25.0,"key":"Energy Potion"},{"floor":28.0,"key":"DuplicationPotion"},{"floor":31,"key":"REME_GoldPotion"},{"floor":33,"key":"GamblersBrew"},{"floor":55,"key":"ElixirPotion"}],"is_trial":false,"path_per_floor":["M","?","?","M","?","E","R","E","T","R","M","R","$","E","R","B",null,"M","?","M","T","$","E","R","M","T","E","M","M","?","E","R","B",null,"M","$","?","?","$","E","R","E","T","R","M","$","M","M","R","B","B",null,"R","$","E","B",null],"character_chosen":"IRONCLAD","items_purchased":["MerchantsRug","testmod-Charity","AT_MibuBalloonWealth","Disarm","Mummified Hand","Habit","testmod-TimePotion","ClockworkSouvenir","AT_SpeedBoots"],"campfire_rested":0,"item_purchase_floors":[13,13,13,13,22,36,36,46,54],"current_hp_per_floor":[74,74,74,71,45,36,36,12,12,12,18,18,18,29,29,21,73,84,70,77,77,77,64,64,47,47,59,53,60,17,25,25,39,127,110,113,111,98,98,99,99,111,112,112,121,121,132,146,146,133,61,189,189,189,202,190],"gold":1463,"neow_bonus":"REMOVE_CARD","is_daily":false,"chose_seed":false,"campfire_upgraded":9,"win_rate":0.0,"timestamp":1613196757,"path_taken":["M","?","?","M","?","E","R","E","T","R","?","R","$","E","R","BOSS","M","?","M","?","$","E","R","M","T","E","M","?","?","E","R","BOSS","M","$","?","?","$","E","R","E","T","R","M","$","M","M","R","BOSS","BOSS","R","$","E","BOSS"],"items_purchased_type":["Relic","Relic","Relic","Card","Relic","Relic","Potion","Relic","Relic"],"build_version":"2020-12-18","purchased_purges":6,"victory":true,"max_hp_per_floor":[75,75,75,75,75,75,75,77,77,77,79,79,79,84,84,90,90,98,99,105,105,105,110,110,117,117,126,132,138,143,148,148,156,156,163,166,175,183,183,189,189,198,199,199,207,207,212,220,220,225,232,232,232,232,240,244],"card_choices":[{"not_picked":[],"picked":"SuicideKing","floor":0.0},{"not_picked":["Armaments","Anger","Thunderclap"],"picked":"SKIP","floor":1.0},{"not_picked":["AT_Dispersion","Headbutt","Searing Blow"],"picked":"SKIP","floor":4.0},{"not_picked":["Shrug It Off","Uppercut"],"picked":"REME_Scribble","floor":6.0},{"not_picked":["REME_FearOfPain","REME_Scribble","Armaments"],"picked":"SKIP","floor":8.0},{"not_picked":["Sword Boomerang","Dual Wield","Combust"],"picked":"SKIP","floor":11.0},{"not_picked":["Clothesline+1","AT_ManFootWork"],"picked":"Uppercut+1","floor":14.0},{"not_picked":["Rupture","Bloodletting"],"picked":"Shrug It Off","floor":18.0},{"not_picked":["Blood for Blood+1","Clothesline+1","Shrug It Off"],"picked":"SKIP","floor":20.0},{"not_picked":["Armaments","Body Slam+1","Rage"],"picked":"SKIP","floor":23.0},{"not_picked":["Thunderclap+1","Carnage+1","True Grit"],"picked":"SKIP","floor":25.0},{"not_picked":["Hemokinesis+1","Headbutt+1","AT_BodySlamDance"],"picked":"SKIP","floor":27.0},{"not_picked":["Clothesline+1","Shrug It Off"],"picked":"Double Tap","floor":28.0},{"not_picked":["Flex","Clash+1","Metallicize"],"picked":"SKIP","floor":29.0},{"not_picked":["Double Tap","Iron Wave+1","Twin Strike+1"],"picked":"SKIP","floor":31},{"not_picked":["Clash+1","Headbutt+1","AT_BodySlamDance"],"picked":"SKIP","floor":35},{"not_picked":["Havoc","Clash+1"],"picked":"Sword Boomerang+1","floor":40},{"not_picked":["Uppercut+1","Feel No Pain","AT_BodySlamDance"],"picked":"SKIP","floor":42},{"not_picked":["Twin Strike+1","Havoc","True Grit"],"picked":"SKIP","floor":45},{"not_picked":["Warcry","REME_FearOfPain+1"],"picked":"Evolve","floor":47},{"not_picked":["Pommel Strike+1","Twin Strike+1","AT_DrawKnifeCut+1"],"picked":"SKIP","floor":48},{"not_picked":["True Grit","Anger+1","Shrug It Off"],"picked":"SKIP","floor":55}],"player_experience":768680,"relics_obtained":[{"floor":6.0,"key":"AT_RedTearstoneRing"},{"floor":8.0,"key":"testmod-IndustrialRevolution"},{"floor":9.0,"key":"Smiling Mask"},{"floor":14.0,"key":"Molten Egg 2"},{"floor":23.0,"key":"testmod-RainbowHikingShoes"},{"floor":26.0,"key":"Du-Vu Doll"},{"floor":27.0,"key":"D4"},{"floor":31,"key":"SatanicBible"},{"floor":34,"key":"MawBank"},{"floor":34,"key":"Toy Ornithopter"},{"floor":37,"key":"MoneyPower"},{"floor":38,"key":"Thread and Needle"},{"floor":40,"key":"AT_BellDemon"},{"floor":42,"key":"TheBean"},{"floor":43,"key":"testmod-AssaultLearning"},{"floor":55,"key":"Nunchaku"}],"event_choices":[{"damage_healed":0.0,"max_hp_gain":0.0,"max_hp_loss":0.0,"gold_gain":0.0,"event_name":"Liars Game","player_choice":"Ignored","floor":2.0,"gold_loss":0.0,"damage_taken":0.0},{"damage_healed":0.0,"max_hp_gain":0.0,"max_hp_loss":0.0,"gold_gain":400.0,"event_name":"¶÷ÂåË¹µÄÅÌ×Ó","player_choice":"Sell","floor":3.0,"relics_lost":["HushsDoor"],"gold_loss":0.0,"damage_taken":0.0},{"damage_healed":0.0,"max_hp_gain":0.0,"max_hp_loss":0.0,"gold_gain":0.0,"event_name":"Scrap Ooze","player_choice":"Success","floor":5.0,"gold_loss":0.0,"damage_taken":26.0,"relics_obtained":["StrikeDummy"]},{"damage_healed":0.0,"max_hp_gain":5.0,"max_hp_loss":0.0,"gold_gain":0.0,"event_name":"Forgotten Altar","player_choice":"Shed Blood","floor":30.0,"gold_loss":0.0,"damage_taken":48.0},{"damage_healed":0,"gold_gain":0,"player_choice":"Fight","damage_taken":0,"max_hp_gain":0,"max_hp_loss":0,"event_name":"MindBloom","floor":37,"gold_loss":0},{"damage_healed":0,"gold_gain":0,"player_choice":"Fight","damage_taken":0,"max_hp_gain":0,"max_hp_loss":0,"event_name":"Mysterious Sphere","floor":38,"gold_loss":0}],"is_beta":true,"boss_relics":[{"not_picked":["Runic Pyramid","testmod-HarvestTotem"],"picked":"AT_TrinityForce"},{"not_picked":["testmod-CardMagician","Runic Dome"],"picked":"REME_LowDesire"}],"items_purged_floors":[13,22,36,39,46,54],"is_endless":false,"potions_floor_spawned":[1,8,14,23,25,28,31,33,38,40,55],"ascension_level":20}}