{"host":"erogqkeozdzdhb46","time":1613258944,"event":{"mods":["AchievementEnabler","BaseMod","Bestiary","Colored Powertips","Minty Spire (QoL Compilation)","Relic Stats","StSLib","Together in Spire"],"gold_per_floor":[114,125,138,138,63,63,92,92,115,142,142,153,173,185,185,281,281,301,305,317,317,328,338,338,350,350,385,397,422,442,474,474,576,576,595,613,613,41,41,71,71,82,107,125,143,170,170,181,181,181],"floor_reached":51,"language":"ENG","playtime":5534,"items_purged":[],"score":685,"play_id":"0947a660-7c36-478b-9651-0cc57445d1d8","local_time":"20210213172904","is_ascension_mode":false,"campfire_choices":[{"data":"Noxious Fumes","floor":6.0,"key":"SMITH"},{"data":"Footwork","floor":8.0,"key":"SMITH"},{"data":"Bouncing Flask","floor":15.0,"key":"SMITH"},{"data":"Tactician","floor":24.0,"key":"SMITH"},{"floor":32.0,"key":"REST"},{"floor":47,"key":"REST"},{"floor":49,"key":"REST"}],"circlet_count":0,"master_deck":["Strike_G","Strike_G","Strike_G","Strike_G","Strike_G","Defend_G","Defend_G+1","Defend_G","Defend_G","Defend_G","Survivor+1","Neutralize","Infinite Blades","Bouncing Flask+1","Footwork+1","Noxious Fumes+1","Tactician+1","Heel Hook","Prepared","Die Die Die","Flying Knee","After Image","RitualDagger","Finisher","Slice","Terror","Corpse Explosion","Acrobatics","Riddle With Holes+1","Leg Sweep","A Thousand Cuts","Slice","Blade Dance+1","Acrobatics","Swift Strike","Swift Strike","Slice","Pain","Calculated Gamble","Bouncing Flask+1","Slice+1"],"relics":["Runic Pyramid","MealTicket","Blood Vial","Strawberry","Sozu","HornCleat","Pantograph","Snake Skull","Anchor","Busted Crown","Paper Crane","Sling","Lantern","Ice Cream","WarpedTongs","Ancient Tea Set","Molten Egg 2"],"acts_visited":[],"potions_floor_usage":[42,50],"damage_taken":[{"damage":2.0,"enemies":"Small Slimes","floor":1.0,"turns":2.0},{"damage":0.0,"enemies":"Jaw Worm","floor":2.0,"turns":2.0},{"damage":0.0,"enemies":"2 Louse","floor":3.0,"turns":2.0},{"damage":0.0,"enemies":"3 Sentries","floor":7.0,"turns":3.0},{"damage":0.0,"enemies":"Lagavulin","floor":10.0,"turns":4.0},{"damage":0.0,"enemies":"Large Slime","floor":12.0,"turns":2.0},{"damage":0.0,"enemies":"3 Louse","floor":13.0,"turns":2.0},{"damage":0.0,"enemies":"Lots of Slimes","floor":14.0,"turns":2.0},{"damage":10.0,"enemies":"The Guardian","floor":16.0,"turns":6.0},{"damage":5.0,"enemies":"3 Byrds","floor":18.0,"turns":3.0},{"damage":2.0,"enemies":"2 Thieves","floor":19.0,"turns":2.0},{"damage":2.0,"enemies":"Snake Plant","floor":20.0,"turns":3.0},{"damage":0.0,"enemies":"Snecko","floor":22.0,"turns":3.0},{"damage":0.0,"enemies":"Centurion and Healer","floor":23.0,"turns":4.0},{"damage":19.0,"enemies":"Snake Plant","floor":25.0,"turns":3.0},{"damage":12.0,"enemies":"Slavers","floor":27.0,"turns":3.0},{"damage":0.0,"enemies":"Shelled Parasite and Fungi","floor":28.0,"turns":3.0},{"damage":0.0,"enemies":"Book of Stabbing","floor":29.0,"turns":3.0},{"damage":12.0,"enemies":"Centurion and Healer","floor":30.0,"turns":3.0},{"damage":7.0,"enemies":"Gremlin Leader","floor":31.0,"turns":2.0},{"damage":27.0,"enemies":"Champ","floor":33.0,"turns":7.0},{"damage":0.0,"enemies":"3 Darklings","floor":35.0,"turns":2.0},{"damage":0.0,"enemies":"3 Shapes","floor":36.0,"turns":2.0},{"damage":0,"enemies":"Giant Head","floor":40,"turns":5},{"damage":45,"enemies":"Transient","floor":42,"turns":5},{"damage":0,"enemies":"Jaw Worm Horde","floor":44,"turns":2},{"damage":0,"enemies":"Sphere and 2 Shapes","floor":45,"turns":3},{"damage":0,"enemies":"Reptomancer","floor":46,"turns":2},{"damage":1,"enemies":"Maw","floor":48,"turns":4},{"damage":33,"enemies":"Donu and Deca","floor":50,"turns":4}],"seed_played":"7903401871526757819","potions_obtained":[{"floor":3.0,"key":"AttackPotion"},{"floor":7.0,"key":"GhostInAJar"},{"floor":12.0,"key":"Poison Potion"},{"floor":13.0,"key":"Ancient Potion"},{"floor":14.0,"key":"SneckoOil"}],"is_trial":false,"path_per_floor":["M","M","M","?","$","R","E","R","T","E","?","M","M","M","R","B",null,"M","M","M","?","M","M","R","M","T","E","M","E","M","E","R","B",null,"M","M","?","$","?","E","?","M","T","M","M","E","R","M","R","B",null],"character_chosen":"THE_SILENT","items_purchased":["Noxious Fumes","Paper Crane","Sling","Lantern","Acrobatics"],"campfire_rested":3,"item_purchase_floors":[5,38,38,38,38],"current_hp_per_floor":[68,68,68,73,73,73,73,73,73,82,66,68,70,72,72,64,82,77,77,77,71,73,75,75,58,58,48,50,52,42,37,61,55,82,82,82,82,82,77,79,79,36,36,38,40,42,66,67,82,49],"gold":181,"neow_bonus":"BOSS_RELIC","is_daily":false,"chose_seed":false,"campfire_upgraded":4,"win_rate":0.0,"timestamp":1613258944,"path_taken":["M","M","M","?","?","R","E","R","T","E","?","M","M","M","R","BOSS","M","M","M","?","M","M","R","M","T","E","M","E","M","E","R","BOSS","M","M","?","$","?","E","?","M","T","M","M","E","R","M","R","BOSS"],"items_purchased_type":["Card","Relic","Relic","Relic","Card"],"build_version":"2020-12-22","purchased_purges":0,"victory":true,"max_hp_per_floor":[70,70,70,75,75,75,75,75,75,82,82,82,82,82,82,82,82,82,82,82,82,82,82,82,82,82,82,82,82,82,82,82,82,82,82,82,82,82,82,82,82,82,82,82,82,82,82,82,82,82],"relic_stats":{"Blood Vial":12,"Sozu":4,"Busted Crown":12,"counters":[7,25],"Pantograph":0,"MealTicket":0,"Snake Skull":[25],"obtain_stats":[{"Ice Cream":40,"Lantern":0,"Snake Skull":0,"Paper Crane":0,"Sling":0,"Ancient Tea Set":43,"WarpedTongs":41,"Blood Vial":0,"Sozu":0,"Anchor":0,"HornCleat":0,"Busted Crown":0,"Strawberry":0,"Pantograph":0,"MealTicket":0,"Molten Egg 2":46,"Runic Pyramid":0},{"Ice Cream":1,"Lantern":0,"Snake Skull":0,"Paper Crane":0,"Sling":0,"Ancient Tea Set":2,"WarpedTongs":1,"Blood Vial":0,"Sozu":0,"Anchor":0,"HornCleat":0,"Busted Crown":0,"Strawberry":0,"Pantograph":0,"MealTicket":0,"Molten Egg 2":5,"Runic Pyramid":0},{"Ice Cream":5,"Lantern":0,"Snake Skull":0,"Paper Crane":0,"Sling":0,"Ancient Tea Set":10,"WarpedTongs":5,"Blood Vial":0,"Sozu":0,"Anchor":0,"HornCleat":0,"Busted Crown":0,"Strawberry":0,"Pantograph":0,"MealTicket":0,"Molten Egg 2":17,"Runic Pyramid":0}],"WarpedTongs":[20]},"card_choices":[{"not_picked":["Slice","Expertise"],"picked":"Infinite Blades","floor":1.0},{"not_picked":["Endless Agony","Sucker Punch"],"picked":"Bouncing Flask","floor":2.0},{"not_picked":["Deflect","Outmaneuver"],"picked":"Footwork","floor":3.0},{"not_picked":["Noxious Fumes","Dagger Spray"],"picked":"Dagger Throw","floor":7.0},{"not_picked":["Backstab","Phantasmal Killer"],"picked":"Tactician","floor":10.0},{"not_picked":["Dodge and Roll","Backflip"],"picked":"Heel Hook","floor":12.0},{"not_picked":["Bouncing Flask","Poisoned Stab"],"picked":"Prepared","floor":13.0},{"not_picked":["Footwork","Quick Slash","Dagger Throw"],"picked":"SKIP","floor":14.0},{"not_picked":["Burst","Glass Knife"],"picked":"Die Die Die","floor":16.0},{"not_picked":["Outmaneuver","Infinite Blades","Slice"],"picked":"SKIP","floor":18.0},{"not_picked":["Prepared","Blur"],"picked":"Flying Knee","floor":19.0},{"not_picked":["Skewer","Prepared+1"],"picked":"After Image","floor":20.0},{"not_picked":["Prepared","Bane"],"picked":"Finisher","floor":22.0},{"not_picked":["All Out Attack","Outmaneuver+1"],"picked":"Slice","floor":23.0},{"not_picked":["Adrenaline","Blade Dance"],"picked":"Terror","floor":25.0},{"not_picked":["Caltrops","Dodge and Roll+1"],"picked":"Corpse Explosion","floor":27.0},{"not_picked":["Quick Slash","Dagger Throw"],"picked":"Acrobatics","floor":28.0},{"not_picked":["Quick Slash","All Out Attack"],"picked":"Riddle With Holes+1","floor":29.0},{"not_picked":["Well Laid Plans","PiercingWail","Sucker Punch"],"picked":"SKIP","floor":30.0},{"not_picked":["Endless Agony","Bane"],"picked":"Leg Sweep","floor":31.0},{"not_picked":["Burst","Tools of the Trade"],"picked":"A Thousand Cuts","floor":33.0},{"not_picked":[],"picked":"Slice","floor":35.0},{"not_picked":[],"picked":"Blade Dance+1","floor":36.0},{"not_picked":[],"picked":"Swift Strike","floor":39.0},{"not_picked":[],"picked":"Swift Strike","floor":39.0},{"not_picked":[],"picked":"Slice","floor":40},{"not_picked":[],"picked":"Calculated Gamble","floor":42},{"not_picked":[],"picked":"Bouncing Flask+1","floor":44},{"not_picked":["Bouncing Flask"],"picked":"SKIP","floor":45},{"not_picked":["Bouncing Flask+1"],"picked":"SKIP","floor":46},{"not_picked":[],"picked":"Slice+1","floor":48}],"player_experience":1046577,"relics_obtained":[{"floor":7.0,"key":"MealTicket"},{"floor":9.0,"key":"Blood Vial"},{"floor":10.0,"key":"Strawberry"},{"floor":26.0,"key":"HornCleat"},{"floor":27.0,"key":"Pantograph"},{"floor":29.0,"key":"Snake Skull"},{"floor":31.0,"key":"Anchor"},{"floor":40,"key":"Ice Cream"},{"floor":43,"key":"Ancient Tea Set"},{"floor":46,"key":"Molten Egg 2"}],"event_choices":[{"damage_healed":0.0,"max_hp_gain":5.0,"max_hp_loss":0.0,"gold_gain":0.0,"event_name":"Big Fish","player_choice":"Donut","floor":4.0,"gold_loss":0.0,"damage_taken":0.0},{"damage_healed":0.0,"max_hp_gain":0.0,"max_hp_loss":0.0,"gold_gain":0.0,"event_name":"Shining Light","player_choice":"Entered Light","floor":11.0,"gold_loss":0.0,"damage_taken":16.0,"cards_upgraded":["Defend_G","Survivor"]},{"damage_healed":0.0,"max_hp_gain":0.0,"max_hp_loss":0.0,"gold_gain":0.0,"event_name":"Nest","player_choice":"Joined the Cult","floor":21.0,"gold_loss":0.0,"damage_taken":6.0,"cards_obtained":["RitualDagger"]},{"cards_removed":["Dagger Throw"],"damage_healed":0.0,"max_hp_gain":0.0,"max_hp_loss":0.0,"gold_gain":0.0,"event_name":"Falling","player_choice":"Removed Attack","floor":37.0,"gold_loss":0.0,"damage_taken":0.0},{"damage_healed":0.0,"max_hp_gain":0.0,"max_hp_loss":0.0,"gold_gain":0.0,"event_name":"SensoryStone","player_choice":"Memory 2","floor":39.0,"gold_loss":0.0,"damage_taken":5.0},{"damage_healed":0,"gold_gain":0,"player_choice":"Rummage","damage_taken":0,"relics_obtained":["WarpedTongs"],"max_hp_gain":0,"max_hp_loss":0,"event_name":"Accursed Blacksmith","floor":41,"gold_loss":0,"cards_obtained":["Pain"]}],"is_beta":false,"boss_relics":[{"not_picked":["Cursed Key","Runic Dome"],"picked":"Sozu"},{"not_picked":["Tiny House","Calling Bell"],"picked":"Busted Crown"}],"items_purged_floors":[],"is_endless":false,"potions_floor_spawned":[3,7,12,13,14,23,25,28,29,30,36,44,45,46,48],"ascension_level":0}}