{"host":"Joey","time":1613243140,"event":{"mods":["2.2 Compatiblity","BaseMod","Colored Map","Minty Spire (QoL Compilation)","Rare Cards Sparkle","Reliquary","StSLib"],"gold_per_floor":[114,114,39,55,20,20,40,65,116,129,129,164,164,187,187,187,187],"floor_reached":16,"language":"ENG","playtime":758,"items_purged":["Strike_G"],"score":216,"play_id":"36e15cc3-b566-4e98-b97f-b7a0cab0d1bd","local_time":"20210213190540","is_ascension_mode":true,"campfire_choices":[{"data":"Deadly Poison","floor":6,"key":"SMITH"},{"floor":11,"key":"REST"},{"data":"Neutralize","floor":13,"key":"SMITH"},{"data":"Deflect","floor":15,"key":"SMITH"}],"circlet_count":0,"master_deck":["AscendersBane","Strike_G","Strike_G","Strike_G","Defend_G","Defend_G","Defend_G","Survivor","Neutralize+1","Deadly Poison+1","Quick Slash","Deflect+1","Acrobatics","Backflip","All Out Attack"],"relics":["Ring of the Snake","Bronze Scales","Toy Ornithopter","reliquary:RosewoodLute"],"acts_visited":["Exordium"],"potions_floor_usage":[16,16],"damage_taken":[{"damage":3,"enemies":"Jaw Worm","floor":1,"turns":5},{"damage":0,"enemies":"2 Louse","floor":4,"turns":2},{"damage":0,"enemies":"Cultist","floor":7,"turns":3},{"damage":37,"enemies":"3 Sentries","floor":8,"turns":13},{"damage":5,"enemies":"3 Louse","floor":10,"turns":3},{"damage":26,"enemies":"Gremlin Nob","floor":12,"turns":4},{"damage":20,"enemies":"Hexaghost","floor":16,"turns":9}],"seed_played":"6192216356778913604","potions_obtained":[{"floor":1,"key":"Weak Potion"},{"floor":8,"key":"SneckoOil"}],"is_trial":false,"path_per_floor":["M","?","$","M","?","R","M","E","T","M","R","E","R","T","R","B"],"character_chosen":"THE_SILENT","items_purchased":[],"campfire_rested":1,"item_purchase_floors":[],"current_hp_per_floor":[56,49,49,49,60,60,60,23,23,18,36,10,10,10,10,0,0],"gold":187,"neow_bonus":"REMOVE_TWO","is_daily":false,"chose_seed":false,"campfire_upgraded":3,"win_rate":0.0,"timestamp":1613243140,"path_taken":["M","?","?","M","?","R","M","E","T","M","R","E","R","?","R","BOSS"],"items_purchased_type":[],"build_version":"2020-12-18","purchased_purges":1,"victory":false,"max_hp_per_floor":[60,60,60,60,60,60,60,60,60,60,60,60,60,60,60,60,60],"card_choices":[{"not_picked":["Tactician","Calculated Gamble"],"picked":"Deadly Poison","floor":1},{"not_picked":["Dagger Throw","Finisher"],"picked":"Quick Slash","floor":4},{"not_picked":["Choke","Sucker Punch"],"picked":"Deflect","floor":7},{"not_picked":["Quick Slash","Flechettes"],"picked":"Acrobatics","floor":8},{"not_picked":["Masterful Stab","Dagger Spray"],"picked":"Backflip","floor":10},{"not_picked":["Blade Dance","Cloak And Dagger"],"picked":"All Out Attack","floor":12}],"player_experience":914138,"relics_obtained":[{"floor":8,"key":"Bronze Scales"},{"floor":12,"key":"Toy Ornithopter"},{"floor":14,"key":"reliquary:RosewoodLute"}],"event_choices":[{"cards_removed":["Strike_G"],"damage_healed":0,"gold_gain":0,"player_choice":"Card Removal","damage_taken":7,"max_hp_gain":0,"max_hp_loss":0,"event_name":"Golden Wing","floor":2,"gold_loss":0},{"damage_healed":15,"gold_gain":0,"player_choice":"Healed","damage_taken":0,"max_hp_gain":0,"max_hp_loss":0,"event_name":"The Cleric","floor":5,"gold_loss":35}],"is_beta":true,"boss_relics":[],"items_purged_floors":[3],"is_endless":false,"potions_floor_spawned":[1,8,12],"killed_by":"Hexaghost","ascension_level":20}}