{"host":"m500rreartb26utt","time":1613246721,"event":{"mods":["100% Spire Juice","AchievementEnabler","BaseMod","Colored Powertips","GifTheSpireLib","Minty Spire (QoL Compilation)","StSLib"],"gold_per_floor":[114,76,87,87,87,87,87,110,110,110,24,24,24,47,47,31,90,111,17,26,48,68,68,68,68],"floor_reached":24,"language":"ENG","playtime":2098,"items_purged":[],"score":221,"play_id":"bd3bb486-4be5-4916-8c2f-4a99b285a4b5","local_time":"20210213140521","is_ascension_mode":false,"campfire_choices":[{"floor":6,"key":"REST"},{"data":"Moonworks:BackdoorTrade","floor":10,"key":"SMITH"},{"floor":12,"key":"REST"},{"floor":15,"key":"REST"},{"floor":23,"key":"REST"}],"circlet_count":0,"master_deck":["Moonworks:Strike+1","Moonworks:Strike","Moonworks:Strike+1","Moonworks:Strike","Moonworks:Defend","Moonworks:Defend+1","Moonworks:Defend","Moonworks:Defend","Moonworks:Ambush","Moonworks:LongDistanceShot","Moonworks:SakisCookie","Moonworks:BackdoorTrade+1","Moonworks:UnluckyCharm","Moonworks:JonathanRush","Moonworks:FullSpeedAlicianrone","Moonworks:CloudOfSeagulls","Moonworks:RocketCannon","Moonworks:CloudOfSeagulls","Moonworks:ImOnFire+1","Moonworks:Assault+1","Shame","Moonworks:LulusLuckyEgg+1","Moonworks:DeployBits+1"],"relics":["Moonworks:BrokenBomb","Moonworks:Homemark","NeowsBlessing","Pear","CeramicFish","Nunchaku","Sundial","Tiny House","Ornamental Fan"],"acts_visited":["Exordium","TheCity"],"potions_floor_usage":[19],"damage_taken":[{"damage":0,"enemies":"Cultist","floor":1,"turns":1},{"damage":0,"enemies":"2 Louse","floor":3,"turns":2},{"damage":0,"enemies":"Jaw Worm","floor":8,"turns":1},{"damage":33,"enemies":"Lagavulin","floor":11,"turns":8},{"damage":3,"enemies":"Looter","floor":14,"turns":3},{"damage":36,"enemies":"Slime Boss","floor":16,"turns":7},{"damage":18,"enemies":"Spheric Guardian","floor":18,"turns":4},{"damage":15,"enemies":"Chosen","floor":19,"turns":4},{"damage":17,"enemies":"Snake Plant","floor":21,"turns":5},{"damage":37,"enemies":"Cultist and Chosen","floor":22,"turns":7},{"damage":44,"enemies":"Slavers","floor":24,"turns":3}],"seed_played":"5014412472547147864","potions_obtained":[{"floor":8,"key":"SteroidPotion"},{"floor":16,"key":"Regen Potion"},{"floor":17,"key":"FairyPotion"},{"floor":18,"key":"Strength Potion"}],"is_trial":false,"path_per_floor":["M","$","M","T","?","R","$","M","T","R","E","R","?","M","R","B",null,"M","M","?","M","M","R","E"],"character_chosen":"THE_STARBREAKER","items_purchased":["Moonworks:BackdoorTrade"],"campfire_rested":4,"item_purchase_floors":[2],"current_hp_per_floor":[60,60,60,70,45,66,66,66,66,66,33,54,40,37,58,22,75,57,53,53,36,22,44,0,0],"gold":68,"neow_bonus":"THREE_ENEMY_KILL","is_daily":false,"chose_seed":false,"campfire_upgraded":1,"win_rate":0.0,"timestamp":1613246721,"path_taken":["M","$","M","?","?","R","?","M","T","R","E","R","?","?","R","BOSS","M","M","?","M","M","R","E"],"items_purchased_type":["Card"],"build_version":"2020-12-22","purchased_purges":0,"victory":false,"max_hp_per_floor":[60,60,60,70,70,70,70,70,70,70,70,70,70,70,70,70,75,75,75,75,75,75,75,75,75],"card_choices":[{"not_picked":["Moonworks:ImOnFire","Moonworks:UnpaidWork"],"picked":"Moonworks:SakisCookie","floor":1},{"not_picked":["Moonworks:DevilHand","Moonworks:IndiscriminateFireSupport"],"picked":"Moonworks:UnluckyCharm","floor":3},{"not_picked":["Moonworks:Bloodlust","Moonworks:NicePresent"],"picked":"Moonworks:JonathanRush","floor":8},{"not_picked":["Moonworks:FinalBattle","Moonworks:MiracleWalker"],"picked":"Moonworks:FullSpeedAlicianrone","floor":11},{"not_picked":["Moonworks:LulusLuckyEgg","Moonworks:EvilSpyWorkPreparation"],"picked":"Moonworks:CloudOfSeagulls","floor":14},{"not_picked":["Moonworks:FinalBattle","Moonworks:HolyNight"],"picked":"Moonworks:RocketCannon","floor":16},{"not_picked":["Moonworks:ImmovableObject","Moonworks:BackdoorTrade"],"picked":"Moonworks:CloudOfSeagulls","floor":17},{"not_picked":["Moonworks:IndiscriminateFireSupport","Moonworks:SakisCookie"],"picked":"Moonworks:ImOnFire+1","floor":18},{"not_picked":["Moonworks:DeployBits","Moonworks:SakisCookie"],"picked":"Moonworks:Assault+1","floor":19},{"not_picked":["Moonworks:Bloodlust","Moonworks:BigBangBell"],"picked":"Moonworks:LulusLuckyEgg+1","floor":21},{"not_picked":["Moonworks:NicePresent","Moonworks:BigMagnum"],"picked":"Moonworks:DeployBits+1","floor":22}],"player_experience":81683,"relics_obtained":[{"floor":4,"key":"Pear"},{"floor":9,"key":"Nunchaku"},{"floor":11,"key":"Sundial"}],"event_choices":[{"damage_healed":0,"gold_gain":0,"player_choice":"Success","damage_taken":25,"relics_obtained":["CeramicFish"],"max_hp_gain":0,"max_hp_loss":0,"event_name":"Scrap Ooze","floor":5,"gold_loss":0},{"damage_healed":0,"gold_gain":0,"player_choice":"Entered Light","damage_taken":14,"max_hp_gain":0,"max_hp_loss":0,"event_name":"Shining Light","floor":13,"gold_loss":0,"cards_upgraded":["Moonworks:Strike","Moonworks:Defend"]},{"damage_healed":0,"gold_gain":0,"player_choice":"Stole Relic","damage_taken":0,"relics_obtained":["Ornamental Fan"],"max_hp_gain":0,"max_hp_loss":0,"event_name":"Addict","floor":20,"gold_loss":0,"cards_obtained":["Shame"]}],"is_beta":false,"boss_relics":[{"not_picked":["SlaversCollar","Busted Crown"],"picked":"Tiny House"}],"items_purged_floors":[],"is_endless":false,"potions_floor_spawned":[8,16,18],"killed_by":"Slavers","ascension_level":0}}