{"host":"j4g6ia6asvpyu2b0","time":1613259329,"event":{"mods":["BaseMod","Colored Map","Infinite Spire","Minty Spire (QoL Compilation)","Permanent Neow","Quick Restart","Relic Stats","StSLib","Unceasing Turn Reminder"],"gold_per_floor":[114,114,114,129,144,144,174,189,214,214,214,214,244,259,259,359,359,374,389,404,404,404,404,434,434,434,464,564,594,594,609,609,709,709,724,124,139,239,239,269,269,299,299,329,102,132,83,25,25,25],"floor_reached":51,"language":"ENG","playtime":1934,"items_purged":[],"score":1077,"play_id":"db484d80-db4c-4c4e-90d2-b9589a238264","local_time":"20210213163529","daily_mods":["SealedDeck","Colorless Cards","Elite Swarm"],"is_ascension_mode":false,"campfire_choices":[{"data":"Inflame","floor":6.0,"key":"SMITH"},{"data":"Madness","floor":11.0,"key":"SMITH"},{"data":"Metamorphosis","floor":15.0,"key":"SMITH"},{"data":"infinitespire:Gouge","floor":23.0,"key":"SMITH"},{"data":"Limit Break","floor":25.0,"key":"SMITH"},{"data":"Apotheosis","floor":30.0,"key":"SMITH"},{"data":"Armaments","floor":32.0,"key":"SMITH"},{"data":"1","floor":41,"key":"LIFT"},{"data":"2","floor":49,"key":"LIFT"}],"circlet_count":0,"master_deck":["Inflame+1","Shrug It Off","Disarm","Feel No Pain","Feel No Pain","Twin Strike+1","Twin Strike","Twin Strike","Pommel Strike","Pummel","Madness+1","Metamorphosis+1","Headbutt+1","Exhume","Limit Break+1","Headbutt","Sentinel+1","Flash of Steel+1","infinitespire:Gouge+1","Bludgeon","infinitespire:DeathsTouch","Apotheosis+1","Armaments+1","Violence","Cleave","Demon Form","True Grit+1","Limit Break+1","infinitespire:FutureSight+1","Whirlwind+1","Demon Form","Secret Technique","Magnetism","Dark Embrace","Offering","Barricade","Shrug It Off"],"relics":["Burning Blood","Ornamental Fan","Bag of Preparation","Letter Opener","Bottled Lightning","Coffee Dripper","Thread and Needle","StoneCalendar","Orichalcum","PreservedInsect","Calipers","Bottled Flame","Smiling Mask","Sozu","Girya","Bag of Marbles","DollysMirror","Lizard Tail","Whetstone","Nunchaku","Magic Flower","War Paint","Gambling Chip","Blood Vial"],"acts_visited":["Exordium","TheCity","TheBeyond"],"potions_floor_usage":[50],"damage_taken":[{"damage":3.0,"enemies":"Jaw Worm","floor":1.0,"turns":2.0},{"damage":0.0,"enemies":"Cultist","floor":4.0,"turns":2.0},{"damage":7.0,"enemies":"Small Slimes","floor":5.0,"turns":3.0},{"damage":2.0,"enemies":"Lagavulin","floor":7.0,"turns":4.0},{"damage":14.0,"enemies":"Exordium Wildlife","floor":8.0,"turns":4.0},{"damage":0.0,"enemies":"3 Sentries","floor":13.0,"turns":3.0},{"damage":4.0,"enemies":"Looter","floor":14.0,"turns":2.0},{"damage":24.0,"enemies":"The Guardian","floor":16.0,"turns":7.0},{"damage":1.0,"enemies":"Shell Parasite","floor":18.0,"turns":3.0},{"damage":17.0,"enemies":"2 Thieves","floor":19.0,"turns":3.0},{"damage":8.0,"enemies":"Sentry and Sphere","floor":20.0,"turns":4.0},{"damage":2.0,"enemies":"Book of Stabbing","floor":24.0,"turns":5.0},{"damage":0.0,"enemies":"Nightmare","floor":27.0,"turns":6.0},{"damage":4.0,"enemies":"Colosseum Slavers","floor":28.0,"turns":2.0},{"damage":0.0,"enemies":"Colosseum Nobs","floor":28.0,"turns":3.0},{"damage":0.0,"enemies":"Book of Stabbing","floor":29.0,"turns":2.0},{"damage":0.0,"enemies":"Snecko","floor":31.0,"turns":2.0},{"damage":0.0,"enemies":"Collector","floor":33.0,"turns":6.0},{"damage":3.0,"enemies":"3 Shapes","floor":35.0,"turns":3.0},{"damage":5.0,"enemies":"3 Darklings","floor":37.0,"turns":3.0},{"damage":30.0,"enemies":"infinitespire:Three Voidlings","floor":38.0,"turns":4.0},{"damage":10.0,"enemies":"Nightmare_Alpha","floor":38.0,"turns":7.0},{"damage":0,"enemies":"Reptomancer","floor":40,"turns":3},{"damage":0,"enemies":"Giant Head","floor":42,"turns":4},{"damage":0,"enemies":"Reptomancer","floor":44,"turns":2},{"damage":23,"enemies":"Nemesis","floor":46,"turns":3},{"damage":34,"enemies":"Awakened One","floor":50,"turns":6}],"seed_played":"6099103822572544471","potions_obtained":[{"floor":1.0,"key":"SkillPotion"},{"floor":5.0,"key":"ElixirPotion"},{"floor":7.0,"key":"BlessingOfTheForge"},{"floor":13.0,"key":"DuplicationPotion"},{"floor":20.0,"key":"Energy Potion"},{"floor":31.0,"key":"AttackPotion"}],"is_trial":false,"path_per_floor":["M","?","?","M","M","R","E","M","T","$","R","T","E","M","R","B",null,"M","M","M","?","AVR","R","E","R","T","NM","?","E","R","M","R","B",null,"M","$","M","?","?","E","R","E","T","E","$","E","$","?","R","B",null],"character_chosen":"IRONCLAD","items_purchased":["Girya","Bag of Marbles","DollysMirror","Dark Embrace","Offering","Shrug It Off"],"campfire_rested":0,"item_purchase_floors":[36,36,36,45,45,47],"current_hp_per_floor":[80,85,85,85,84,84,85,77,77,77,77,77,83,85,85,67,85,85,74,72,72,72,72,76,76,76,82,85,85,85,85,85,85,85,85,85,85,57,57,63,63,69,69,78,78,64,64,64,64,42],"gold":25,"neow_bonus":"","is_daily":true,"chose_seed":false,"campfire_upgraded":7,"win_rate":0.0,"timestamp":1613259329,"path_taken":["M","?","?","M","?","R","E","M","T","$","R","?","E","M","R","BOSS","M","?","M","?","AVR","R","E","R","T","NM","?","E","R","M","R","BOSS","M","$","M","?","?","E","R","E","T","E","?","E","$","?","R","BOSS"],"items_purchased_type":["Relic","Relic","Relic","Card","Card","Card"],"build_version":"2020-12-22","purchased_purges":0,"victory":true,"max_hp_per_floor":[80,85,85,85,85,85,85,85,85,85,85,85,85,85,85,85,85,85,85,85,85,85,85,85,85,85,85,85,85,85,85,85,85,85,85,85,85,85,85,85,85,85,85,85,85,85,85,85,85,85],"relic_stats":{"counters":[27,98],"Magic Flower":[10],"StoneCalendar":[0],"PreservedInsect":479,"Bag of Preparation":[44],"Letter Opener":[153],"Whetstone":["Twin Strike","Headbutt"],"Orichalcum":[48],"War Paint":["infinitespire:FutureSight","Sentinel"],"Smiling Mask":0,"Burning Blood":127,"Sozu":4,"Blood Vial":3,"Lizard Tail":0,"Nunchaku":[2],"Ornamental Fan":[180],"Gambling Chip":[0],"obtain_stats":[{"Girya":36,"Calipers":28,"Magic Flower":43,"Thread and Needle":21,"StoneCalendar":24,"PreservedInsect":27,"Bag of Preparation":9,"Letter Opener":12,"Whetstone":40,"Orichalcum":26,"War Paint":44,"Smiling Mask":29,"Burning Blood":0,"Sozu":34,"Blood Vial":48,"Bottled Flame":28,"Lizard Tail":38,"Nunchaku":42,"Ornamental Fan":7,"DollysMirror":36,"Gambling Chip":46,"Coffee Dripper":17,"Bag of Marbles":36,"Bottled Lightning":13},{"Girya":19,"Calipers":15,"Magic Flower":24,"Thread and Needle":11,"StoneCalendar":12,"PreservedInsect":13,"Bag of Preparation":5,"Letter Opener":5,"Whetstone":23,"Orichalcum":12,"War Paint":25,"Smiling Mask":16,"Burning Blood":0,"Sozu":18,"Blood Vial":26,"Bottled Flame":15,"Lizard Tail":22,"Nunchaku":24,"Ornamental Fan":4,"DollysMirror":19,"Gambling Chip":26,"Coffee Dripper":8,"Bag of Marbles":19,"Bottled Lightning":6},{"Girya":66,"Calipers":53,"Magic Flower":87,"Thread and Needle":37,"StoneCalendar":42,"PreservedInsect":48,"Bag of Preparation":15,"Letter Opener":15,"Whetstone":83,"Orichalcum":42,"War Paint":89,"Smiling Mask":55,"Burning Blood":0,"Sozu":63,"Blood Vial":92,"Bottled Flame":53,"Lizard Tail":80,"Nunchaku":87,"Ornamental Fan":11,"DollysMirror":66,"Gambling Chip":92,"Coffee Dripper":27,"Bag of Marbles":66,"Bottled Lightning":18}]},"card_choices":[{"not_picked":["Mind Blast","Burning Pact"],"picked":"Pummel","floor":1.0},{"not_picked":["Fire Breathing","Thunderclap"],"picked":"Madness","floor":4.0},{"not_picked":["Armaments","Warcry"],"picked":"Pommel Strike","floor":5.0},{"not_picked":["Barricade","Violence"],"picked":"Metamorphosis","floor":7.0},{"not_picked":["Anger","Carnage"],"picked":"Headbutt","floor":8.0},{"not_picked":["Secret Weapon","The Bomb"],"picked":"Exhume","floor":13.0},{"not_picked":["Iron Wave","Perfected Strike","Wild Strike"],"picked":"SKIP","floor":14.0},{"not_picked":["Barricade","Panache"],"picked":"Limit Break","floor":16.0},{"not_picked":["Reckless Charge","Sword Boomerang"],"picked":"Headbutt","floor":18.0},{"not_picked":["Power Through+1","Reckless Charge+1"],"picked":"Sentinel","floor":19.0},{"not_picked":["Combust","Second Wind"],"picked":"Flash of Steel+1","floor":20.0},{"not_picked":["Panache","Exhume"],"picked":"Bludgeon","floor":24.0},{"not_picked":["infinitespire:Punishment","infinitespire:Fortify"],"picked":"infinitespire:DeathsTouch","floor":27.0},{"not_picked":["The Bomb","Demon Form"],"picked":"Apotheosis","floor":27.0},{"not_picked":["Purity","Headbutt"],"picked":"Armaments","floor":28.0},{"not_picked":["Metamorphosis","Mayhem"],"picked":"Violence","floor":29.0},{"not_picked":["Clash","Power Through"],"picked":"Cleave","floor":31.0},{"not_picked":["Feed","Panache"],"picked":"Demon Form","floor":33.0},{"not_picked":["Swift Strike+1","Cleave"],"picked":"True Grit+1","floor":35.0},{"not_picked":["Warcry+1","Iron Wave+1","Dropkick"],"picked":"SKIP","floor":37.0},{"not_picked":["infinitespire:FinalStrike","infinitespire:Starlight"],"picked":"infinitespire:FutureSight","floor":38},{"not_picked":["Perfected Strike","Uppercut+1"],"picked":"Whirlwind+1","floor":38},{"not_picked":["Limit Break","Reaper"],"picked":"Demon Form","floor":40},{"not_picked":["Apotheosis","Bludgeon"],"picked":"Secret Technique","floor":42},{"not_picked":["Sadistic Nature","HandOfGreed"],"picked":"Magnetism","floor":44},{"not_picked":["Chrysalis","Magnetism"],"picked":"Barricade","floor":46}],"player_experience":1243077,"relics_obtained":[{"floor":7.0,"key":"Ornamental Fan"},{"floor":9.0,"key":"Bag of Preparation"},{"floor":12.0,"key":"Letter Opener"},{"floor":13.0,"key":"Bottled Lightning"},{"floor":24.0,"key":"StoneCalendar"},{"floor":26.0,"key":"Orichalcum"},{"floor":27.0,"key":"PreservedInsect"},{"floor":28.0,"key":"Calipers"},{"floor":28.0,"key":"Bottled Flame"},{"floor":29.0,"key":"Smiling Mask"},{"floor":38,"key":"Lizard Tail"},{"floor":40,"key":"Whetstone"},{"floor":42,"key":"Nunchaku"},{"floor":43,"key":"Magic Flower"},{"floor":44,"key":"War Paint"},{"floor":46,"key":"Gambling Chip"}],"event_choices":[{"damage_healed":0.0,"max_hp_gain":5.0,"max_hp_loss":0.0,"gold_gain":0.0,"event_name":"Big Fish","player_choice":"Donut","floor":2.0,"gold_loss":0.0,"damage_taken":0.0},{"cards_removed":["Iron Wave"],"damage_healed":5.0,"max_hp_gain":0.0,"max_hp_loss":0.0,"gold_gain":0.0,"event_name":"Bonfire Elementals","player_choice":"Offered Common","floor":3.0,"gold_loss":0.0,"damage_taken":0.0},{"cards_removed":["Iron Wave"],"damage_healed":5.0,"max_hp_gain":0.0,"max_hp_loss":0.0,"gold_gain":0.0,"event_name":"Bonfire Elementals","player_choice":"Offered Special","floor":3.0,"gold_loss":0.0,"damage_taken":0.0},{"damage_healed":0.0,"max_hp_gain":0.0,"max_hp_loss":0.0,"gold_gain":0.0,"event_name":"The Mausoleum","player_choice":"Opened","floor":21.0,"gold_loss":0.0,"damage_taken":0.0,"relics_obtained":["Thread and Needle"]},{"damage_healed":0.0,"max_hp_gain":0.0,"max_hp_loss":0.0,"gold_gain":0.0,"event_name":"Colosseum","player_choice":"Fight","floor":28.0,"gold_loss":0.0,"damage_taken":0.0},{"damage_healed":0.0,"max_hp_gain":0.0,"max_hp_loss":0.0,"gold_gain":0.0,"event_name":"Colosseum","player_choice":"Fought Nobs","floor":28.0,"gold_loss":0.0,"damage_taken":0.0},{"cards_removed":["Pommel Strike"],"damage_healed":0,"gold_gain":0,"player_choice":"Removed Attack","damage_taken":0,"max_hp_gain":0,"max_hp_loss":0,"event_name":"Falling","floor":39,"gold_loss":0},{"damage_healed":0,"gold_gain":0,"player_choice":"Paid Gold","damage_taken":0,"relics_obtained":["Blood Vial"],"max_hp_gain":0,"max_hp_loss":0,"event_name":"WeMeetAgain","floor":48,"gold_loss":58}],"is_beta":false,"boss_relics":[{"not_picked":["Runic Pyramid","Mark of Pain"],"picked":"Coffee Dripper"},{"not_picked":["Calling Bell","SlaversCollar"],"picked":"Sozu"}],"items_purged_floors":[],"is_endless":false,"potions_floor_spawned":[1,5,7,13,20,24,28,29,31,37,38,42,46],"ascension_level":0}}