{"host":"y36bp6mnm73x3iob","time":1613215996,"event":{"mods":["2.2 Compatiblity","Aspiration","BaseMod","Bossed Relics","Downfall","GifTheSpireLib","Hermit","Minty Spire (QoL Compilation)","Reliquary","StSLib"],"gold_per_floor":[113,113,288,288,301,301,334,108,108,108,126,126,139,172,172,243,243,261,114,114,132,132,132,132,132],"floor_reached":24,"language":"ENG","playtime":632,"items_purged":["Doubt"],"score":375,"play_id":"a2f04a2c-1d7d-4f5d-a148-455971df44a9","local_time":"20210213133316","is_ascension_mode":true,"campfire_choices":[{"data":"True Grit","floor":6,"key":"SMITH"},{"data":"Armaments","floor":10,"key":"SMITH"},{"data":"Fire Breathing","floor":15,"key":"SMITH"},{"data":"Reaper","floor":23,"key":"SMITH"}],"circlet_count":0,"master_deck":["AscendersBane","Strike_R+1","Strike_R+1","Strike_R+1","Strike_R+1","Defend_R+1","Defend_R+1","Defend_R+1","Defend_R+1","Bash+1","True Grit+1","Fiend Fire","Fire Breathing+1","Combust","Flame Barrier","Entrench+1","Shockwave","Cleave","Armaments+1","Brutality","Power Through","Shockwave","Brutality","Headbutt","Reaper+1","Feed","Necronomicurse"],"relics":["Burning Blood","NeowsBlessing","reliquary:ExpiredCoupon","Orrery","reliquary:QuartzCube","Torii","bronze:MakeshiftBattery","Necronomicon"],"acts_visited":["Exordium","TheCity"],"potions_floor_usage":[11,14,21],"damage_taken":[{"damage":0,"enemies":"Small Slimes","floor":1,"turns":1},{"damage":0,"enemies":"2 Louse","floor":5,"turns":1},{"damage":0,"enemies":"Lagavulin","floor":7,"turns":1},{"damage":1,"enemies":"Cultist","floor":11,"turns":4},{"damage":9,"enemies":"Looter","floor":13,"turns":2},{"damage":8,"enemies":"Gremlin Nob","floor":14,"turns":3},{"damage":37,"enemies":"Hexaghost","floor":16,"turns":12},{"damage":22,"enemies":"Shell Parasite","floor":18,"turns":6},{"damage":8,"enemies":"Chosen","floor":21,"turns":4},{"damage":28,"enemies":"Gremlin Leader","floor":24,"turns":4}],"seed_played":"-6978875065713803391","potions_obtained":[{"floor":1,"key":"AttackPotion"},{"floor":13,"key":"LiquidMemories"},{"floor":16,"key":"Slimebound:ThreeZeroPotion"},{"floor":18,"key":"SpeedPotion"}],"is_trial":false,"path_per_floor":["M","?","?","?","M","R","E","$","T","R","M","?","M","E","R","B",null,"M","$","?","M","?","R","E"],"character_chosen":"IRONCLAD","items_purchased":["Orrery","Reaper"],"campfire_rested":0,"item_purchase_floors":[8,19],"current_hp_per_floor":[78,62,62,62,68,68,74,74,74,74,79,79,76,74,74,43,71,55,55,55,59,43,43,35,35],"gold":132,"neow_bonus":"THREE_ENEMY_KILL","is_daily":false,"chose_seed":false,"campfire_upgraded":4,"win_rate":0.0,"timestamp":1613215996,"path_taken":["M","?","?","?","?","R","E","$","T","R","M","?","M","E","R","BOSS","M","?","?","M","?","R","E"],"items_purchased_type":["Relic","Card"],"build_version":"2020-12-22","purchased_purges":1,"victory":false,"max_hp_per_floor":[80,80,80,80,80,80,80,80,80,80,80,80,80,80,80,80,80,80,80,80,80,80,80,80,80],"card_choices":[{"not_picked":["Intimidate","Wild Strike"],"picked":"True Grit","floor":1},{"not_picked":["Thunderclap","Pummel"],"picked":"Fire Breathing","floor":5},{"not_picked":["Second Wind","Ghostly Armor"],"picked":"Combust","floor":7},{"not_picked":["Armaments","Wild Strike"],"picked":"Flame Barrier","floor":8},{"not_picked":["Perfected Strike","Blood for Blood"],"picked":"Entrench","floor":8},{"not_picked":["Havoc","Heavy Blade"],"picked":"Shockwave","floor":8},{"not_picked":["Sword Boomerang","Warcry"],"picked":"Cleave","floor":8},{"not_picked":["Combust","Heavy Blade"],"picked":"Armaments","floor":8},{"not_picked":["Twin Strike","Pommel Strike"],"picked":"Brutality","floor":11},{"not_picked":["Thunderclap","Clothesline"],"picked":"Power Through","floor":13},{"not_picked":["Havoc","Clothesline"],"picked":"Shockwave","floor":14},{"not_picked":["Bludgeon","Feed"],"picked":"Brutality","floor":16},{"not_picked":["Heavy Blade","Anger"],"picked":"Headbutt","floor":18},{"not_picked":["Anger","Sword Boomerang"],"picked":"Feed","floor":21}],"player_experience":569784,"relics_obtained":[{"floor":7,"key":"reliquary:ExpiredCoupon"},{"floor":9,"key":"reliquary:QuartzCube"},{"floor":14,"key":"Torii"},{"floor":22,"key":"Necronomicon"}],"event_choices":[{"damage_healed":0,"gold_gain":0,"player_choice":"Entered Light","damage_taken":16,"max_hp_gain":0,"max_hp_loss":0,"event_name":"Shining Light","floor":2,"gold_loss":0,"cards_upgraded":["Bash","Strike_R"]},{"damage_healed":0,"gold_gain":175,"player_choice":"AGREE","damage_taken":0,"max_hp_gain":0,"max_hp_loss":0,"event_name":"Liars Game","floor":3,"gold_loss":0,"cards_obtained":["Doubt"]},{"damage_healed":0,"gold_gain":0,"cards_transformed":["Strike_R"],"player_choice":"Transformed","damage_taken":0,"max_hp_gain":0,"max_hp_loss":0,"event_name":"Transmorgrifier","floor":4,"gold_loss":0,"cards_obtained":["Fiend Fire"]},{"damage_healed":0,"gold_gain":0,"player_choice":"Upgraded","damage_taken":0,"max_hp_gain":0,"max_hp_loss":0,"event_name":"Upgrade Shrine","floor":12,"gold_loss":0,"cards_upgraded":["Entrench"]},{"damage_healed":0,"gold_gain":0,"player_choice":"Simplicity","damage_taken":0,"max_hp_gain":0,"max_hp_loss":0,"event_name":"Back to Basics","floor":20,"gold_loss":0,"cards_upgraded":["Strike_R","Strike_R","Strike_R","Defend_R","Defend_R","Defend_R","Defend_R"]},{"damage_healed":0,"gold_gain":0,"player_choice":"Obtained Book","damage_taken":16,"max_hp_gain":0,"max_hp_loss":0,"event_name":"Cursed Tome","floor":22,"gold_loss":0}],"is_beta":false,"boss_relics":[{"not_picked":["Busted Crown","Coffee Dripper"],"picked":"bronze:MakeshiftBattery"}],"items_purged_floors":[8],"is_endless":false,"potions_floor_spawned":[1,13,16,18],"killed_by":"Gremlin Leader","ascension_level":13}}