{"host":"cepa1iaiubs928mn","time":1613235438,"event":{"mods":["Bard","BaseMod","Beaked The Cultist","Conspire","Downfall","Gremlin Mod","Hermit","Hubris","KinomotoSakuraMod(ÙÊñýÜâ?)","Luminous","Marisa£¨Ùöéë¡¡Øª×âÞÞ£©","Mimic Mod","Minty Spire (QoL Compilation)","Quick Restart","Replay The Spire","Robot Space Explorer","Shop Mod","StSLib","Td1madao Mod","The Animator","The Bladedancer","The Bug Knight","The Construct","The Cursed","The Disciple","The Dragon Tamer","The Gatherer","The Hierophant","The Mystic","The Necromancer","The Poker Player","The Runesmith","The Senshi","The Servant 0.9.4","The Witch","Waifu the Spire","Youmu£¨ûëÛÞèí?£©","Yuri Mod"],"gold_per_floor":[99,115,115,126,143,160,197,197,197,207,207,117,128,138,153,256,256,256,256],"floor_reached":17,"language":"ENG","playtime":1609,"items_purged":["sneckomod:Unknown"],"score":151,"play_id":"5a0b7210-3fbc-441c-bea1-da5307c5dcb4","local_time":"20210214015718","is_ascension_mode":false,"campfire_choices":[],"circlet_count":1,"master_deck":["sneckomod:Strike","sneckomod:Strike","sneckomod:Strike","sneckomod:Defend","sneckomod:Defend+1","sneckomod:Defend","sneckomod:TailWhip+1","sneckomod:SnekBite","Madness+1","sneckomod:Nope","sneckomod:IronFang","sneckomod:UnknownWeak","Madness","Madness","sneckomod:QuickMove"],"relics":["sneckomod:SneckoSoul","Circlet","War Paint"],"acts_visited":["Exordium","TheCity"],"potions_floor_usage":[],"damage_taken":[{"damage":6,"enemies":"Jaw Worm","floor":2,"turns":4},{"damage":4,"enemies":"Cultist","floor":4,"turns":3},{"damage":0,"enemies":"2 Louse","floor":5,"turns":2},{"damage":27,"enemies":"Large Slime","floor":6,"turns":7},{"damage":1,"enemies":"Blue Slaver","floor":7,"turns":8},{"damage":9,"enemies":"Blue Slaver","floor":10,"turns":3},{"damage":0,"enemies":"downfall:FleeingMerchant","floor":12,"turns":4},{"damage":2,"enemies":"2 Fungi Beasts","floor":13,"turns":4},{"damage":0,"enemies":"Large Slime","floor":14,"turns":5},{"damage":6,"enemies":"3 Louse","floor":15,"turns":3},{"damage":29,"enemies":"SI_SHIV_ARCHETYPE","floor":16,"turns":18}],"seed_played":"8320327591684638443","potions_obtained":[{"floor":2,"key":"Ancient Potion"},{"floor":10,"key":"Weak Potion"},{"floor":15,"key":"Adrenaline Potion"}],"is_trial":false,"path_per_floor":["R","M","?","M","M","M","MIM","?","R","M","R","$","M","M","M","B",null],"character_chosen":"THE_SNECKO","items_purchased":[],"campfire_rested":0,"item_purchase_floors":[],"current_hp_per_floor":[99,93,93,89,89,62,61,61,61,52,52,52,50,50,44,15,99,99,99],"gold":256,"neow_bonus":"TEN_PERCENT_HP_BONUS","is_daily":false,"chose_seed":false,"campfire_upgraded":0,"win_rate":0.0,"timestamp":1613235438,"path_taken":["R","M","?","M","?","M","MIM","?","R","M","R","$","M","M","M","BOSS"],"items_purchased_type":[],"build_version":"2020-12-22","purchased_purges":1,"victory":false,"max_hp_per_floor":[99,99,99,99,99,99,99,99,99,99,99,99,99,99,99,99,99,99,99],"card_choices":[{"not_picked":["sneckomod:UnknownVulnerable","sneckomod:DefensiveFlair"],"picked":"sneckomod:Nope","floor":2},{"not_picked":["sneckomod:UnknownCommonAttack","sneckomod:QuickMove"],"picked":"sneckomod:IronFang","floor":4},{"not_picked":["sneckomod:SoulRoll","sneckomod:Unknown2Cost"],"picked":"sneckomod:UnknownWeak","floor":5},{"not_picked":["sneckomod:QuickMove","sneckomod:DiceCrush"],"picked":"sneckomod:UnknownUncommonAttack","floor":6},{"not_picked":["sneckomod:UnknownCommonAttack","sneckomod:UnknownUncommonAttack"],"picked":"sneckomod:UnknownExhaust","floor":10},{"not_picked":["sneckomod:SerpentIdol","sneckomod:Unknown3Cost","sneckomod:MasterEye"],"picked":"SKIP","floor":12},{"not_picked":["sneckomod:QuickBite","sneckomod:IronFang"],"picked":"sneckomod:QuickMove","floor":13},{"not_picked":["sneckomod:SoulRoll","sneckomod:UnknownCommonAttack","sneckomod:ImprovisedAttack"],"picked":"SKIP","floor":14},{"not_picked":["sneckomod:UnlimitedRolls","sneckomod:SnakeSap","sneckomod:QuickMove"],"picked":"SKIP","floor":15}],"player_experience":15845,"relics_obtained":[{"floor":7,"key":"War Paint"}],"event_choices":[{"damage_healed":0,"gold_gain":0,"player_choice":"Forge","damage_taken":0,"max_hp_gain":0,"max_hp_loss":0,"event_name":"Accursed Blacksmith","floor":3,"gold_loss":0,"cards_upgraded":["sneckomod:TailWhip"]}],"is_beta":false,"boss_relics":[{"not_picked":["hubris:CrackedHourglass","sneckomod:SneckoBoss","Replay:Ancient Bell"]}],"items_purged_floors":[12],"is_endless":false,"potions_floor_spawned":[2,10,15,16],"ascension_level":0}}