{"host":"artti7o26te9gn1a","time":1613188612,"event":{"mods":["AchievementEnabler","BaseMod","Beaked The Cultist","BetterRewards","Downfall","Minty Spire (QoL Compilation)","StSLib","Trackpad"],"gold_per_floor":[118,137,37,52,67,97,97,114,141,170,188,199,2,21,21,118,118,131,16,115,133,145,145,180,180,180,180,204,217,242,258,258,358,358,373,91,111,111,170,205,224,255,334,349,365,380,406,0,0,0],"floor_reached":51,"language":"ENG","playtime":4433,"items_purged":["Slimebound:Tackle","Slimebound:WasteNot+1"],"score":1169,"play_id":"167080dc-3682-4a43-bfb4-a3f4ea7047c3","local_time":"20210213045652","is_ascension_mode":true,"campfire_choices":[{"data":"Slimebound:Split","floor":7,"key":"SMITH"},{"data":"Slimebound:LeadByExample","floor":15,"key":"SMITH"},{"data":"Slimebound:Gluttony","floor":23,"key":"SMITH"},{"data":"Slimebound:SpikyOuterGoop","floor":25,"key":"SMITH"},{"data":"Slimebound:SpikyOuterGoop","floor":27,"key":"SMITH"},{"floor":32,"key":"REST"},{"data":"Slimebound:TagTeam","floor":49,"key":"SMITH"}],"circlet_count":0,"master_deck":["Slimebound:Defend_Slimebound","Slimebound:Defend_Slimebound","Slimebound:Defend_Slimebound","Slimebound:Split+1","Slimebound:CorrosiveSpit","Slimebound:MassFeed","Slimebound:TongueLash","Slimebound:Prepare","Slimebound:Teamwork+1","Slimebound:RejuvenatingLick+1","Slimebound:Dissolve","Slimebound:SplitMire","Slimebound:SpikyOuterGoop+1","Slimebound:LeechEnergy","Slimebound:GoopSpray","Slimebound:LeechEnergy","Slimebound:LeechingTouch","Slimebound:Schlurp+1","Slimebound:SamplingLick+1","Slimebound:Schlurp+1","Slimebound:Gluttony+1","Slimebound:PressTheAttack","Slimebound:LeadByExample+1","Slimebound:MegaLick+1","Slimebound:OozeBath+1","Slimebound:SpikyOuterGoop+1","Slimebound:RainOfGoop+1","Slimebound:LevelUp","Slimebound:GoopSpray+1","Slimebound:LeechLife","Slimebound:Overexert","Slimebound:TagTeam+1","Parasite","Slimebound:RainOfGoop+1","Slimebound:LivingWall+1"],"relics":["Slimebound:AbsorbEndCombat","Oddly Smooth Stone","Astrolabe","Toxic Egg 2","Regal Pillow","Tiny Chest","Membership Card","Black Star","DollysMirror","Vajra","Toy Ornithopter","Smiling Mask","Blood Vial","trackpad:ToughGloves","Slimebound:TarBlob","Happy Flower","trackpad:HandOfMidas","Pen Nib","trackpad:GuardianSpirit","Bird Faced Urn","PreservedInsect","Question Card","Orichalcum","trackpad:BottledTsunami","Red Mask"],"acts_visited":["Exordium","TheCity","TheBeyond"],"potions_floor_usage":[12,29,30,33,40,40],"damage_taken":[{"damage":0,"enemies":"Cultist","floor":1,"turns":6},{"damage":0,"enemies":"2 Louse","floor":2,"turns":2},{"damage":0,"enemies":"Jaw Worm","floor":4,"turns":3},{"damage":4,"enemies":"Looter","floor":5,"turns":2},{"damage":30,"enemies":"Gremlin Nob","floor":6,"turns":4},{"damage":10,"enemies":"Gremlin Gang","floor":8,"turns":5},{"damage":2,"enemies":"3 Sentries","floor":10,"turns":6},{"damage":0,"enemies":"3 Louse","floor":11,"turns":2},{"damage":0,"enemies":"Looter","floor":12,"turns":2},{"damage":15,"enemies":"Exordium Thugs","floor":14,"turns":5},{"damage":29,"enemies":"Slime Boss","floor":16,"turns":6},{"damage":18,"enemies":"2 Thieves","floor":18,"turns":5},{"damage":0,"enemies":"Chosen","floor":21,"turns":4},{"damage":8,"enemies":"Snake Plant","floor":22,"turns":3},{"damage":11,"enemies":"Gremlin Leader","floor":24,"turns":6},{"damage":48,"enemies":"Chosen and Byrds","floor":29,"turns":7},{"damage":39,"enemies":"Slavers","floor":30,"turns":4},{"damage":0,"enemies":"Snecko","floor":31,"turns":3},{"damage":88,"enemies":"Champ","floor":33,"turns":12},{"damage":21,"enemies":"3 Shapes","floor":35,"turns":3},{"damage":18,"enemies":"Orb Walker","floor":37,"turns":6},{"damage":5,"enemies":"3 Darklings","floor":39,"turns":5},{"damage":18,"enemies":"Giant Head","floor":40,"turns":8},{"damage":0,"enemies":"Maw","floor":41,"turns":7},{"damage":48,"enemies":"Reptomancer","floor":42,"turns":7},{"damage":17,"enemies":"Writhing Mass","floor":44,"turns":5},{"damage":44,"enemies":"3 Darklings","floor":45,"turns":6},{"damage":25,"enemies":"Maw","floor":46,"turns":7},{"damage":42,"enemies":"Nemesis","floor":47,"turns":9},{"damage":15,"enemies":"Donu and Deca","floor":50,"turns":8}],"seed_played":"3253679113746473825","potions_obtained":[{"floor":1,"key":"ColorlessPotion"},{"floor":4,"key":"DistilledChaos"},{"floor":11,"key":"SkillPotion"},{"floor":12,"key":"Weak Potion"},{"floor":21,"key":"CultistPotion"},{"floor":29,"key":"Slimebound:ThreeZeroPotion"},{"floor":30,"key":"GamblersBrew"},{"floor":33,"key":"bronze:BurnAndBuffPotion"}],"is_trial":false,"path_per_floor":["M","M","$","M","M","E","R","M","T","E","M","M","$","M","R","B",null,"M","$","?","M","M","R","E","R","T","R","T","M","E","M","R","B",null,"M","$","M","?","M","E","M","E","T","M","M","M","E","?","R","B",null],"character_chosen":"SLIMEBOUND","items_purchased":["Oddly Smooth Stone","Slimebound:MassFeed","Slimebound:TongueLash","Slimebound:Prepare","Slimebound:LeechEnergy","Slimebound:GoopSpray","Membership Card","Slimebound:LeadByExample","DollysMirror","Slimebound:RainOfGoop+1","Happy Flower","trackpad:HandOfMidas"],"campfire_rested":1,"item_purchase_floors":[0,0,0,0,3,3,13,13,19,19,36,36],"current_hp_per_floor":[68,71,71,71,71,43,43,47,47,59,71,78,78,71,71,50,92,86,86,86,92,90,90,87,87,87,87,87,53,30,38,84,104,104,97,97,104,104,104,107,107,107,107,107,107,107,106,106,106,101],"gold":0,"neow_bonus":"","is_daily":false,"chose_seed":false,"campfire_upgraded":6,"win_rate":0.0,"timestamp":1613188612,"path_taken":["M","M","$","M","M","E","R","M","T","E","M","M","?","?","R","BOSS","M","$","?","M","M","R","E","R","T","R","?","M","E","M","R","BOSS","M","$","M","?","M","E","M","E","T","?","M","M","E","?","R","BOSS"],"items_purchased_type":["Relic","Card","Card","Card","Card","Card","Relic","Card","Relic","Card","Relic","Relic"],"build_version":"2020-12-22","purchased_purges":2,"victory":true,"max_hp_per_floor":[68,71,71,71,71,71,71,77,77,83,89,92,92,92,92,92,92,98,98,98,98,98,98,98,98,98,98,98,101,104,104,104,104,104,104,104,104,104,104,107,107,107,107,107,107,107,107,107,107,107],"card_choices":[{"not_picked":["Slimebound:Prepare","Slimebound:Chomp"],"picked":"Slimebound:SplitMire","floor":1},{"not_picked":["Slimebound:DivideAndConquer","Slimebound:HauntingLick"],"picked":"Slimebound:SpikyOuterGoop","floor":2},{"not_picked":["Slimebound:Prepare","Slimebound:RollThrough"],"picked":"Slimebound:LeechEnergy","floor":4},{"not_picked":["Slimebound:RallyTheTroops","Slimebound:AcidTongue"],"picked":"Slimebound:LeechingTouch","floor":5},{"not_picked":["Slimebound:LeechEnergy","Slimebound:BestDefense"],"picked":"Slimebound:Schlurp+1","floor":6},{"not_picked":["Slimebound:SplitBruiser+1","Slimebound:SlimeSpikes+1"],"picked":"Slimebound:SamplingLick+1","floor":8},{"not_picked":["Slimebound:Nibble","Slimebound:ServeAndProtect+1"],"picked":"Slimebound:Schlurp+1","floor":10},{"not_picked":["Slimebound:SplitAcid+1","Slimebound:RollThrough"],"picked":"Slimebound:Gluttony","floor":11},{"not_picked":["Slimebound:ComboTackle","Slimebound:SplitLeeching+1"],"picked":"Slimebound:PressTheAttack","floor":12},{"not_picked":["Slimebound:CheckThePlaybook+1","Slimebound:HauntingLick+1"],"picked":"Slimebound:MegaLick+1","floor":14},{"not_picked":["Slimebound:TagTeam","Slimebound:WasteNot+1"],"picked":"Slimebound:OozeBath+1","floor":16},{"not_picked":["Slimebound:BestDefense+1","Slimebound:SlimeTap+1","Slimebound:FlameTackle"],"picked":"SKIP","floor":18},{"not_picked":["Slimebound:HauntingLick+1","Slimebound:SlimeBarrage+1"],"picked":"Slimebound:LevelUp","floor":21},{"not_picked":["Slimebound:SplitLeeching+1","Slimebound:Nibble","Slimebound:DivideAndConquer"],"picked":"SKIP","floor":22},{"not_picked":["Slimebound:ComboTackle","Slimebound:SplitBruiser+1","Slimebound:SplitLeeching+1"],"picked":"SKIP","floor":24},{"not_picked":["Slimebound:HauntingLick+1","Slimebound:SplitAcid+1"],"picked":"Slimebound:GoopSpray+1","floor":29},{"not_picked":["Slimebound:Equalize","Slimebound:SamplingLick+1"],"picked":"Slimebound:LeechLife","floor":30},{"not_picked":["Slimebound:BestDefense","Slimebound:Prepare+1","Slimebound:ProtectTheBoss"],"picked":"SKIP","floor":31},{"not_picked":["Slimebound:MassFeed","Slimebound:OneTwoCombo"],"picked":"Slimebound:Overexert","floor":33},{"not_picked":["Slimebound:SplitSpecialist+1","Slimebound:RollThrough+1","Slimebound:LeechingTouch"],"picked":"SKIP","floor":35},{"not_picked":["Slimebound:Nibble+1","Slimebound:Schlurp+1","Slimebound:SamplingLick+1"],"picked":"SKIP","floor":37},{"not_picked":["Slimebound:Nibble","Slimebound:PressTheAttack+1","Slimebound:Prepare+1"],"picked":"SKIP","floor":39},{"not_picked":["Slimebound:CheckThePlaybook+1","Slimebound:PressTheAttack","Slimebound:DivideAndConquer+1"],"picked":"SKIP","floor":40},{"not_picked":["Slimebound:GoopTackle+1","Slimebound:Nibble+1","Slimebound:ItLooksTasty"],"picked":"SKIP","floor":41},{"not_picked":["Slimebound:PressTheAttack+1","Slimebound:LeechingTouch","Slimebound:MegaLick+1"],"picked":"SKIP","floor":42},{"not_picked":["Slimebound:PressTheAttack+1","Slimebound:GoopSpray+1","Slimebound:ItLooksTasty"],"picked":"Slimebound:RainOfGoop+1","floor":44},{"not_picked":["Slimebound:RejuvenatingLick+1","Slimebound:LeechingTouch+1","Slimebound:LeechEnergy+1","Slimebound:DivideAndConquer+1"],"picked":"SKIP","floor":45},{"not_picked":["Slimebound:SamplingLick+1","Slimebound:LeechEnergy","Slimebound:HauntingLick+1","Slimebound:RollThrough+1"],"picked":"SKIP","floor":46},{"not_picked":["Slimebound:GrowthPunch+1","Slimebound:ForwardTackle","Slimebound:Grow"],"picked":"Slimebound:LivingWall+1","floor":47}],"player_experience":786861,"relics_obtained":[{"floor":6,"key":"Toxic Egg 2"},{"floor":9,"key":"Regal Pillow"},{"floor":10,"key":"Tiny Chest"},{"floor":24,"key":"Vajra"},{"floor":24,"key":"Toy Ornithopter"},{"floor":28,"key":"Smiling Mask"},{"floor":30,"key":"Blood Vial"},{"floor":30,"key":"trackpad:ToughGloves"},{"floor":40,"key":"Pen Nib"},{"floor":40,"key":"trackpad:GuardianSpirit"},{"floor":42,"key":"Bird Faced Urn"},{"floor":42,"key":"PreservedInsect"},{"floor":43,"key":"Question Card"},{"floor":47,"key":"Orichalcum"},{"floor":47,"key":"trackpad:BottledTsunami"}],"event_choices":[{"damage_healed":0,"gold_gain":99,"player_choice":"Stole From Cult","damage_taken":0,"max_hp_gain":0,"max_hp_loss":0,"event_name":"Nest","floor":20,"gold_loss":0},{"damage_healed":0,"gold_gain":0,"cards_transformed":["Slimebound:Defend_Slimebound"],"player_choice":"Transformed","damage_taken":0,"max_hp_gain":0,"max_hp_loss":0,"event_name":"Transmorgrifier","floor":38,"gold_loss":0,"cards_obtained":["Slimebound:TagTeam"]},{"damage_healed":0,"gold_gain":0,"player_choice":"Paid","damage_taken":0,"relics_obtained":["Red Mask"],"max_hp_gain":0,"max_hp_loss":0,"event_name":"Tomb of Lord Red Mask","floor":48,"gold_loss":406}],"is_beta":false,"boss_relics":[{"not_picked":["Empty Cage","Calling Bell"],"picked":"Black Star"},{"not_picked":["Runic Pyramid","Velvet Choker"],"picked":"Slimebound:TarBlob"}],"items_purged_floors":[0,36],"is_endless":false,"potions_floor_spawned":[1,4,11,12,14,21,29,30,33,39,40,41,45],"ascension_level":1}}