{"host":"gf8hyl7jhl0is674","time":1613186728,"event":{"mods":["2.2 Compatiblity","Act Like it!","Aspiration","BaseMod","CapriCore","Chen","Colored Map","Gensokyo","Hallownest","Jorbs\u0027s Wanderer Trilogy","KinomotoSakuraMod(????)","Koishi","Marisa????????","Minty Spire (QoL Compilation)","Onozuka Komachi Mod","Permanent Neow","Reimu??????","StSLib","The Administrix","The Blue Laboratory","The Immortal","The Jungle","The Servant 0.9.4","Waifu the Spire","Yakumo Yukari mod"],"gold_per_floor":[117,130,130,156,156,156,156,176,199,48,48,77,94,107,107,209,209,223,223,243,92,104,121,132,166,166,194,213,213,213,229,229,333,333,350,365,383,289,308,333,333,333,333,368,368,121,147,147,147,247,247,259,134,152,227,240,271,271,286,359,414,374,391,410,14,14,112,112,126,139,139,139,158,188,188,214,244,244,262,272,300,318,318,416,416,428,428,428,444,241,272,288,305,538,538,538,538,538,478,478,582,582,601,612,612,92,103,103,134,134,164,164,164,24,40,55,55,150,150,167,167,167,417,433,451,551,567,593,593,127,147,147,161,161,161],"floor_reached":134,"language":"ENG","playtime":9313,"items_purged":["Strike_S","Defend_S","Defend_G","Deny"],"score":3506,"play_id":"5ee13caa-3b6f-4723-b397-6a33b250727c","local_time":"20210212202528","is_ascension_mode":false,"campfire_choices":[{"data":"Exchange","floor":6,"key":"SMITH"},{"data":"Luminosity","floor":11,"key":"SMITH"},{"data":"KidneyShot","floor":15,"key":"SMITH"},{"data":"Potential","floor":29,"key":"SMITH"},{"data":"Luminosity","floor":32,"key":"SMITH"},{"data":"SoulSculpture","floor":41,"key":"SMITH"},{"data":"Defy","floor":49,"key":"SMITH"},{"data":"SilverBlades","floor":58,"key":"SMITH"},{"data":"Embodiment","floor":66,"key":"SMITH"},{"data":"Moonlight","floor":75,"key":"SMITH"},{"data":"FanOfKnives","floor":78,"key":"SMITH"},{"data":"Luminosity","floor":83,"key":"SMITH"},{"floor":95,"key":"REST"},{"data":"Adrenaline","floor":97,"key":"SMITH"},{"data":"Gensokyo:RainbowDanmaku","floor":100,"key":"SMITH"},{"data":"FastForward","floor":108,"key":"SMITH"},{"data":"TimeWarp","floor":110,"key":"SMITH"},{"data":"Dilation","floor":113,"key":"SMITH"},{"data":"Blur","floor":117,"key":"SMITH"},{"floor":129,"key":"REST"}],"circlet_count":0,"master_deck":["KidneyShot+1","DualDimension","ShatteredReality+1","TimeWarp+1","Luminosity+1","BottledTime","Solidify","Potential+1","Blur+1","Adrenaline+1","Defy+1","FastForward+1","WasteNot+1","Luminosity+1","Foresight+1","Dilation+1","Moonlight+1","SoulSculpture+1","Embodiment+1","SilverBlades+1","Sabotage","Luminosity+1","BottledTime","TheWorld","BottledTime","FanOfKnives+1","BottledTime+1","Starlight+1","Gensokyo:RainbowDanmaku+1","Gensokyo:CustomPotion","ShiftingGears","PendulumOfEternity","Replace","Replace+1"],"relics":["SplendidAttire","Blood Vial","Happy Flower","aspiration:Lifesprig","Mastiff:ReiMu","SlaversCollar","Oddly Smooth Stone","Ice Cream","aspiration:Stabinomicon","Letter Opener","StoneMask","aspiration:HiddenCompartment","Vajra","Lantern","Pen Nib","Pear","Ornamental Fan","Orichalcum","Runic Pyramid","Omamori","Tea:ReiMu","Akabeko","PaintedHorse:ReiMu","Pantograph","Black Star","Centennial Puzzle","Juzu Bracelet","Sozu","PureWhite:ReiMu","Gensokyo:OccultBall","Medical Kit","OrangePellets","HandDrill","Ginger","Toy Ornithopter","Fusion Hammer","Gensokyo:ChorusOfJoy","Thread and Needle","CaptainsWheel","Pan","ClockworkSouvenir","aspiration:Nostalgia","AdministrixMod:ConductorRitualBaton"],"acts_visited":["Gensokyo:Gensokyo","TheCity","Gensokyo:Gensokyoest","Exordium","Exordium","Gensokyo:Gensokyoest","Gensokyo:Gensokyo","Gensokyo:Gensokyoer"],"potions_floor_usage":[12,16,16,18,25,39,63,76,80,94,127],"damage_taken":[{"damage":1,"enemies":"Gensokyo:3_Fairies","floor":1,"turns":4},{"damage":3,"enemies":"Gensokyo:Python","floor":2,"turns":4},{"damage":1,"enemies":"Gensokyo:2_Kodama","floor":8,"turns":2},{"damage":0,"enemies":"Gensokyo:Aya","floor":12,"turns":6},{"damage":0,"enemies":"Gensokyo:LivingMonolith","floor":13,"turns":3},{"damage":0,"enemies":"Gensokyo:Kitsune","floor":14,"turns":3},{"damage":33,"enemies":"Gensokyo:Kokoro","floor":16,"turns":15},{"damage":0,"enemies":"Spheric Guardian","floor":18,"turns":4},{"damage":10,"enemies":"Shell Parasite","floor":20,"turns":4},{"damage":0,"enemies":"3 Cultists","floor":22,"turns":4},{"damage":0,"enemies":"Snecko","floor":23,"turns":5},{"damage":4,"enemies":"Centurion and Healer","floor":24,"turns":4},{"damage":0,"enemies":"Gremlin Leader","floor":25,"turns":5},{"damage":0,"enemies":"Book of Stabbing","floor":27,"turns":5},{"damage":6,"enemies":"Shelled Parasite and Fungi","floor":28,"turns":5},{"damage":7,"enemies":"Snecko","floor":31,"turns":4},{"damage":0,"enemies":"Automaton","floor":33,"turns":5},{"damage":0,"enemies":"Gensokyo:3_Bats","floor":35,"turns":3},{"damage":0,"enemies":"Gensokyo:AncientGuardian","floor":36,"turns":4},{"damage":5,"enemies":"Gensokyo:Sharpion","floor":37,"turns":4},{"damage":10,"enemies":"Gensokyo:4_Bats","floor":39,"turns":4},{"damage":14,"enemies":"Gensokyo:Marisa","floor":40,"turns":4},{"damage":21,"enemies":"Gensokyo:Kasen","floor":44,"turns":3},{"damage":0,"enemies":"Gensokyo:Shinki","floor":50,"turns":9},{"damage":10,"enemies":"Small Slimes","floor":52,"turns":3},{"damage":6,"enemies":"Jaw Worm","floor":54,"turns":3},{"damage":0,"enemies":"2 Louse","floor":56,"turns":2},{"damage":0,"enemies":"Gremlin Nob","floor":57,"turns":2},{"damage":0,"enemies":"Blue Slaver","floor":59,"turns":1},{"damage":0,"enemies":"Lagavulin Event","floor":61,"turns":3},{"damage":5,"enemies":"2 Fungi Beasts","floor":63,"turns":2},{"damage":0,"enemies":"Exordium Thugs","floor":64,"turns":2},{"damage":0,"enemies":"Slime Boss","floor":67,"turns":3},{"damage":0,"enemies":"theJungle:GiantWrat","floor":69,"turns":1},{"damage":5,"enemies":"theJungle:MUSHROOMGANG","floor":70,"turns":3},{"damage":18,"enemies":"theJungle:2_Flameangoes","floor":73,"turns":4},{"damage":0,"enemies":"theJungle:MamaSnecko","floor":74,"turns":3},{"damage":20,"enemies":"theJungle:Cassacara","floor":76,"turns":4},{"damage":0,"enemies":"theJungle:2_Phrogs","floor":77,"turns":3},{"damage":0,"enemies":"theJungle:JungleHuntersEncounter","floor":79,"turns":3},{"damage":15,"enemies":"theJungle:2_Snecko_Cultists","floor":80,"turns":3},{"damage":0,"enemies":"theJungle:MamaSnecko","floor":81,"turns":3},{"damage":3,"enemies":"theJungle:Snecko_Cultist_And_Trap","floor":82,"turns":3},{"damage":0,"enemies":"theJungle:FunGuy","floor":84,"turns":5},{"damage":0,"enemies":"Gensokyo:3_Boulders","floor":86,"turns":3},{"damage":0,"enemies":"Gensokyo:3_Bats","floor":89,"turns":2},{"damage":14,"enemies":"Gensokyo:Marisa","floor":91,"turns":4},{"damage":0,"enemies":"Gensokyo:SeedOfUnknown","floor":92,"turns":1},{"damage":23,"enemies":"Gensokyo:Dusk_and_Dawn","floor":93,"turns":4},{"damage":53,"enemies":"Gensokyo:Kasen","floor":94,"turns":4},{"damage":30,"enemies":"Gensokyo:Kasen","floor":98,"turns":5},{"damage":0,"enemies":"Gensokyo:Scarlet_Devils","floor":101,"turns":3},{"damage":0,"enemies":"Gensokyo:3_Fairies","floor":103,"turns":2},{"damage":0,"enemies":"Gensokyo:2_Kodama","floor":104,"turns":1},{"damage":0,"enemies":"Gensokyo:Python","floor":107,"turns":1},{"damage":0,"enemies":"Gensokyo:Mamizou","floor":109,"turns":3},{"damage":0,"enemies":"Gensokyo:Cirno","floor":111,"turns":4},{"damage":0,"enemies":"Gensokyo:5_Fairies","floor":115,"turns":2},{"damage":0,"enemies":"Gensokyo:VengefulSpirit","floor":116,"turns":2},{"damage":0,"enemies":"Gensokyo:Reimu","floor":118,"turns":3},{"damage":0,"enemies":"Gensokyo:CosmicMonolith","floor":120,"turns":1},{"damage":0,"enemies":"Gensokyo:Chomper","floor":124,"turns":2},{"damage":0,"enemies":"Gensokyo:Wraith","floor":125,"turns":2},{"damage":0,"enemies":"Gensokyo:Wraith","floor":126,"turns":4},{"damage":0,"enemies":"Gensokyo:Chomper_and_Gloop","floor":127,"turns":2},{"damage":0,"enemies":"Gensokyo:Koishi","floor":128,"turns":2},{"damage":19,"enemies":"Gensokyo:Swordslinger","floor":131,"turns":2},{"damage":0,"enemies":"Gensokyo:Mirror_and_Dog","floor":133,"turns":2},{"damage":170,"enemies":"Gensokyo:Mirror_and_Dog","floor":134,"turns":2}],"seed_played":"-5896496195634584962","potions_obtained":[{"floor":1,"key":"BlessingOfTheForge"},{"floor":13,"key":"FearPotion"},{"floor":14,"key":"Swift Potion"},{"floor":16,"key":"SkillPotion"},{"floor":20,"key":"blueLaboratory:AbyssPotion"},{"floor":23,"key":"SkillPotion"},{"floor":27,"key":"Energy Potion"},{"floor":28,"key":"LiquidMemories"},{"floor":44,"key":"EssenceOfSteel"},{"floor":61,"key":"Strength Potion"},{"floor":63,"key":"PowerPotion"},{"floor":73,"key":"DuplicationPotion"},{"floor":74,"key":"blueLaboratory:ExaltedPotion"},{"floor":76,"key":"blueLaboratory:BottledHope"},{"floor":80,"key":"blueLaboratory:PhilterOfMotion"},{"floor":81,"key":"ZuzhouPotion:ReiMu"},{"floor":94,"key":"MagicPotion:ReiMu"}],"is_trial":true,"path_per_floor":["M","M","?","T","?","R","?","M","T","$","R","E","M","M","R","B",null,"M","?","M","$","M","M","M","E","T","E","M","R","T","M","R","B",null,"M","M","M","COS","M","E","R","?","T","E","?","$","T","?","R","B",null,"M","$","M","?","M","E","R","M","T","?","?","M","M","$","R","B",null,"M","M","?","$","M","E","R","E","E","R","M","M","E","M","R","B",null,"M","?","?","M","COS","E","M","M","E","R","?","R","?","?","R","B",null,"M","M","?","COS","M","R","E","R","E","?","R","?","M","M","R","B",null,"M","?","?","?","M","M","?","M","E","R","COS","M","$","M","R"],"character_chosen":"THE_SERVANT","items_purchased":["Luminosity","Defy","Ornamental Fan","Pantograph"],"campfire_rested":2,"item_purchase_floors":[10,21,46,65],"current_hp_per_floor":[64,61,35,35,35,35,35,36,36,36,36,38,40,42,42,11,65,65,65,55,55,57,59,57,59,59,61,57,57,57,52,52,54,65,68,69,67,67,70,61,61,61,61,45,40,40,40,49,49,57,88,84,84,83,72,80,85,85,90,90,95,95,95,100,100,100,102,102,103,105,105,105,94,99,99,84,92,92,100,93,98,103,103,120,120,123,123,105,116,116,107,112,97,49,88,88,88,91,91,91,121,133,133,135,135,135,136,136,137,137,137,137,137,137,137,138,138,139,139,140,140,140,132,133,134,135,137,138,138,138,122,122,130,0,0],"gold":161,"neow_bonus":"","is_daily":false,"chose_seed":false,"campfire_upgraded":18,"win_rate":0.0,"timestamp":1613186728,"path_taken":["M","M","?","?","?","R","?","M","T","?","R","E","M","?","R","BOSS","M","?","M","?","M","?","M","E","T","E","?","R","?","M","R","BOSS","M","?","M","COS","M","E","R","?","T","E","?","$","?","?","R","BOSS","M","$","?","?","M","E","R","M","T","?","?","M","M","$","R","BOSS","M","M","?","?","M","E","R","E","E","R","M","M","E","M","R","BOSS","M","?","?","M","COS","E","M","M","E","R","?","R","?","?","R","BOSS","M","M","?","COS","M","R","E","R","E","?","R","?","M","M","R","BOSS","M","?","?","?","M","M","?","M","E","R","COS","M","$","M","R"],"items_purchased_type":["Card","Card","Relic","Relic"],"build_version":"2020-12-22","purchased_purges":4,"victory":false,"max_hp_per_floor":[65,65,65,65,65,65,65,65,65,65,65,65,65,65,65,65,65,65,65,65,65,65,65,65,65,65,65,65,65,65,65,65,65,65,68,69,70,70,74,75,75,75,75,76,86,86,86,86,86,88,88,90,90,91,91,93,94,94,95,95,96,96,98,100,100,100,102,102,103,106,106,106,108,109,109,110,112,112,114,116,117,119,119,120,120,123,123,123,126,126,127,128,130,131,131,131,131,132,132,132,133,133,133,135,135,135,136,136,137,137,137,137,137,137,137,138,138,139,139,140,140,140,132,133,134,135,137,138,138,138,139,139,141,141,141],"card_choices":[{"not_picked":["Read","Advance"],"picked":"FanOfKnives","floor":1},{"not_picked":["BottledTime","StarChef"],"picked":"DualDimension","floor":2},{"not_picked":["Revamp","ReturningBlade"],"picked":"TimeWarp","floor":8},{"not_picked":["Unruled","Rewind"],"picked":"Revamp","floor":12},{"not_picked":["DoubleEdge","Replace","ShatteredReality"],"picked":"SKIP","floor":13},{"not_picked":["Revamp","DoubleEdge"],"picked":"BottledTime","floor":14},{"not_picked":["Deny","ForgedInTime"],"picked":"Solidify","floor":16},{"not_picked":["Hightail","FanOfKnives+1"],"picked":"Potential","floor":18},{"not_picked":["DualDimension","Misdirection","StarChef"],"picked":"SKIP","floor":20},{"not_picked":["Shuttle","DualDimension"],"picked":"FastForward","floor":22},{"not_picked":["Desolation+1","FastForward"],"picked":"WasteNot+1","floor":23},{"not_picked":["FanOfKnives+1","Defy","Rewind"],"picked":"SKIP","floor":24},{"not_picked":["Ricochet","Defy"],"picked":"Deny","floor":25},{"not_picked":["Potential","Revamp+1"],"picked":"Luminosity","floor":27},{"not_picked":["Shuttle","Alleviate","Barrier+1"],"picked":"SKIP","floor":28},{"not_picked":["Alleviate+1","ShatteredReality"],"picked":"Foresight+1","floor":31},{"not_picked":["Solidify","ForgedInTime"],"picked":"Dilation","floor":33},{"not_picked":["ShatteredReality","Alleviate+1","Replace"],"picked":"SKIP","floor":35},{"not_picked":["Revamp+1","DoubleEdge+1","Manipulate"],"picked":"SKIP","floor":36},{"not_picked":["ReturningBlade+1","Rearm","DoubleEdge"],"picked":"SKIP","floor":37},{"not_picked":["Ricochet+1","Luminosity+1"],"picked":"Moonlight","floor":39},{"not_picked":["Starlight+1","Revamp"],"picked":"SoulSculpture","floor":40},{"not_picked":["KillingDoll","Ricochet+1","Rewind"],"picked":"SKIP","floor":44},{"not_picked":["Initiator","SoulSculpture"],"picked":"Embodiment","floor":50},{"not_picked":["Alleviate","Shuttle","TimeWarp"],"picked":"SKIP","floor":52},{"not_picked":["Starlight","KillingDoll","Rewind"],"picked":"SKIP","floor":54},{"not_picked":["Starlight","KillingDoll","Rewind"],"picked":"SKIP","floor":54},{"not_picked":["BottledTime","Ricochet"],"picked":"SilverBlades","floor":56},{"not_picked":["InstantArmor","FanOfKnives"],"picked":"Sabotage","floor":57},{"not_picked":["ShatteredReality","DoubleEdge"],"picked":"Luminosity","floor":59},{"not_picked":["Rearm","StarChef","Read"],"picked":"SKIP","floor":63},{"not_picked":["Rearm","StarChef"],"picked":"BottledTime","floor":64},{"not_picked":["Embodiment","Deny"],"picked":"TheWorld","floor":67},{"not_picked":["MoonPhase","Defy","ReturningBlade"],"picked":"SKIP","floor":69},{"not_picked":["Unruled","Revamp","Gouge"],"picked":"SKIP","floor":70},{"not_picked":["Spin","Read"],"picked":"BottledTime","floor":73},{"not_picked":["Manipulate","SpecialFormula+1","SurpressingFire"],"picked":"SKIP","floor":74},{"not_picked":["Defy","Rearm","Shuttle"],"picked":"SKIP","floor":76},{"not_picked":["BestPractice","Desolation"],"picked":"FanOfKnives","floor":77},{"not_picked":["TimeWarp","Rewind","Duplication"],"picked":"SKIP","floor":79},{"not_picked":["Alleviate","Defy+1","DoubleEdge"],"picked":"SKIP","floor":80},{"not_picked":["Read","Barrier","SurpressingFire+1"],"picked":"SKIP","floor":81},{"not_picked":["Rewind","Foresight","TimeWarp"],"picked":"SKIP","floor":82},{"not_picked":["LightFlow","Sunlight"],"picked":"MurderousAura","floor":84},{"not_picked":["WasteNot","Unruled+1","Ricochet+1"],"picked":"SKIP","floor":86},{"not_picked":["Shuttle","Potential"],"picked":"BottledTime+1","floor":89},{"not_picked":["Hightail","GearUp","Shuttle+1"],"picked":"SKIP","floor":91},{"not_picked":["Unruled","Manipulate+1","TimeWarp"],"picked":"SKIP","floor":92},{"not_picked":["Ricochet","FastForward","Potential"],"picked":"SKIP","floor":93},{"not_picked":["Sunlight","Rewind+1"],"picked":"Starlight+1","floor":94},{"not_picked":["Gensokyo:DreamlikeParadise","Gensokyo:LifeSpringInfinity"],"picked":"Gensokyo:RainbowDanmaku","floor":98},{"not_picked":["Potential","Revamp","Read"],"picked":"SKIP","floor":103},{"not_picked":["RealityMarble","Revamp","Replace"],"picked":"SKIP","floor":104},{"not_picked":["Rewind","Rearm","Gouge"],"picked":"SKIP","floor":107},{"not_picked":["Revamp","GearUp","Defy"],"picked":"SKIP","floor":109},{"not_picked":["StarChef","FloweringNight"],"picked":"ShiftingGears","floor":111},{"not_picked":["Unruled","BestPractice","FastForward"],"picked":"SKIP","floor":115},{"not_picked":["Potential","Alleviate","BottledTime"],"picked":"SKIP","floor":116},{"not_picked":["LightFlow","FlawlessForm"],"picked":"PendulumOfEternity","floor":118},{"not_picked":["Comet+1","Replace+1","Read+1"],"picked":"SKIP","floor":120},{"not_picked":["Manipulate+1","Rewind+1","Rearm"],"picked":"SKIP","floor":124},{"not_picked":["MoonPhase","Potential","Replace"],"picked":"SKIP","floor":125},{"not_picked":["MoonPhase","Potential"],"picked":"Replace","floor":125},{"not_picked":["Starlight","FastForward+1","DoubleEdge"],"picked":"SKIP","floor":127},{"not_picked":["TimeWarp","StarChef","Spin+1"],"picked":"SKIP","floor":128},{"not_picked":["Sabotage","FastForward","TimeWarp"],"picked":"SKIP","floor":131},{"not_picked":["Revamp","Defy"],"picked":"Replace+1","floor":133}],"player_experience":438819,"relics_obtained":[{"floor":4,"key":"Blood Vial"},{"floor":9,"key":"aspiration:Lifesprig"},{"floor":12,"key":"Mastiff:ReiMu"},{"floor":25,"key":"Oddly Smooth Stone"},{"floor":26,"key":"Ice Cream"},{"floor":27,"key":"aspiration:Stabinomicon"},{"floor":30,"key":"Letter Opener"},{"floor":40,"key":"Vajra"},{"floor":43,"key":"Lantern"},{"floor":44,"key":"Pen Nib"},{"floor":47,"key":"Orichalcum"},{"floor":60,"key":"Tea:ReiMu"},{"floor":61,"key":"Akabeko"},{"floor":111,"key":"Gensokyo:OccultBall"},{"floor":118,"key":"Gensokyo:OccultBall"},{"floor":126,"key":"Thread and Needle"},{"floor":126,"key":"CaptainsWheel"},{"floor":126,"key":"Gensokyo:OccultBall"},{"floor":127,"key":"Gensokyo:OccultBall"},{"floor":128,"key":"Gensokyo:OccultBall"},{"floor":133,"key":"Gensokyo:OccultBall"}],"event_choices":[{"damage_healed":0,"gold_gain":75,"player_choice":"Gather Gold","damage_taken":11,"max_hp_gain":0,"max_hp_loss":0,"event_name":"World of Goop","floor":55,"gold_loss":0},{"damage_healed":0,"gold_gain":0,"player_choice":"Searched \u00271\u0027 times","damage_taken":0,"max_hp_gain":0,"max_hp_loss":0,"event_name":"Dead Adventurer","floor":61,"gold_loss":0},{"damage_healed":0,"gold_gain":0,"player_choice":"Donate","damage_taken":0,"relics_obtained":["PaintedHorse:ReiMu"],"max_hp_gain":0,"max_hp_loss":0,"event_name":"yidonshenshe","floor":62,"gold_loss":40},{"damage_healed":0,"gold_gain":0,"player_choice":"Bought 0 Potions","damage_taken":0,"max_hp_gain":0,"max_hp_loss":0,"event_name":"The Woman in Blue","floor":71,"gold_loss":0}],"is_beta":false,"boss_relics":[{"not_picked":["Calling Bell","aspiration:FutureDiary"],"picked":"SlaversCollar"},{"not_picked":["Cursed Key","MysterySword"],"picked":"StoneMask"},{"not_picked":["Velvet Choker","aspiration:SilentSkillbook"],"picked":"Runic Pyramid"},{"not_picked":["Astrolabe","Velvet Choker"],"picked":"Black Star"},{"not_picked":["aspiration:PoetsPen_weak","aspiration:DefectSkillbook"],"picked":"SplendidAttire"},{"not_picked":["RedLine:ReiMu","aspiration:RunicSpoon"],"picked":"Sozu"},{"not_picked":["Pandora\u0027s Box","Runic Dome"],"picked":"Fusion Hammer"}],"items_purged_floors":[10,21,53,65],"is_endless":true,"potions_floor_spawned":[1,13,14,16,20,23,27,28,36,44,54,59,61,63,64,73,74,76,80,81,89,91,94,101,104,107,109,116,118,120,126,127,128],"killed_by":"Gensokyo:Mirror_and_Dog","ascension_level":0}}