{"host":"vumwfieg2b2mnrfl","time":1613258061,"event":{"mods":["AchievementEnabler","BaseMod","Minty Spire (QoL Compilation)","Rare Cards Sparkle","Relic Stats"],"gold_per_floor":[116,131,142,142,153,153,187,152,152,22,22,39,5,38,38,109,109,29,29,29,10,10,10,10,10],"floor_reached":24,"language":"ENG","playtime":690,"items_purged":[],"score":400,"play_id":"7f6ce22d-0f21-4ea7-a03d-b4a694bc5ca8","local_time":"20210213171421","is_ascension_mode":true,"campfire_choices":[{"floor":6.0,"key":"REST"},{"floor":15.0,"key":"REST"},{"data":"Malaise","floor":23,"key":"SMITH"}],"circlet_count":0,"master_deck":["AscendersBane","Strike_G","Strike_G","Strike_G","Strike_G","Strike_G","Defend_G","Defend_G","Defend_G","Defend_G","Defend_G","Survivor","Neutralize","Backstab","Deadly Poison","Dagger Throw","Blade Dance","Malaise+1","Calculated Gamble","Leg Sweep+1","Wraith Form v2","Predator+1","Cloak And Dagger+1","Decay"],"relics":["Black Star","Kunai","The Courier","Singing Bowl","MealTicket","Toxic Egg 2","StoneCalendar","Philosopher\u0027s Stone"],"acts_visited":["TheCity"],"potions_floor_usage":[24],"damage_taken":[{"damage":1.0,"enemies":"Small Slimes","floor":1.0,"turns":4.0},{"damage":0.0,"enemies":"2 Louse","floor":2.0,"turns":3.0},{"damage":2.0,"enemies":"Jaw Worm","floor":3.0,"turns":3.0},{"damage":26.0,"enemies":"Exordium Thugs","floor":5.0,"turns":6.0},{"damage":25.0,"enemies":"Gremlin Nob","floor":7.0,"turns":4.0},{"damage":11.0,"enemies":"Exordium Wildlife","floor":12.0,"turns":5.0},{"damage":37.0,"enemies":"3 Sentries","floor":14.0,"turns":11.0},{"damage":24.0,"enemies":"The Guardian","floor":16.0,"turns":15.0},{"damage":11.0,"enemies":"2 Thieves","floor":18.0,"turns":4.0},{"damage":70,"enemies":"Slavers","floor":24,"turns":3}],"seed_played":"-456100590969483908","potions_obtained":[{"floor":2.0,"key":"Ancient Potion"},{"floor":12.0,"key":"BlessingOfTheForge"},{"floor":14.0,"key":"Block Potion"},{"floor":16.0,"key":"Explosive Potion"}],"is_trial":false,"path_per_floor":["M","M","M","?","M","R","E","?","T","$","?","M","$","E","R","B",null,"M","?","?","$","?","R","E"],"character_chosen":"THE_SILENT","items_purchased":["MealTicket","Calculated Gamble","Cloak And Dagger+1"],"campfire_rested":2,"item_purchase_floors":[10,13,21],"current_hp_per_floor":[58,58,56,56,30,49,24,40,40,40,40,31,46,9,29,5,52,41,41,41,56,56,56,0,0],"gold":10,"neow_bonus":"BOSS_RELIC","is_daily":false,"chose_seed":false,"campfire_upgraded":1,"win_rate":0.0,"timestamp":1613258061,"path_taken":["M","M","M","?","M","R","E","?","T","$","?","M","?","E","R","BOSS","M","?","?","$","?","R","E"],"items_purchased_type":["Relic","Card","Card"],"build_version":"2020-12-22","purchased_purges":0,"victory":false,"max_hp_per_floor":[66,66,66,66,66,66,66,66,66,66,66,68,68,68,68,68,68,68,68,68,68,68,68,68,68],"relic_stats":{"Singing Bowl":2,"counters":[10,58],"MealTicket":30,"StoneCalendar":[52],"Black Star":2,"Kunai":[15],"obtain_stats":[{"Singing Bowl":9,"MealTicket":10,"StoneCalendar":14,"Philosopher\u0027s Stone":17,"The Courier":7,"Black Star":0,"Kunai":7,"Toxic Egg 2":14,"Ring of the Snake":0},{"Singing Bowl":5,"MealTicket":5,"StoneCalendar":7,"Philosopher\u0027s Stone":8,"The Courier":5,"Black Star":0,"Kunai":5,"Toxic Egg 2":7,"Ring of the Snake":0},{"Singing Bowl":20,"MealTicket":20,"StoneCalendar":36,"Philosopher\u0027s Stone":51,"The Courier":20,"Black Star":0,"Kunai":20,"Toxic Egg 2":36,"Ring of the Snake":0}]},"card_choices":[{"not_picked":["Bane","Deflect"],"picked":"Backstab","floor":1.0},{"not_picked":["Endless Agony","Quick Slash"],"picked":"Deadly Poison","floor":2.0},{"not_picked":["Underhanded Strike","Quick Slash"],"picked":"Dagger Throw","floor":3.0},{"not_picked":["Masterful Stab","Underhanded Strike"],"picked":"Blade Dance","floor":5.0},{"not_picked":["Quick Slash","Riddle With Holes"],"picked":"Malaise","floor":7.0},{"not_picked":["Poisoned Stab","Distraction","Calculated Gamble"],"picked":"Singing Bowl","floor":12.0},{"not_picked":["Reflex+1","Outmaneuver+1"],"picked":"Leg Sweep+1","floor":14.0},{"not_picked":["Unload","Malaise+1"],"picked":"Wraith Form v2","floor":16.0},{"not_picked":["Bane","Slice"],"picked":"Predator+1","floor":18.0}],"player_experience":555662,"relics_obtained":[{"floor":7.0,"key":"Kunai"},{"floor":7.0,"key":"The Courier"},{"floor":9.0,"key":"Singing Bowl"},{"floor":14.0,"key":"Toxic Egg 2"},{"floor":14.0,"key":"StoneCalendar"}],"event_choices":[{"damage_healed":0.0,"max_hp_gain":0.0,"max_hp_loss":0.0,"gold_gain":0.0,"event_name":"Shining Light","player_choice":"Ignored","floor":4.0,"gold_loss":0.0,"damage_taken":0.0},{"damage_healed":16.0,"max_hp_gain":0.0,"max_hp_loss":0.0,"gold_gain":0.0,"event_name":"The Cleric","player_choice":"Healed","floor":8.0,"gold_loss":35.0,"damage_taken":0.0},{"damage_healed":0.0,"max_hp_gain":0.0,"max_hp_loss":0.0,"gold_gain":0.0,"event_name":"Liars Game","player_choice":"Ignored","floor":11.0,"gold_loss":0.0,"damage_taken":0.0},{"damage_healed":0,"gold_gain":0,"player_choice":"Ignored","damage_taken":0,"max_hp_gain":0,"max_hp_loss":0,"event_name":"Cursed Tome","floor":19,"gold_loss":0},{"damage_healed":0,"gold_gain":0,"player_choice":"Ignored","damage_taken":0,"max_hp_gain":0,"max_hp_loss":0,"event_name":"The Mausoleum","floor":20,"gold_loss":0},{"damage_healed":0,"gold_gain":0,"player_choice":"Smashed Altar","damage_taken":0,"max_hp_gain":0,"max_hp_loss":0,"event_name":"Forgotten Altar","floor":22,"gold_loss":0,"cards_obtained":["Decay"]}],"is_beta":false,"boss_relics":[{"not_picked":["Snecko Eye","Empty Cage"],"picked":"Philosopher\u0027s Stone"}],"items_purged_floors":[],"is_endless":false,"potions_floor_spawned":[2,12,14,16],"killed_by":"Slavers","ascension_level":20}}