{"host":"Ringo","time":1613200186,"event":{"mods":["BaseMod","Colored Map","Conspire","Dota2Spire","Hubris","Minty Spire (QoL Compilation)","Replay The Spire","StSLib","The Construct","[IsaacMod]ÒÔÈö¼âËþ","¡¾ÒÅÎï¿¨ÅÆ¡¿REMEMod"],"gold_per_floor":[110,148,163,238,324,399,433,470,551,580,609,642,680,707,707,782,832,855,594,619,76,108,143,183,219,219,219,219,254,299,343,355,445,457,481,511,523,65,65,105,105,130,205,258,258,292,329,342,342,345,348],"floor_reached":52,"language":"ZHS","playtime":1031,"items_purged":["Pot Of Greed+1"],"score":3873,"play_id":"cbd84a20-3e45-4f80-ae02-cc5b8ca5bbb4","local_time":"20210213150946","daily_mods":["SealedDeck","Vintage","Red Cards","Purple Cards","Colorless Cards","Heirloom","Time Dilation","Flight","DeadlyEvents","Elite Swarm","Lethality","Binary"],"is_ascension_mode":true,"campfire_choices":[{"data":"Pommel Strike","floor":15.0,"key":"SMITH"},{"data":"REME_HeartOfCthun","floor":15.0,"key":"SMITH"},{"data":"Replay:Undeath\u0027s Touch","floor":27.0,"key":"SMITH"},{"data":"Spot Weakness","floor":27.0,"key":"SMITH"},{"data":"Protect","floor":32.0,"key":"SMITH"},{"data":"FollowUp","floor":32.0,"key":"SMITH"},{"data":"Anger","floor":45,"key":"SMITH"},{"data":"CutThroughFate","floor":45,"key":"SMITH"},{"data":"EmptyFist","floor":49,"key":"SMITH"}],"circlet_count":0,"master_deck":["AscendersBane","Shrug It Off+1","CutThroughFate+1","FollowUp+1","Cleave+1","EmptyFist+1","Spot Weakness+1","Protect+1","Anger+1","Pommel Strike+1","Crescendo+1","REME_HeartOfCthun+1","Ragnarok+1","Replay:AtTheReady+1","FlyingSleeves+1","REME_Fury+1","Replay:Undeath\u0027s Touch+1","Pot Of Greed+1","Nirvana+1","Good Instincts+1"],"relics":["Burning Blood","Busted Crown","HushsDoor","REME_ComplimentaryCards","replay:Trail_Library","Replay:Arrowhead","GuppysTail","AnarchistCookbook","REME_HandOfSuture","REME_ArchaeologicalTools","construct:FoamFinger","BelialBook","Replay:Bottled Eggs","hubris:IronBody","Peace Pipe","Dota2Spire:OrchidMalevolence","hubris:CrystalStatue","Onion Ring","Lantern","Orichalcum","Toxic Egg 2","Tiny House","SatanicBible","Dota2Spire:ArmletOfMordiggian","ReplayFunnel","Replay:Wax Seal","Whetstone","Lee\u0027s Waffle","Art of War","Replay:Baseball","hubris:DeckOfHolding","conspire:GiftBox","Replay:Bottled Flurry","Dota2Spire:EyeOfSkadi","MawBank","HowToJump","Grinning Jar","hubris:ScarierMask","GuppysCollar","GuppysPaw","hubris:Spice","Replay:Ringing Soul","hubris:Icosahedron","conspire:Dentures","Dota2Spire:LinkenSphere","Dota2Spire:LotusOrb","War Paint"],"acts_visited":["Exordium","TheCity","TheBeyond"],"potions_floor_usage":[51,51],"damage_taken":[{"damage":0.0,"enemies":"Small Slimes","floor":1.0,"turns":1.0},{"damage":0.0,"enemies":"Cultist","floor":3.0,"turns":1.0},{"damage":0.0,"enemies":"Hiden Room Battle","floor":5.0,"turns":1.0},{"damage":0.0,"enemies":"3 Sentries","floor":6.0,"turns":1.0},{"damage":0.0,"enemies":"Gremlin Nob","floor":7.0,"turns":1.0},{"damage":0.0,"enemies":"3 Sentries","floor":8.0,"turns":2.0},{"damage":0.0,"enemies":"Gremlin Nob","floor":10.0,"turns":1.0},{"damage":0.0,"enemies":"3 Sentries","floor":11.0,"turns":2.0},{"damage":0.0,"enemies":"Lagavulin","floor":12.0,"turns":1.0},{"damage":0.0,"enemies":"Gremlin Nob","floor":13.0,"turns":1.0},{"damage":0.0,"enemies":"Lagavulin","floor":14.0,"turns":1.0},{"damage":0.0,"enemies":"Hexaghost","floor":16.0,"turns":1.0},{"damage":0.0,"enemies":"3 Byrds","floor":18.0,"turns":1.0},{"damage":0.0,"enemies":"Chosen","floor":20.0,"turns":1.0},{"damage":0.0,"enemies":"conspire:MimicChest","floor":22.0,"turns":1.0},{"damage":0.0,"enemies":"Book of Stabbing","floor":23.0,"turns":1.0},{"damage":0.0,"enemies":"Gremlin Leader","floor":24.0,"turns":1.0},{"damage":0.0,"enemies":"Book of Stabbing","floor":25.0,"turns":1.0},{"damage":0.0,"enemies":"Slavers","floor":29.0,"turns":1.0},{"damage":0.0,"enemies":"Gremlin Leader","floor":30.0,"turns":1.0},{"damage":0.0,"enemies":"Book of Stabbing","floor":31.0,"turns":1.0},{"damage":0.0,"enemies":"Champ","floor":33.0,"turns":1.0},{"damage":0.0,"enemies":"3 Shapes","floor":35.0,"turns":1.0},{"damage":0,"enemies":"3 Darklings","floor":36,"turns":1},{"damage":0,"enemies":"R_Hoarder","floor":40,"turns":1},{"damage":0,"enemies":"Giant Head","floor":42,"turns":1},{"damage":0,"enemies":"R_Hoarder","floor":44,"turns":2},{"damage":0,"enemies":"Reptomancer","floor":46,"turns":1},{"damage":0,"enemies":"R_Hoarder","floor":47,"turns":1},{"damage":0,"enemies":"Jaw Worm Horde","floor":48,"turns":1},{"damage":0,"enemies":"Awakened One","floor":50,"turns":3},{"damage":0,"enemies":"hubris:GrandSnecko","floor":51,"turns":1}],"seed_played":"7032085785968801726","potions_obtained":[{"floor":1.0,"key":"DistilledChaos"},{"floor":2.0,"key":"PowerPotion"},{"floor":5.0,"key":"REME_GoldPotion"},{"floor":6.0,"key":"Milkshake"},{"floor":7.0,"key":"Block Potion"},{"floor":10.0,"key":"SpeedPotion"},{"floor":12.0,"key":"EssenceOfSteel"},{"floor":17.0,"key":"LifebloodPotion"}],"is_trial":true,"path_per_floor":["M","?","M","?","?","E","E","E","T","E","E","E","E","E","R","B",null,"M","$","M","$","?","E","E","E","T","R","T","E","E","E","R","B",null,"M","M","?","$","?","E","T","E","T","E","R","E","E","M","R","B","B",null],"character_chosen":"IRONCLAD","items_purchased":["SatanicBible","Ragnarok","ReplayFunnel","Replay:AtTheReady+1","FlyingSleeves","Whetstone","Lee\u0027s Waffle","REME_Fury+1","Replay:Undeath\u0027s Touch","GuppysCollar","GuppysPaw","hubris:Spice","Nirvana+1"],"campfire_rested":0,"item_purchase_floors":[17,17,19,19,19,21,21,21,21,34,34,38,38],"current_hp_per_floor":[74,74,75,64,70,75,75,75,75,75,75,75,75,75,75,75,66,66,66,66,73,73,73,73,73,73,73,78,78,78,78,78,78,40,48,48,48,59,59,59,59,51,46,39,39,39,31,31,31,31,31],"gold":348,"neow_bonus":"","is_daily":false,"chose_seed":false,"campfire_upgraded":9,"win_rate":0.0,"timestamp":1613200186,"path_taken":["M","?","?","?","?","E","E","E","T","E","E","E","E","E","R","BOSS","M","$","M","$","?","E","E","E","T","R","?","E","?","E","R","BOSS","M","M","?","$","?","E","?","E","T","E","R","E","E","M","R","BOSS","BOSS"],"items_purchased_type":["Relic","Card","Relic","Card","Card","Relic","Relic","Card","Card","Relic","Relic","Relic","Card"],"build_version":"2020-12-18","purchased_purges":1,"victory":true,"max_hp_per_floor":[75,75,75,75,75,75,75,75,75,75,75,75,75,75,75,75,66,66,66,66,73,73,73,73,73,73,73,78,78,78,78,78,78,40,48,48,48,59,59,59,59,51,46,39,39,39,31,31,31,31,31],"card_choices":[{"not_picked":[],"picked":"Bomb","floor":0.0}],"player_experience":685153,"relics_obtained":[{"floor":1.0,"key":"AnarchistCookbook"},{"floor":2.0,"key":"REME_HandOfSuture"},{"floor":3.0,"key":"REME_ArchaeologicalTools"},{"floor":5.0,"key":"construct:FoamFinger"},{"floor":5.0,"key":"BelialBook"},{"floor":6.0,"key":"Replay:Bottled Eggs"},{"floor":7.0,"key":"hubris:IronBody"},{"floor":8.0,"key":"Peace Pipe"},{"floor":9.0,"key":"Dota2Spire:OrchidMalevolence"},{"floor":10.0,"key":"hubris:CrystalStatue"},{"floor":11.0,"key":"Onion Ring"},{"floor":12.0,"key":"Lantern"},{"floor":13.0,"key":"Orichalcum"},{"floor":14.0,"key":"Toxic Egg 2"},{"floor":18.0,"key":"Dota2Spire:ArmletOfMordiggian"},{"floor":20.0,"key":"Replay:Wax Seal"},{"floor":22.0,"key":"Art of War"},{"floor":23.0,"key":"Replay:Baseball"},{"floor":24.0,"key":"hubris:DeckOfHolding"},{"floor":25.0,"key":"conspire:GiftBox"},{"floor":26.0,"key":"Replay:Bottled Flurry"},{"floor":28.0,"key":"Dota2Spire:EyeOfSkadi"},{"floor":29.0,"key":"MawBank"},{"floor":30.0,"key":"HowToJump"},{"floor":31.0,"key":"Grinning Jar"},{"floor":35,"key":"hubris:Spice"},{"floor":36,"key":"Replay:Ringing Soul"},{"floor":40,"key":"conspire:Dentures"},{"floor":41,"key":"Dota2Spire:LinkenSphere"},{"floor":42,"key":"hubris:Spice"},{"floor":43,"key":"hubris:Spice"},{"floor":44,"key":"hubris:Spice"},{"floor":46,"key":"Dota2Spire:LotusOrb"},{"floor":47,"key":"hubris:Spice"},{"floor":48,"key":"War Paint"}],"event_choices":[{"damage_healed":0.0,"max_hp_gain":0.0,"max_hp_loss":0.0,"gold_gain":75.0,"event_name":"World of Goop","player_choice":"Gather Gold","floor":4.0,"gold_loss":0.0,"damage_taken":11.0},{"damage_healed":0.0,"max_hp_gain":0.0,"max_hp_loss":0.0,"gold_gain":0.0,"event_name":"HidenRoomEvent","player_choice":"Fight","floor":5.0,"gold_loss":0.0,"damage_taken":0.0},{"damage_healed":0,"gold_gain":0,"player_choice":"Memory 1","damage_taken":0,"max_hp_gain":0,"max_hp_loss":0,"event_name":"SensoryStone","floor":39,"gold_loss":0}],"is_beta":true,"boss_relics":[{"not_picked":["conspire:RunicOctahedron","Empty Cage"],"picked":"Tiny House"},{"not_picked":[]},{"not_picked":["conspire:SeveredTorchhead","Snecko Eye"],"picked":"hubris:ScarierMask"},{"not_picked":[]}],"items_purged_floors":[38],"is_endless":false,"potions_floor_spawned":[1,5,6,7,10,12,13,20,23,25,29,36,40,42,44],"ascension_level":20}}