{"host":"o3b7ow6d1xe49css","time":1613223914,"event":{"mods":["Act Like it!","Aspiration","BaseMod","Bestiary","Better Altar","Better Match","Better Note","Better Sensory Stone","Better Skull","Better Third Choice","Colored Powertips","Conspire","Energized Spire","Force Act Four","GifTheSpireLib","Halation","Hermit","Hubris","Infinite Spire","Lobotomy","Marisa????????","Minty Spire (QoL Compilation)","Quick Restart","Rare Cards Sparkle","Relic Filter Mod","Reliquary","Replay The Spire","Spicy Shops","Spikes Relics","Spire Arcade","StSLib","Stuff the Spire","The Blue Laboratory","Wandering Minibosses"],"gold_per_floor":[119,137,152,162,162,190,217,249,249,281,281,306,16,49,49,144,144,159,7,25,25,300,326,326,24,24,24,61,61,94,133,133,248,248,275,304,334,334,365,365,427,476,476,13,13,13,59,107,107,235,235,235,58,103,113],"floor_reached":56,"language":"ENG","playtime":2787,"items_purged":["Scorched","Strike_P","Strike_P","Pride","Strike_P","Strike_P"],"score":2046,"play_id":"ebb1bbb5-413b-41f1-b3c1-c4e20dda5e2a","local_time":"20210213044514","daily_mods":["Heirloom","Flight"],"is_ascension_mode":true,"campfire_choices":[{"floor":15,"key":"REST"},{"floor":15,"key":"DIG"},{"floor":24,"key":"REST"},{"data":"Regret","floor":24,"key":"SMITH"},{"data":"BlessedFruit","floor":27,"key":"SMITH"},{"floor":32,"key":"REST"},{"data":"Fasting2","floor":32,"key":"SMITH"},{"floor":40,"key":"RECALL"},{"floor":45,"key":"REST"},{"data":"BlessedFruit","floor":45,"key":"SMITH"},{"floor":49,"key":"REST"},{"data":"hubris:DuctTapeCard","floor":49,"key":"SMITH"},{"data":"Wireheading","floor":52,"key":"SMITH"}],"circlet_count":0,"master_deck":["Defend_P","Defend_P","Defend_P","Eruption","Vigilance","BlessedFruit+1","BlessedFruit+1","Consecrate","ClearTheMind","Worship","Consecrate","CutThroughFate+1","CutThroughFate+1","Wireheading+1","UniverseFragment","Evaluate+1","Fasting2+1","SandsOfTime+1","SandsOfTime+1","hubris:DuctTapeCard+3","Acrobatics+1","Reaper+1","hermit:WideOpen+1","Swift Strike+1","Prostrate+1","BattleHymn"],"relics":["PureWater","Ring of Chaos","HeavenlyBonsai","CogitoBucket","hubris:Towel","infinitespire:Magic Flask","hubris:DeckOfHolding","StuffTheSpire:ForceGauntlet","Singing Bowl","Blue Doll","hubris:SlimyHat","Molten Egg 2","Strawberry","Matryoshka","ChewingGum","AspirationHeart","PrismaticShard","halation:PrussianBluePaint","Bottled Lightning","Replay:Bandana","hubris:FunFungus","hubris:DuctTape","wanderingMiniBosses:OtherGremlinHorn","Gremlin Horn","Runic Pyramid","SkinProphecy","aspiration:StickyExplosives_weak","Lantern","Pear","conspire:GlowingRock","ClockworkSouvenir","StuffTheSpire:NeowsTribute","halation:LostSnail","Simple Rune","aspiration:AnachronicSnailShell","energizedSpire:StickyHand","Ring of Chaos","Rawhide"],"acts_visited":["Exordium","TheCity","TheBeyond","Exordium","TheEnding"],"potions_floor_usage":[6,14,23,23,33,39,50,55],"damage_taken":[{"damage":24,"enemies":"infinitespire:Voidling","floor":1,"turns":7},{"damage":0,"enemies":"Cultist","floor":2,"turns":4},{"damage":1,"enemies":"Small Slimes","floor":3,"turns":3},{"damage":0,"enemies":"2 Fungi Beasts","floor":4,"turns":2},{"damage":0,"enemies":"Replay:BlueRogue","floor":6,"turns":3},{"damage":0,"enemies":"3 Sentries","floor":7,"turns":2},{"damage":10,"enemies":"Gremlin Nob","floor":8,"turns":3},{"damage":0,"enemies":"Lagavulin","floor":10,"turns":3},{"damage":8,"enemies":"Replay:BlueRogue","floor":12,"turns":4},{"damage":0,"enemies":"3 Sentries","floor":14,"turns":2},{"damage":0,"enemies":"Slime Boss","floor":16,"turns":3},{"damage":10,"enemies":"3 Byrds","floor":18,"turns":2},{"damage":0,"enemies":"conspire:FuzzyDice","floor":20,"turns":5},{"damage":29,"enemies":"Nightmare","floor":23,"turns":7},{"damage":42,"enemies":"Book of Stabbing","floor":28,"turns":6},{"damage":51,"enemies":"3 Cultists","floor":30,"turns":5},{"damage":0,"enemies":"Replay:Snechameleon","floor":31,"turns":5},{"damage":0,"enemies":"Collector","floor":33,"turns":5},{"damage":29,"enemies":"Orb Walker","floor":35,"turns":4},{"damage":8,"enemies":"3 Shapes","floor":36,"turns":4},{"damage":1,"enemies":"Maw","floor":37,"turns":6},{"damage":0,"enemies":"Writhing Mass","floor":39,"turns":3},{"damage":0,"enemies":"Reptomancer","floor":41,"turns":4},{"damage":32,"enemies":"Nightmare","floor":42,"turns":7},{"damage":1,"enemies":"Nemesis","floor":47,"turns":3},{"damage":7,"enemies":"R_Hoarder","floor":48,"turns":4},{"damage":17,"enemies":"Awakened One","floor":50,"turns":6},{"damage":17,"enemies":"Shield and Spear","floor":54,"turns":4},{"damage":8,"enemies":"The Heart","floor":55,"turns":8}],"seed_played":"-1738586373899402119","potions_obtained":[{"floor":2,"key":"LiquidMemories"},{"floor":6,"key":"blueLaboratory:CorrosionFlask"},{"floor":10,"key":"blueLaboratory:SavagePotion"},{"floor":14,"key":"Strength Potion"},{"floor":18,"key":"blueLaboratory:BubblePotion"},{"floor":30,"key":"GamblersBrew"},{"floor":33,"key":"blueLaboratory:BottleOfVodka"},{"floor":37,"key":"SpeedPotion"},{"floor":47,"key":"blueLaboratory:HummingbirdPotion"},{"floor":50,"key":"blueLaboratory:TrueEctoplasm"}],"is_trial":true,"path_per_floor":["M","M","M","M","?","E","E","E","T","E","?","E","$","E","R","B",null,"M","$","M","?","?","NM","R","$","T","R","E","AVR","M","E","R","B",null,"M","M","M","?","M","R","E","NM","T","$","R","AVR","E","E","R","B",null,"R","$","E","B",null],"character_chosen":"WATCHER","items_purchased":["Molten Egg 2","CutThroughFate+1","PrismaticShard","Fasting2","SandsOfTime+1","conspire:GlowingRock","ClockworkSouvenir","StuffTheSpire:NeowsTribute","BattleHymn"],"campfire_rested":5,"item_purchase_floors":[13,13,19,25,25,44,44,44,53],"current_hp_per_floor":[64,66,67,67,67,69,70,60,60,64,64,57,57,66,94,97,98,100,100,104,104,104,81,117,117,117,117,80,80,33,39,78,82,123,106,100,118,127,141,141,140,110,120,120,174,174,173,172,194,201,202,202,202,193,187],"gold":113,"neow_bonus":"","is_daily":false,"chose_seed":false,"campfire_upgraded":6,"win_rate":0.0,"timestamp":1613223914,"path_taken":["M","M","M","?","?","E","E","E","T","E","?","E","$","E","R","BOSS","M","$","M","?","?","NM","R","$","T","R","E","AVR","?","E","R","BOSS","M","?","?","?","?","R","E","NM","T","$","R","AVR","E","E","R","BOSS","R","$","E","BOSS"],"items_purchased_type":["Relic","Card","Relic","Card","Card","Relic","Relic","Relic","Card"],"build_version":"2020-12-22","purchased_purges":6,"victory":true,"max_hp_per_floor":[74,76,78,78,78,80,81,81,81,85,85,86,86,95,95,98,98,110,110,114,114,114,120,120,120,120,120,125,125,128,133,133,136,136,140,147,152,152,158,158,163,170,180,180,180,180,186,194,194,202,202,202,202,210,216],"card_choices":[{"not_picked":["Replay:AtTheReady","ThirdEye"],"picked":"Halt","floor":1},{"not_picked":["BlackArmy","BeautyBeast","Bloodbath"],"picked":"Singing Bowl","floor":1},{"not_picked":["FieryBird","OldLady","ShyLook"],"picked":"Singing Bowl","floor":2},{"not_picked":["JustLucky","Prostrate","SandsOfTime"],"picked":"SKIP","floor":2},{"not_picked":["EmptyBody","Crescendo"],"picked":"Consecrate","floor":3},{"not_picked":["OldLady","VoidDream","Murderer"],"picked":"Singing Bowl","floor":3},{"not_picked":["PunishingBird","BlackSwan"],"picked":"Scorched","floor":3},{"not_picked":["FairyFestival","OldLady","MHz"],"picked":"Singing Bowl","floor":4},{"not_picked":["Replay:ManipulateFuture","JustLucky","SashWhip"],"picked":"SKIP","floor":4},{"not_picked":["Sanctity","Study"],"picked":"ClearTheMind","floor":6},{"not_picked":["DeceiveReality","Replay:ManipulateFuture","EmptyFist"],"picked":"SKIP","floor":7},{"not_picked":["SpiritShield","Omniscience"],"picked":"Worship","floor":8},{"not_picked":["FlyingSleeves","CutThroughFate","MentalFortress"],"picked":"Singing Bowl","floor":10},{"not_picked":["Weave","Replay:ManipulateFuture"],"picked":"Consecrate","floor":12},{"not_picked":["TalkToTheHand+1","Swivel"],"picked":"Wireheading","floor":14},{"not_picked":["GalaxyChild","SpiderBud","HappyTeddy"],"picked":"Singing Bowl","floor":14},{"not_picked":["CrumblingArmor","MHz"],"picked":"UniverseFragment","floor":14},{"not_picked":["ConjureBlade","Blasphemy","Establishment"],"picked":"Singing Bowl","floor":16},{"not_picked":["LongBird","Alriune","LaLuna"],"picked":"Singing Bowl","floor":16},{"not_picked":["SashWhip+1","FollowUp+1"],"picked":"Evaluate+1","floor":18},{"not_picked":["Collect","Replay:ManipulateFuture","hermit:TrackingShot+1"],"picked":"Singing Bowl","floor":20},{"not_picked":["infinitespire:DeathsTouch","infinitespire:TheBestDefense","ReplayTheSpireMod:Echoes of Time"],"picked":"Singing Bowl","floor":23},{"not_picked":["hermit:Quickdraw+1","hermit:CursedWeapon+1","Defragment"],"picked":"Singing Bowl","floor":23},{"not_picked":["Reverberation+1","Distraction","StuffTheSpire:BumpUp+1"],"picked":"Singing Bowl","floor":28},{"not_picked":["PulseMagic+1","SomewhereSpear"],"picked":"Acrobatics+1","floor":30},{"not_picked":["ConjureBlade","hermit:ItchyTrigger+1","StuffTheSpire:SnapShoot"],"picked":"Singing Bowl","floor":31},{"not_picked":["Crow Ritual","Malaise"],"picked":"Reaper+1","floor":33},{"not_picked":["Lantern+1","Dagger Throw+1","GravityBeat+1"],"picked":"Singing Bowl","floor":35},{"not_picked":["hubris:Insight+1","Buffer","Sucker Punch+1"],"picked":"Singing Bowl","floor":36},{"not_picked":["Slice+1","FlyingSleeves+1"],"picked":"hermit:WideOpen+1","floor":37},{"not_picked":["hermit:Manifest","MagicChant+1","EventHorizon"],"picked":"Singing Bowl","floor":39},{"not_picked":["Havoc+1","Steam Power+1"],"picked":"Swift Strike+1","floor":41},{"not_picked":["RapturousDream","hubris:ReadiedAction","ReplayTheSpireMod:Dual Polarity"],"picked":"Singing Bowl","floor":42},{"not_picked":["PanicButton+1","hermit:Dive"],"picked":"Prostrate+1","floor":47},{"not_picked":["hermit:Deadeye+1","Crippling Poison","Diffraction"],"picked":"Singing Bowl","floor":48},{"not_picked":["infinitespire:Neurotoxin","Unload+1","Hemogenesis+1"],"picked":"Singing Bowl","floor":50},{"not_picked":["hermit:CursedWeapon+1","Cloak And Dagger","ShootingEcho+1"],"picked":"Singing Bowl","floor":54}],"player_experience":1391514,"relics_obtained":[{"floor":6,"key":"infinitespire:Magic Flask"},{"floor":7,"key":"hubris:DeckOfHolding"},{"floor":8,"key":"StuffTheSpire:ForceGauntlet"},{"floor":9,"key":"Singing Bowl"},{"floor":10,"key":"Blue Doll"},{"floor":12,"key":"hubris:SlimyHat"},{"floor":14,"key":"Strawberry"},{"floor":15,"key":"Matryoshka"},{"floor":23,"key":"halation:PrussianBluePaint"},{"floor":26,"key":"Bottled Lightning"},{"floor":26,"key":"Replay:Bandana"},{"floor":28,"key":"hubris:FunFungus"},{"floor":30,"key":"wanderingMiniBosses:OtherGremlinHorn"},{"floor":31,"key":"Gremlin Horn"},{"floor":41,"key":"aspiration:StickyExplosives_weak"},{"floor":42,"key":"Lantern"},{"floor":43,"key":"Pear"},{"floor":47,"key":"Simple Rune"},{"floor":48,"key":"aspiration:AnachronicSnailShell"},{"floor":54,"key":"Rawhide"}],"event_choices":[{"damage_healed":0,"gold_gain":0,"player_choice":"Leave","damage_taken":0,"max_hp_gain":0,"max_hp_loss":0,"event_name":"conspire:Investor","floor":11,"gold_loss":0},{"damage_healed":0,"gold_gain":275,"player_choice":"Desecrate","damage_taken":0,"max_hp_gain":0,"max_hp_loss":0,"event_name":"Golden Shrine","floor":22,"gold_loss":0,"cards_obtained":["Regret"]},{"damage_healed":9,"gold_gain":0,"player_choice":"LEAVE ","damage_taken":0,"relics_obtained":[],"max_hp_gain":0,"max_hp_loss":0,"event_name":"betterSkull:BetterSkull","floor":38,"gold_loss":0,"cards_upgraded":[]}],"is_beta":false,"boss_relics":[{"not_picked":["hubris:HollowSoul","Velvet Choker"],"picked":"ChewingGum"},{"not_picked":["energizedSpire:OgreHead","energizedSpire:MagnifyingGlass"],"picked":"Runic Pyramid"},{"not_picked":["aspiration:RunicSpoon","aspiration:IroncladSkillbook"],"picked":"energizedSpire:StickyHand"}],"items_purged_floors":[25,25,29,44,46,53],"is_endless":true,"potions_floor_spawned":[2,6,10,14,18,30,33,37,47,48,50],"ascension_level":5}}