{"host":"fnndj664xgd3vavt","time":1613184441,"event":{"mods":["AchievementEnabler","BaseMod","Colored Powertips","DeckTracker","Downfall","Hermit","Highlight Path","Infinite Spire","Marisa????????","Minty Spire (QoL Compilation)","Quick Restart","Random Character Button","Replay The Spire","StSLib","The Cursed","The Servant 0.9.4"],"gold_per_floor":[171,188,198,212,224,224,224,224],"floor_reached":6,"language":"ENG","playtime":395,"items_purged":[],"score":38,"play_id":"df27c525-8f78-4cd1-8b69-f3349a8092c7","local_time":"20210212214721","is_ascension_mode":false,"campfire_choices":[],"circlet_count":0,"master_deck":["Guardian:Strike_Guardian","Guardian:Strike_Guardian","Guardian:Strike_Guardian","Guardian:Strike_Guardian","Guardian:Defend_Guardian","Guardian:Defend_Guardian","Guardian:Defend_Guardian","Guardian:Defend_Guardian","Guardian:CurlUp","Guardian:TwinSlam","Guardian:AncientConstruct","Guardian:Gem_Green","Guardian:CrystalBeam","Guardian:Gem_Lightblue","Guardian:Orbwalk","Guardian:Gem_Green"],"relics":["Guardian:ModeShifter"],"acts_visited":["Exordium"],"potions_floor_usage":[],"damage_taken":[{"damage":10,"enemies":"Small Slimes","floor":2,"turns":4},{"damage":6,"enemies":"Cultist","floor":3,"turns":5},{"damage":0,"enemies":"2 Louse","floor":4,"turns":2},{"damage":26,"enemies":"Large Slime","floor":5,"turns":8},{"damage":19,"enemies":"Gremlin Nob","floor":6,"turns":4}],"seed_played":"-2711334487147222920","potions_obtained":[{"floor":1,"key":"BlessingOfTheForge"},{"floor":1,"key":"Fire Potion"},{"floor":1,"key":"CultistPotion"}],"is_trial":false,"path_per_floor":["R","M","M","M","M","E"],"character_chosen":"GUARDIAN","items_purchased":[],"campfire_rested":0,"item_purchase_floors":[],"current_hp_per_floor":[60,50,44,44,18,0,0,0],"gold":224,"neow_bonus":"ONE_RANDOM_RARE_CARD","is_daily":false,"chose_seed":false,"campfire_upgraded":0,"win_rate":0.0,"timestamp":1613184441,"path_taken":["R","M","M","M","M","E"],"items_purchased_type":[],"build_version":"2020-12-22","purchased_purges":0,"victory":false,"max_hp_per_floor":[80,80,80,80,80,80,80,80],"card_choices":[{"not_picked":["Guardian:Gem_Fragmented","Guardian:PiercingHide"],"picked":"Guardian:Gem_Green","floor":1},{"not_picked":["Guardian:DonusPower","Guardian:VentSteam"],"picked":"Guardian:CrystalBeam","floor":2},{"not_picked":["Guardian:Reroute","Guardian:MultiBeam"],"picked":"Guardian:Gem_Lightblue","floor":3},{"not_picked":["Guardian:BronzeOrb","Guardian:ShieldCharger"],"picked":"Guardian:Orbwalk","floor":4},{"not_picked":["Guardian:WalkerClaw","Guardian:Incinerate"],"picked":"Guardian:Gem_Green","floor":5}],"player_experience":316280,"relics_obtained":[],"event_choices":[],"is_beta":false,"boss_relics":[],"items_purged_floors":[],"is_endless":false,"potions_floor_spawned":[4,5],"killed_by":"Gremlin Nob","ascension_level":0}}