{"host":"yg1n0qads92lo9wl","time":1613185575,"event":{"mods":["BaseMod","Downfall","Luminous","Minty Spire (QoL Compilation)","StSLib","Warlord Emblem"],"gold_per_floor":[99,114,126,140,140,175,175,175,175,185,2,2,2,19,32,32,32,32],"floor_reached":16,"language":"ZHS","playtime":14002,"items_purged":[],"score":117,"play_id":"db1df6cd-7c78-4520-b5ff-c8c69a135d18","local_time":"20210213110615","is_ascension_mode":true,"campfire_choices":[{"data":"hexamod:Float","floor":1.0,"key":"SMITH"},{"floor":12.0,"key":"REST"}],"circlet_count":0,"master_deck":["hexamod:Strike","hexamod:Strike","hexamod:Strike","hexamod:Defend","hexamod:Defend","hexamod:Defend","hexamod:Sear","hexamod:Float+1","hexamod:ExtraCrispy","hexamod:ChargedBarrage","hexamod:BacktrackSmack","hexamod:SpectralAdrenaline+1","hexamod:HauntingEcho","hexamod:RetreatToShadows+1","hexamod:HauntingEcho","hexamod:FirstSeal"],"relics":["hexamod:SpiritBrand","Omamori","Gremlin Horn","Toxic Egg 2","Membership Card"],"acts_visited":["Exordium"],"potions_floor_usage":[16,16],"damage_taken":[{"damage":3.0,"enemies":"2 Louse","floor":2.0,"turns":4.0},{"damage":0.0,"enemies":"Small Slimes","floor":3.0,"turns":3.0},{"damage":2.0,"enemies":"Jaw Worm","floor":4.0,"turns":3.0},{"damage":58.0,"enemies":"Gremlin Nob","floor":6.0,"turns":5.0},{"damage":3.0,"enemies":"Lots of Slimes","floor":10.0,"turns":3.0},{"damage":0.0,"enemies":"downfall:FleeingMerchant","floor":11.0,"turns":4.0},{"damage":11,"enemies":"3 Louse","floor":14,"turns":2},{"damage":6,"enemies":"Blue Slaver","floor":15,"turns":3},{"damage":22,"enemies":"IC_STATUS_ARCHETYPE","floor":16,"turns":4}],"seed_played":"6436247782117392669","potions_obtained":[{"floor":2.0,"key":"SmokeBomb"},{"floor":10.0,"key":"champ:CounterPotion"},{"floor":14,"key":"Fire Potion"},{"floor":15,"key":"PowerPotion"}],"is_trial":false,"path_per_floor":["R","M","M","M","?","E","T","?","?","M","$","R","?","M","M","B"],"character_chosen":"THE_SPIRIT","items_purchased":["Membership Card","hexamod:RetreatToShadows+1"],"campfire_rested":1,"item_purchase_floors":[11,11],"current_hp_per_floor":[70,67,67,65,65,7,7,7,7,4,4,25,25,14,8,0,0,0],"gold":32,"neow_bonus":"RANDOM_COMMON_RELIC","is_daily":false,"chose_seed":false,"campfire_upgraded":1,"win_rate":0.0,"timestamp":1613185575,"path_taken":["R","M","M","M","?","E","T","?","?","M","$","R","?","M","M","BOSS"],"items_purchased_type":["Relic","Card"],"build_version":"2020-12-22","purchased_purges":0,"victory":false,"max_hp_per_floor":[70,70,70,70,70,70,70,70,70,70,70,70,70,70,70,70,70,70],"card_choices":[{"not_picked":["hexamod:ExtraCrispy","hexamod:GhostShield","hexamod:HeatMetal"],"picked":"SKIP","floor":2.0},{"not_picked":["hexamod:GhostShield","hexamod:HeatMetal"],"picked":"hexamod:ExtraCrispy","floor":2.0},{"not_picked":["hexamod:AdvancingGuard","hexamod:SpectralAdrenaline"],"picked":"hexamod:ChargedBarrage","floor":3.0},{"not_picked":["hexamod:InspiringFlames","hexamod:NightmareStrike"],"picked":"hexamod:BacktrackSmack","floor":4.0},{"not_picked":["hexamod:BurningTouch","hexamod:GhostLash","hexamod:RetreatToShadows"],"picked":"SKIP","floor":6.0},{"not_picked":["hexamod:NightmareStrike","hexamod:InspiringFlames+1"],"picked":"hexamod:SpectralAdrenaline+1","floor":10.0},{"not_picked":["hexamod:GiftsFromTheDead","hexamod:FlamesFromBeyond+1"],"picked":"hexamod:HauntingEcho","floor":11.0},{"not_picked":["hexamod:Hexaguard+1","hexamod:NightmareGuise+1"],"picked":"hexamod:HauntingEcho","floor":14},{"not_picked":["hexamod:AdvancingGuard+1","hexamod:SuperheatedStrike"],"picked":"hexamod:FirstSeal","floor":15}],"player_experience":501429,"relics_obtained":[{"floor":6.0,"key":"Gremlin Horn"},{"floor":7.0,"key":"Toxic Egg 2"}],"event_choices":[{"cards_removed":["hexamod:Strike"],"damage_healed":0.0,"max_hp_gain":0.0,"max_hp_loss":0.0,"gold_gain":0.0,"event_name":"The Cleric","player_choice":"Card Removal","floor":5.0,"gold_loss":0.0,"damage_taken":0.0},{"cards_removed":["hexamod:Defend"],"damage_healed":0.0,"max_hp_gain":0.0,"max_hp_loss":0.0,"gold_gain":0.0,"event_name":"Living Wall","player_choice":"Forget","floor":9.0,"gold_loss":0.0,"damage_taken":0.0},{"damage_healed":0.0,"max_hp_gain":0.0,"max_hp_loss":0.0,"gold_gain":0.0,"event_name":"Scrap Ooze","player_choice":"Fled","floor":13.0,"gold_loss":0.0,"damage_taken":0.0}],"is_beta":false,"boss_relics":[],"items_purged_floors":[],"is_endless":false,"potions_floor_spawned":[2,10,14,15],"killed_by":"IC_STATUS_ARCHETYPE","ascension_level":3}}