{"host":"vyjryxuuuxkt43k4","time":1613207986,"event":{"mods":["AchievementEnabler","BaseMod","Colored Map","DeckTracker","Keyboard Shortcuts","Minty Spire (QoL Compilation)","Permanent Neow","Quick Restart","Rare Cards Sparkle","StSLib","SuperFastMode","everything is the same but u backflip on backflip"],"gold_per_floor":[119,194,194,29,43,43,62,62,85,102,102,120,154,154,154,154,154],"floor_reached":16,"language":"KOR","playtime":693,"items_purged":[],"score":200,"play_id":"e3b8f63c-0cdd-4a82-8c51-89de7c211d54","local_time":"20210213181946","is_ascension_mode":true,"campfire_choices":[{"data":"Footwork","floor":6,"key":"SMITH"},{"data":"Quick Slash","floor":11,"key":"SMITH"},{"floor":15,"key":"REST"}],"circlet_count":0,"master_deck":["AscendersBane","Strike_G","Strike_G","Strike_G","Strike_G","Defend_G","Defend_G","Defend_G","Defend_G","Defend_G","Survivor","Neutralize+1","Backstab","Footwork+1","Quick Slash+1","Dagger Spray","Acrobatics","Dagger Throw"],"relics":["Ring of the Snake","Oddly Smooth Stone","Toy Ornithopter","HornCleat","SsserpentHead"],"acts_visited":["Exordium"],"potions_floor_usage":[13,13],"damage_taken":[{"damage":1,"enemies":"Jaw Worm","floor":1,"turns":4},{"damage":0,"enemies":"2 Louse","floor":5,"turns":3},{"damage":0,"enemies":"Cultist","floor":7,"turns":4},{"damage":1,"enemies":"Large Slime","floor":10,"turns":7},{"damage":0,"enemies":"Lots of Slimes","floor":12,"turns":2},{"damage":17,"enemies":"Gremlin Nob","floor":13,"turns":4},{"damage":46,"enemies":"Slime Boss","floor":16,"turns":9}],"seed_played":"4288344457412639733","potions_obtained":[{"floor":5,"key":"DuplicationPotion"},{"floor":10,"key":"EssenceOfSteel"}],"is_trial":false,"path_per_floor":["M","?","?","$","M","R","M","?","T","M","R","M","E","?","R","B"],"character_chosen":"THE_SILENT","items_purchased":["Oddly Smooth Stone"],"campfire_rested":1,"item_purchase_floors":[4],"current_hp_per_floor":[58,47,40,40,40,40,40,31,31,30,30,30,23,23,42,0,0],"gold":154,"neow_bonus":"UPGRADE_CARD","is_daily":false,"chose_seed":false,"campfire_upgraded":2,"win_rate":0.0,"timestamp":1613207986,"path_taken":["M","?","?","$","M","R","M","?","T","?","R","M","E","?","R","BOSS"],"items_purchased_type":["Relic"],"build_version":"2020-12-22","purchased_purges":0,"victory":false,"max_hp_per_floor":[66,66,66,66,66,66,66,66,66,66,66,66,66,66,66,66,66],"card_choices":[{"not_picked":["Sucker Punch","Expertise"],"picked":"Backstab","floor":1},{"not_picked":["Outmaneuver","Quick Slash"],"picked":"Footwork","floor":5},{"not_picked":["Leg Sweep","Acrobatics"],"picked":"Quick Slash","floor":7},{"not_picked":["Burst","Flechettes"],"picked":"Dagger Spray","floor":10},{"not_picked":["Choke","Slice"],"picked":"Acrobatics","floor":12},{"not_picked":["Underhanded Strike","Prepared"],"picked":"Dagger Throw","floor":13}],"player_experience":972341,"relics_obtained":[{"floor":9,"key":"Toy Ornithopter"},{"floor":13,"key":"HornCleat"}],"event_choices":[{"damage_healed":0,"gold_gain":75,"player_choice":"Gather Gold","damage_taken":11,"max_hp_gain":0,"max_hp_loss":0,"event_name":"World of Goop","floor":2,"gold_loss":0},{"cards_removed":["Strike_G"],"damage_healed":0,"gold_gain":0,"player_choice":"Card Removal","damage_taken":7,"max_hp_gain":0,"max_hp_loss":0,"event_name":"Golden Wing","floor":3,"gold_loss":0},{"damage_healed":0,"gold_gain":0,"player_choice":"Damaged","damage_taken":9,"max_hp_gain":0,"max_hp_loss":0,"event_name":"Wheel of Change","floor":8,"gold_loss":0},{"damage_healed":0,"gold_gain":0,"player_choice":"Trade","damage_taken":0,"relics_obtained":["SsserpentHead"],"max_hp_gain":0,"max_hp_loss":0,"event_name":"FaceTrader","floor":14,"gold_loss":0}],"is_beta":false,"boss_relics":[],"items_purged_floors":[],"is_endless":false,"potions_floor_spawned":[5,10],"killed_by":"Slime Boss","ascension_level":20}}