{"host":"fbdlh90rovbiajun","time":1613196455,"event":{"mods":["AchievementEnabler","BaseMod","Colored Map","Keyboard Shortcuts","Minty Spire (QoL Compilation)","SuperFastMode"],"gold_per_floor":[112,112,112,187,203,203,217,217,217,217,231,250,124,124,124,224,224,241,241,241,259,278,278,291,291,291,291,291,307,307,179,179,179,179],"floor_reached":33,"language":"KOR","playtime":974,"items_purged":["Defend_R","Writhe"],"score":235,"play_id":"4f1adc1a-d1e2-43e7-b659-83627209c7e9","local_time":"20210213150735","is_ascension_mode":false,"campfire_choices":[{"data":"Iron Wave","floor":6,"key":"SMITH"},{"data":"Bash","floor":8,"key":"SMITH"},{"data":"Heavy Blade","floor":15,"key":"SMITH"},{"data":"Flex","floor":23,"key":"SMITH"},{"data":"Flex","floor":25,"key":"SMITH"},{"data":"Anger","floor":27,"key":"SMITH"},{"data":"Hemokinesis","floor":32,"key":"SMITH"}],"circlet_count":0,"master_deck":["Strike_R","Strike_R","Strike_R","Strike_R","Strike_R","Defend_R+1","Defend_R+1","Bash+1","Iron Wave+1","Heavy Blade+1","Flex+1","Warcry","Thunderclap","Flex+1","Heavy Blade+1","Flex+1","Anger+1","Offering","Hemokinesis+1"],"relics":["Burning Blood","NeowsBlessing","Lantern","HornCleat","Pocketwatch","Coffee Dripper","Bottled Flame","Bag of Marbles","MawBank"],"acts_visited":["Exordium","TheCity"],"potions_floor_usage":[33,33],"damage_taken":[{"damage":0,"enemies":"Small Slimes","floor":1,"turns":1},{"damage":0,"enemies":"2 Louse","floor":5,"turns":1},{"damage":0,"enemies":"Jaw Worm","floor":7,"turns":1},{"damage":7,"enemies":"Exordium Thugs","floor":11,"turns":4},{"damage":4,"enemies":"Exordium Wildlife","floor":12,"turns":4},{"damage":44,"enemies":"Slime Boss","floor":16,"turns":10},{"damage":12,"enemies":"2 Thieves","floor":18,"turns":3},{"damage":20,"enemies":"Spheric Guardian","floor":21,"turns":4},{"damage":13,"enemies":"Snake Plant","floor":22,"turns":3},{"damage":0,"enemies":"3 Cultists","floor":24,"turns":3},{"damage":20,"enemies":"Chosen and Byrds","floor":29,"turns":5},{"damage":52,"enemies":"Champ","floor":33,"turns":4}],"seed_played":"-7033022709999073339","potions_obtained":[{"floor":1,"key":"Dexterity Potion"},{"floor":5,"key":"LiquidBronze"},{"floor":7,"key":"BlessingOfTheForge"},{"floor":22,"key":"PowerPotion"}],"is_trial":false,"path_per_floor":["M","?","?","?","M","R","M","R","T","?","M","M","$","T","R","B",null,"M","?","?","M","M","R","M","R","T","R","?","M","T","$","R","B"],"character_chosen":"IRONCLAD","items_purchased":["Warcry","Hemokinesis"],"campfire_rested":0,"item_purchase_floors":[13,31],"current_hp_per_floor":[80,77,61,50,56,56,62,62,62,62,61,63,63,63,63,25,80,74,74,74,60,53,53,59,59,59,59,59,45,45,45,45,0,0],"gold":179,"neow_bonus":"THREE_ENEMY_KILL","is_daily":false,"chose_seed":false,"campfire_upgraded":7,"win_rate":0.0,"timestamp":1613196455,"path_taken":["M","?","?","?","M","R","M","R","T","?","M","?","?","?","R","BOSS","M","?","?","M","M","R","M","R","T","R","?","M","?","$","R","BOSS"],"items_purchased_type":["Card","Card"],"build_version":"2020-12-22","purchased_purges":2,"victory":false,"max_hp_per_floor":[80,80,80,80,80,80,80,80,80,80,80,80,80,80,80,80,80,80,80,80,80,80,80,80,80,80,80,80,80,80,80,80,80,80],"card_choices":[{"not_picked":["Fire Breathing","Carnage","True Grit"],"picked":"SKIP","floor":1},{"not_picked":["Rage","Bloodletting"],"picked":"Iron Wave","floor":5},{"not_picked":["Armaments","Feel No Pain","Uppercut"],"picked":"SKIP","floor":7},{"not_picked":["Headbutt","Pummel"],"picked":"Heavy Blade","floor":11},{"not_picked":["Dropkick","Corruption"],"picked":"Flex","floor":12},{"not_picked":["Cleave","Perfected Strike"],"picked":"Thunderclap","floor":18},{"not_picked":["Flex","Dropkick"],"picked":"Heavy Blade+1","floor":21},{"not_picked":["Pommel Strike","Warcry"],"picked":"Flex+1","floor":22},{"not_picked":["Body Slam","Ghostly Armor"],"picked":"Anger","floor":24},{"not_picked":["Armaments","Dual Wield"],"picked":"Offering","floor":29}],"player_experience":20282,"relics_obtained":[{"floor":9,"key":"HornCleat"},{"floor":14,"key":"Pocketwatch"},{"floor":26,"key":"Bottled Flame"},{"floor":30,"key":"MawBank"}],"event_choices":[{"damage_healed":0,"gold_gain":0,"player_choice":"Success","damage_taken":3,"relics_obtained":["Lantern"],"max_hp_gain":0,"max_hp_loss":0,"event_name":"Scrap Ooze","floor":2,"gold_loss":0},{"damage_healed":0,"gold_gain":0,"player_choice":"Entered Light","damage_taken":16,"max_hp_gain":0,"max_hp_loss":0,"event_name":"Shining Light","floor":3,"gold_loss":0,"cards_upgraded":["Defend_R","Defend_R"]},{"damage_healed":0,"gold_gain":75,"player_choice":"Gather Gold","damage_taken":11,"max_hp_gain":0,"max_hp_loss":0,"event_name":"World of Goop","floor":4,"gold_loss":0},{"cards_removed":["Defend_R"],"damage_healed":0,"gold_gain":0,"player_choice":"Forget","damage_taken":0,"max_hp_gain":0,"max_hp_loss":0,"event_name":"Living Wall","floor":10,"gold_loss":0},{"damage_healed":0,"gold_gain":0,"player_choice":"Ignored","damage_taken":0,"max_hp_gain":0,"max_hp_loss":0,"event_name":"Ghosts","floor":19,"gold_loss":0},{"damage_healed":0,"gold_gain":0,"player_choice":"Read","damage_taken":0,"max_hp_gain":0,"max_hp_loss":0,"event_name":"The Library","floor":20,"gold_loss":0,"cards_obtained":["Flex"]},{"damage_healed":0,"gold_gain":0,"player_choice":"Opened","damage_taken":0,"relics_obtained":["Bag of Marbles"],"max_hp_gain":0,"max_hp_loss":0,"event_name":"The Mausoleum","floor":28,"gold_loss":0,"cards_obtained":["Writhe"]}],"is_beta":false,"boss_relics":[{"not_picked":["Runic Dome","Velvet Choker"],"picked":"Coffee Dripper"}],"items_purged_floors":[13,31],"is_endless":false,"potions_floor_spawned":[1,5,7,22],"killed_by":"Champ","ascension_level":0}}