{"host":"1lwxixhv2lzh5ag1","time":1613188592,"event":{"mods":["AchievementEnabler","BaseMod","Bestiary","Better Altar","Better Match","Better Note","Better Sensory Stone","Better Silent Start","Better Skull","Better Third Choice","BetterRewards","Colored Map","Colored Powertips","DeckTracker","Displayed Cursed Tome","Downfall","Fox Events","Hubris","Minty Spire (QoL Compilation)","Permanent Neow","Relic Stats","Reliquary","Replay The Spire","Spire Arcade","StSLib","Td1madao Mod","The Blue Laboratory","Uncapped","Waifu the Spire"],"gold_per_floor":[118,131,147,147,0,0,25,25,25,25,88,40,40,51,51,154,154,167,44,57,57,57,57,71,87,87,97,125,125,141,161,161,161,161],"floor_reached":33,"language":"ENG","playtime":1641,"items_purged":["Regret"],"score":267,"play_id":"4b6cc8d0-2320-4db7-ac4e-a1733c2f9538","local_time":"20210212225632","is_ascension_mode":false,"campfire_choices":[{"data":"Infinite Blades","floor":6,"key":"SMITH"},{"floor":8,"key":"REST"},{"floor":10,"key":"REST"},{"floor":13,"key":"REST"},{"floor":15,"key":"REST"},{"floor":23,"key":"REST"},{"floor":32,"key":"REST"}],"circlet_count":0,"master_deck":["Strike_G","Strike_G","Strike_G","Strike_G","Defend_G","Defend_G","Defend_G","Defend_G","Survivor","Infinite Blades+1","Bane","Enlightenment","Blade Dance","hubris:DuctTapeCard","Dash","Dagger Spray","Deflect","Replay:Bag of Tricks","Blade Dance+1","Flying Knee","Die Die Die","Dagger Spray","Infinite Blades","Outmaneuver","All Out Attack"],"relics":["Ring of the Snake","The Specimen","Ice Cream","hubris:DuctTape","hubris:Metronome","Ancient Tea Set","Nloth\u0027s Gift","Pet Ghost","reliquary:Knoch","ReplayTheSpireMod:TigerMarble"],"acts_visited":["Exordium","TheCity"],"potions_floor_usage":[11,16,20,28],"damage_taken":[{"damage":5,"enemies":"Jaw Worm","floor":1,"turns":5},{"damage":4,"enemies":"2 Louse","floor":2,"turns":4},{"damage":8,"enemies":"Small Slimes","floor":3,"turns":4},{"damage":44,"enemies":"Lagavulin","floor":7,"turns":10},{"damage":29,"enemies":"3 Sentries","floor":11,"turns":9},{"damage":7,"enemies":"Blue Slaver","floor":14,"turns":3},{"damage":35,"enemies":"Hexaghost","floor":16,"turns":8},{"damage":14,"enemies":"3 Byrds","floor":18,"turns":4},{"damage":6,"enemies":"Shell Parasite","floor":20,"turns":3},{"damage":15,"enemies":"Snecko","floor":24,"turns":4},{"damage":31,"enemies":"Shelled Parasite and Fungi","floor":25,"turns":4},{"damage":1,"enemies":"Centurion and Healer","floor":27,"turns":4},{"damage":26,"enemies":"Book of Stabbing","floor":28,"turns":4},{"damage":2,"enemies":"3 Cultists","floor":30,"turns":4},{"damage":0,"enemies":"Sentry and Sphere","floor":31,"turns":3},{"damage":30,"enemies":"Pondfish","floor":33,"turns":5}],"seed_played":"6595837739976188199","potions_obtained":[{"floor":2,"key":"blueLaboratory:Virophage"},{"floor":14,"key":"LiquidBronze"},{"floor":20,"key":"Weak Potion"},{"floor":25,"key":"blueLaboratory:FrostheartPotion"},{"floor":27,"key":"PowerPotion"}],"is_trial":false,"path_per_floor":["M","M","M","?","?","R","E","R","T","R","?","$","R","M","R","B",null,"M","$","M","?","?","R","M","M","T","M","E","T","M","M","R","B"],"character_chosen":"THE_SILENT","items_purchased":["Dagger Spray","blueLaboratory:FruitPunch"],"campfire_rested":6,"item_purchase_floors":[12,19],"current_hp_per_floor":[65,61,53,53,59,59,15,37,37,59,30,30,52,45,67,32,76,62,62,58,58,58,78,63,32,32,31,5,5,3,3,26,0,0],"gold":161,"neow_bonus":"RANDOM_EVENT","is_daily":false,"chose_seed":false,"campfire_upgraded":1,"win_rate":0.0,"timestamp":1613188592,"path_taken":["M","M","M","?","?","R","E","R","T","R","?","?","R","M","R","BOSS","M","$","M","?","?","R","M","M","T","M","E","?","M","M","R","BOSS"],"items_purchased_type":["Card","Potion"],"build_version":"2020-12-22","purchased_purges":1,"victory":false,"max_hp_per_floor":[70,70,70,70,76,76,76,76,76,76,76,76,76,76,76,76,76,76,76,78,78,78,78,78,78,78,78,78,78,78,78,78,78,78],"relic_stats":{"counters":[16,78],"Nloth\u0027s Gift":2,"obtain_stats":[{"Ice Cream":7,"hubris:Metronome":11,"The Specimen":0,"hubris:DuctTape":9,"hubris:HollowSoul":17,"Nloth\u0027s Gift":22,"ReplayTheSpireMod:TigerMarble":29,"reliquary:Knoch":28,"Ancient Tea Set":21,"Pet Ghost":26,"Ring of the Snake":0},{"Ice Cream":4,"hubris:Metronome":5,"The Specimen":0,"hubris:DuctTape":4,"hubris:HollowSoul":7,"Nloth\u0027s Gift":9,"ReplayTheSpireMod:TigerMarble":13,"reliquary:Knoch":13,"Ancient Tea Set":9,"Pet Ghost":11,"Ring of the Snake":0},{"Ice Cream":23,"hubris:Metronome":32,"The Specimen":0,"hubris:DuctTape":23,"hubris:HollowSoul":43,"Nloth\u0027s Gift":50,"ReplayTheSpireMod:TigerMarble":66,"reliquary:Knoch":66,"Ancient Tea Set":50,"Pet Ghost":58,"Ring of the Snake":0}],"Ring of the Snake":[80]},"card_choices":[{"not_picked":["hubris:SlightOfHand","Dagger Throw"],"picked":"Infinite Blades","floor":1},{"not_picked":["Catalyst","Reflex"],"picked":"Bane","floor":2},{"not_picked":["Backflip","Dagger Spray"],"picked":"Slice","floor":3},{"not_picked":["Leg Sweep","PiercingWail"],"picked":"Blade Dance","floor":7},{"not_picked":["Backflip","hubris:Sniper"],"picked":"Dash","floor":11},{"not_picked":["Predator","Bane"],"picked":"Deflect","floor":14},{"not_picked":["Adrenaline","Corpse Explosion"],"picked":"Replay:Bag of Tricks","floor":16},{"not_picked":["Distraction","Underhanded Strike+1"],"picked":"Blade Dance+1","floor":18},{"not_picked":["ReplayTheSpireMod:The Works","Outmaneuver","Expertise"],"picked":"SKIP","floor":20},{"not_picked":["Deadly Poison","Leg Sweep"],"picked":"Flying Knee","floor":24},{"not_picked":["ReplayTheSpireMod:Scrap Shanks","Riddle With Holes"],"picked":"Die Die Die","floor":25},{"not_picked":["Dodge and Roll","Distraction"],"picked":"Dagger Spray","floor":27},{"not_picked":["ReplayTheSpireMod:Exploit Weakness","Corpse Explosion"],"picked":"Infinite Blades","floor":28},{"not_picked":["ReplayTheSpireMod:Exploit Weakness+1","Heel Hook"],"picked":"Outmaneuver","floor":30},{"not_picked":["Hidden Blade+1","Backflip"],"picked":"All Out Attack","floor":31}],"player_experience":15471,"relics_obtained":[{"floor":7,"key":"Ice Cream"},{"floor":9,"key":"hubris:DuctTape"},{"floor":11,"key":"hubris:Metronome"},{"floor":26,"key":"Pet Ghost"},{"floor":28,"key":"reliquary:Knoch"},{"floor":29,"key":"ReplayTheSpireMod:TigerMarble"}],"event_choices":[{"damage_healed":0,"gold_gain":0,"player_choice":"Box","damage_taken":0,"relics_obtained":["The Specimen"],"max_hp_gain":0,"max_hp_loss":0,"event_name":"Big Fish","floor":0,"gold_loss":0,"cards_obtained":["Regret"]},{"damage_healed":0,"gold_gain":0,"player_choice":"RENOUNCE","damage_taken":147,"max_hp_gain":0,"max_hp_loss":0,"event_name":"betterThird:BetterSerpent","floor":5,"gold_loss":147,"cards_obtained":["Enlightenment"]},{"damage_healed":0,"gold_gain":0,"player_choice":"Searched \u00272\u0027 times","damage_taken":0,"max_hp_gain":0,"max_hp_loss":0,"event_name":"Dead Adventurer","floor":11,"gold_loss":0},{"damage_healed":0,"gold_gain":0,"player_choice":"Gave Potion","damage_taken":0,"relics_obtained":["Ancient Tea Set"],"max_hp_gain":0,"max_hp_loss":0,"event_name":"WeMeetAgain","floor":21,"gold_loss":0},{"damage_healed":0,"gold_gain":0,"player_choice":"Traded Relic","damage_taken":0,"relics_obtained":["Nloth\u0027s Gift"],"max_hp_gain":0,"max_hp_loss":0,"event_name":"N\u0027loth","floor":22,"relics_lost":["hubris:HollowSoul"],"gold_loss":0}],"is_beta":false,"boss_relics":[{"not_picked":["hubris:VirtuousBlindfold","Ring of the Serpent"],"picked":"hubris:HollowSoul"}],"items_purged_floors":[19],"is_endless":false,"potions_floor_spawned":[2,14,20,25,27],"killed_by":"Pondfish","ascension_level":0}}