{"host":"8injpn8qs0kr8sd6","time":1613222095,"event":{"mods":["100% Spire Juice","Act Like it!","BaseMod","KinomotoSakuraMod(Ä¾Ö®±¾Ó£)","Marisa£¨ìFÓê¡¡Ä§ÀíÉ³£©","Minty Spire (QoL Compilation)","Quick Restart","Reimu£¨²©ÀöÁéÃÎ£©","RumiaBox-Â¶Ã×æ«µÄÉñÃØºÐ×Ó","Spicy Shops","StSLib","The Dragon Tamer","¡¾ÒÅÎï¿¨ÅÆ¡¿REMEMod"],"gold_per_floor":[116,116,132,149,149,149,149,149,149,184,184,203,223,59,59,59,59,59],"floor_reached":16,"language":"ZHS","playtime":678,"items_purged":[],"score":100,"play_id":"f132112d-d021-4bd8-abc4-2fb67ac90695","local_time":"20210213211455","is_ascension_mode":false,"metric_token":855,"campfire_choices":[{"data":"SubcavityFantasy:ReiMu","floor":6,"key":"SMITH"},{"data":"DTMod:SneakAttack","floor":8,"key":"SMITH"},{"data":"DTMod:DragonDance","floor":15,"key":"SMITH"}],"dtmod_dragon_data":[13,50,-1,-1,0,0],"circlet_count":0,"master_deck":["DTMod:Strike","DTMod:Strike","DTMod:Strike","DTMod:DoubleHit","DTMod:TargetDefense","DTMod:TargetDefense","DTMod:TargetDefense","DTMod:TargetDefense","DTMod:SwitchingTactic","SubcavityFantasy:ReiMu+1","DTMod:SneakAttack+1","DTMod:Cover","DTMod:BlazingStrike","DTMod:DragonDance+1","DTMod:RunningTactic"],"relics":["DTMod:PactStone","REME_ComplimentaryCards","NeowsBlessing","Golden Idol","Sundial","Vajra","Strawberry","Peace Pipe"],"acts_visited":["Exordium"],"potions_floor_usage":[12,16,16],"damage_taken":[{"damage":0,"enemies":"2 Louse","floor":1,"turns":1},{"damage":0,"enemies":"Cultist","floor":3,"turns":1},{"damage":0,"enemies":"Jaw Worm","floor":4,"turns":1},{"damage":15,"enemies":"Lagavulin","floor":10,"turns":9},{"damage":11,"enemies":"Large Slime","floor":12,"turns":4},{"damage":0,"enemies":"2 Fungi Beasts","floor":13,"turns":2},{"damage":5,"enemies":"The Guardian","floor":16,"turns":6}],"seed_played":"-7389453905513492684","potions_obtained":[{"floor":2,"key":"SpeedPotion"},{"floor":2,"key":"Explosive Potion"},{"floor":2,"key":"DuplicationPotion"},{"floor":13,"key":"Dexterity Potion"}],"is_trial":false,"path_per_floor":["M","?","M","M","?","R","?","R","T","E","?","M","M","$","R","B"],"character_chosen":"THE_DT","items_purchased":["Peace Pipe","DTMod:RunningTactic"],"campfire_rested":0,"item_purchase_floors":[14,14],"current_hp_per_floor":[45,45,45,45,34,34,27,27,27,12,16,5,5,5,5,0,0,0],"gold":59,"neow_bonus":"THREE_ENEMY_KILL","is_daily":false,"chose_seed":false,"campfire_upgraded":3,"win_rate":0.0,"timestamp":1613222095,"path_taken":["M","?","?","M","?","R","?","R","T","E","?","M","M","$","R","BOSS"],"items_purchased_type":["Relic","Card"],"build_version":"2020-12-22","purchased_purges":0,"victory":false,"max_hp_per_floor":[45,45,45,45,45,45,45,45,45,45,52,52,52,52,52,52,52,52],"card_choices":[{"not_picked":["DTMod:PurifyingFlame","DTMod:Threaten","DTMod:TauntingStrike"],"picked":"SKIP","floor":1},{"not_picked":["DTMod:InvisibleFlame","DTMod:RecklessFlurry"],"picked":"DTMod:SneakAttack","floor":3},{"not_picked":["DTMod:HeatWave","DTMod:Hide","DTMod:Shift"],"picked":"SKIP","floor":4},{"not_picked":["DTMod:Threaten","DTMod:MagicField"],"picked":"DTMod:Cover","floor":10},{"not_picked":["DTMod:Cover","DTMod:Overwhelm","DTMod:BlazingStrike"],"picked":"SKIP","floor":12},{"not_picked":["DTMod:Cover","DTMod:Overwhelm"],"picked":"DTMod:BlazingStrike","floor":12},{"not_picked":["DTMod:BlazingStrike","DTMod:Training"],"picked":"DTMod:DragonDance","floor":13}],"player_experience":468687,"relics_obtained":[{"floor":9,"key":"Sundial"},{"floor":10,"key":"Vajra"}],"event_choices":[{"damage_healed":0,"gold_gain":0,"player_choice":"Got Potions","damage_taken":0,"max_hp_gain":0,"max_hp_loss":0,"event_name":"Lab","floor":2,"gold_loss":0},{"damage_healed":0,"gold_gain":0,"player_choice":"Take Damage","damage_taken":11,"relics_obtained":["Golden Idol"],"max_hp_gain":0,"max_hp_loss":0,"event_name":"Golden Idol","floor":5,"gold_loss":0},{"cards_removed":["DTMod:Strike"],"damage_healed":0,"gold_gain":0,"player_choice":"Card Removal","damage_taken":7,"max_hp_gain":0,"max_hp_loss":0,"event_name":"Golden Wing","floor":7,"gold_loss":0},{"damage_healed":0,"gold_gain":0,"player_choice":"Success","damage_taken":3,"relics_obtained":["Strawberry"],"max_hp_gain":0,"max_hp_loss":0,"event_name":"Scrap Ooze","floor":11,"gold_loss":0}],"is_beta":false,"boss_relics":[],"items_purged_floors":[],"is_endless":false,"potions_floor_spawned":[4,10,13],"killed_by":"The Guardian","ascension_level":0}}