{"host":"af4pzp5tm7cfibaw","time":1613196671,"event":{"mods":["AchievementEnabler","BaseMod","BetterRewards","Highlight Path","Minty Spire (QoL Compilation)","StSLib","SuperFastMode"],"gold_per_floor":[116,134,134,93,111,137,137,152,152,172,216,216,216,237,237,341,341,368,377,398,398,144,144,169,189,212,212,192,192,230,250,250,364,436,464,487,505,107,136,136,179,179,229,43,60,60,119,53,62,62],"floor_reached":51,"language":"ENG","playtime":3067,"items_purged":["Strike_G","Strike_G"],"score":1203,"play_id":"9cb798c7-5d93-4a96-9b18-490c20eece6a","local_time":"20210213191111","is_ascension_mode":true,"campfire_choices":[{"floor":7.0,"key":"REST"},{"floor":12.0,"key":"REST"},{"data":"Malaise","floor":15.0,"key":"SMITH"},{"floor":23.0,"key":"REST"},{"floor":27.0,"key":"REST"},{"floor":29.0,"key":"REST"},{"floor":32.0,"key":"REST"},{"data":"After Image","floor":40.0,"key":"SMITH"},{"data":"Establishment","floor":42.0,"key":"SMITH"},{"data":"Reprogram","floor":46.0,"key":"SMITH"},{"floor":49.0,"key":"REST"}],"circlet_count":0,"master_deck":["Survivor","Neutralize","Tactician","Concentrate+1","Well Laid Plans","Well Laid Plans","Secret Technique+1","Acrobatics","Poisoned Stab","Bouncing Flask+1","Adrenaline","Leg Sweep","Dodge and Roll","Prepared","Quick Slash","Malaise+1","After Image+1","Escape Plan","RitualDagger","Dodge and Roll+1","Buffer","Deadly Poison+1","Turbo+1","The Bomb","Burst","Venomology","Storm of Steel","Outmaneuver","Malaise","Backflip","Outmaneuver","Eviscerate","PiercingWail","Reprogram+1","Dodge and Roll","Footwork","Mind Blast","Reflex","Expertise","Dodge and Roll+1","Establishment+1","Noxious Fumes","Heavy Blade+1","Calculated Gamble","FollowUp"],"relics":["Ring of the Snake","Mummified Hand","Letter Opener","Darkstone Periapt","CeramicFish","Philosopher\u0027s Stone","PrismaticShard","Lantern","War Paint","Pandora\u0027s Box","Vajra","Dream Catcher","Akabeko","Oddly Smooth Stone","Tough Bandages"],"acts_visited":["Exordium","TheCity","TheBeyond"],"potions_floor_usage":[50],"damage_taken":[{"damage":8.0,"enemies":"Cultist","floor":1.0,"turns":6.0},{"damage":2.0,"enemies":"Small Slimes","floor":2.0,"turns":5.0},{"damage":0.0,"enemies":"2 Louse","floor":5.0,"turns":2.0},{"damage":20.0,"enemies":"Lagavulin","floor":6.0,"turns":5.0},{"damage":8.0,"enemies":"2 Fungi Beasts","floor":8.0,"turns":4.0},{"damage":1.0,"enemies":"Red Slaver","floor":10.0,"turns":4.0},{"damage":6.0,"enemies":"3 Sentries","floor":11.0,"turns":6.0},{"damage":4.0,"enemies":"Exordium Wildlife","floor":14.0,"turns":3.0},{"damage":6.0,"enemies":"Hexaghost","floor":16.0,"turns":10.0},{"damage":12.0,"enemies":"Spheric Guardian","floor":18.0,"turns":5.0},{"damage":6.0,"enemies":"2 Thieves","floor":20.0,"turns":4.0},{"damage":17.0,"enemies":"Centurion and Healer","floor":24.0,"turns":8.0},{"damage":25.0,"enemies":"Chosen and Byrds","floor":25.0,"turns":8.0},{"damage":29.0,"enemies":"Slavers","floor":30.0,"turns":5.0},{"damage":12.0,"enemies":"Snake Plant","floor":31.0,"turns":4.0},{"damage":24.0,"enemies":"Collector","floor":33.0,"turns":11.0},{"damage":1.0,"enemies":"Orb Walker","floor":35.0,"turns":4.0},{"damage":7.0,"enemies":"3 Darklings","floor":36.0,"turns":3.0},{"damage":5.0,"enemies":"Spire Growth","floor":37.0,"turns":6.0},{"damage":0.0,"enemies":"Transient","floor":39.0,"turns":5.0},{"damage":0.0,"enemies":"Reptomancer","floor":41.0,"turns":5.0},{"damage":4.0,"enemies":"Maw","floor":45.0,"turns":8.0},{"damage":0.0,"enemies":"Mind Bloom Boss Battle","floor":47.0,"turns":7.0},{"damage":34,"enemies":"Awakened One","floor":50,"turns":15}],"seed_played":"7694873410835272327","potions_obtained":[{"floor":1.0,"key":"Dexterity Potion"},{"floor":2.0,"key":"Fire Potion"},{"floor":10.0,"key":"Block Potion"},{"floor":14.0,"key":"CunningPotion"},{"floor":16.0,"key":"Fruit Juice"},{"floor":20.0,"key":"SkillPotion"},{"floor":28.0,"key":"LiquidBronze"},{"floor":30.0,"key":"Regen Potion"},{"floor":33.0,"key":"AttackPotion"},{"floor":37.0,"key":"CunningPotion"},{"floor":39.0,"key":"CultistPotion"},{"floor":47.0,"key":"Weak Potion"}],"is_trial":false,"path_per_floor":["M","M","?","$","M","E","R","M","T","M","E","R","?","M","R","B",null,"M","?","M","?","$","R","M","M","T","R","?","R","E","M","R","B",null,"M","M","M","$","M","R","E","R","T","$","M","R","?","$","R","B",null],"character_chosen":"THE_SILENT","items_purchased":["Tactician","Concentrate","Well Laid Plans","Well Laid Plans","Mummified Hand","Secret Technique","Bouncing Flask","PrismaticShard","Footwork","Vajra","Mind Blast","Reflex","Expertise","Noxious Fumes","Oddly Smooth Stone","Calculated Gamble"],"campfire_rested":7,"item_purchase_floors":[0,0,0,0,0,0,4,22,38,38,38,38,38,44,44,48],"current_hp_per_floor":[62,60,60,60,60,40,61,53,53,52,46,67,67,63,63,57,67,60,54,48,48,48,70,53,28,28,50,50,72,43,45,67,43,67,66,59,54,54,54,54,54,54,54,54,50,50,50,50,72,38],"gold":62,"neow_bonus":"","is_daily":false,"chose_seed":false,"campfire_upgraded":4,"win_rate":0.0,"timestamp":1613196671,"path_taken":["M","M","?","?","M","E","R","?","T","M","E","R","?","?","R","BOSS","M","?","M","?","$","R","M","M","T","R","?","R","E","M","R","BOSS","M","M","M","$","M","R","E","R","T","?","M","R","?","$","R","BOSS"],"items_purchased_type":["Card","Card","Card","Card","Relic","Card","Card","Relic","Card","Relic","Card","Card","Card","Card","Relic","Card"],"build_version":"2020-12-22","purchased_purges":2,"victory":true,"max_hp_per_floor":[70,70,70,70,70,70,70,70,70,70,70,70,70,70,70,70,70,75,75,75,75,75,75,75,75,75,75,75,75,75,75,75,75,75,75,75,75,75,75,75,75,75,75,75,75,75,75,75,75,75],"card_choices":[{"not_picked":["Backflip","Deflect"],"picked":"Acrobatics","floor":1.0},{"not_picked":["Cloak And Dagger","Acrobatics"],"picked":"Poisoned Stab","floor":2.0},{"not_picked":["Quick Slash","Poisoned Stab"],"picked":"Adrenaline","floor":5.0},{"not_picked":["Riddle With Holes","Sucker Punch"],"picked":"Leg Sweep","floor":6.0},{"not_picked":["Riddle With Holes","Backflip"],"picked":"Dodge and Roll","floor":8.0},{"not_picked":["Blade Dance","Backflip"],"picked":"Prepared","floor":10.0},{"not_picked":["Choke","Cloak And Dagger"],"picked":"Quick Slash","floor":11.0},{"not_picked":["Quick Slash","Poisoned Stab"],"picked":"Malaise","floor":14.0},{"not_picked":["Grand Finale","A Thousand Cuts"],"picked":"After Image","floor":16.0},{"not_picked":["Slice+1","Dagger Throw"],"picked":"Escape Plan","floor":18.0},{"not_picked":["Dagger Spray","Dagger Throw"],"picked":"Dodge and Roll","floor":20.0},{"not_picked":["PathToVictory+1","Rip and Tear"],"picked":"Buffer","floor":24.0},{"not_picked":["Dagger Throw","Anger+1"],"picked":"Deadly Poison+1","floor":25.0},{"not_picked":["Sucker Punch","Iron Wave"],"picked":"Turbo+1","floor":30.0},{"not_picked":["Barrage+1","ClearTheMind+1"],"picked":"The Bomb","floor":31.0},{"not_picked":["Brutality","Immolate"],"picked":"Burst","floor":33.0},{"not_picked":["Well Laid Plans+1","Cleave+1"],"picked":"Reprogram","floor":35.0},{"not_picked":["PathToVictory","Shockwave"],"picked":"Dodge and Roll","floor":36.0},{"not_picked":["BowlingBash","Forethought+1","Dagger Throw+1"],"picked":"SKIP","floor":37.0},{"not_picked":["Whirlwind+1","Auto Shields"],"picked":"Dodge and Roll+1","floor":39.0},{"not_picked":["Consume+1","Dash"],"picked":"Establishment","floor":41.0},{"not_picked":["Storm","Clothesline+1","Flame Barrier+1"],"picked":"SKIP","floor":45.0},{"not_picked":["Outmaneuver","Protect"],"picked":"Heavy Blade+1","floor":47.0},{"not_picked":["Rebound+1","True Grit"],"picked":"FollowUp","floor":49.0}],"player_experience":312970,"relics_obtained":[{"floor":6.0,"key":"Letter Opener"},{"floor":9.0,"key":"Darkstone Periapt"},{"floor":11.0,"key":"CeramicFish"},{"floor":26.0,"key":"Lantern"},{"floor":30.0,"key":"War Paint"},{"floor":41.0,"key":"Dream Catcher"},{"floor":43.0,"key":"Akabeko"},{"floor":47.0,"key":"Tough Bandages"}],"event_choices":[{"damage_healed":0.0,"max_hp_gain":0.0,"max_hp_loss":0.0,"gold_gain":0.0,"event_name":"Upgrade Shrine","player_choice":"Upgraded","floor":3.0,"gold_loss":0.0,"damage_taken":0.0,"cards_upgraded":["Concentrate"]},{"damage_healed":0.0,"max_hp_gain":0.0,"max_hp_loss":0.0,"gold_gain":0.0,"event_name":"Accursed Blacksmith","player_choice":"Forge","floor":13.0,"gold_loss":0.0,"damage_taken":0.0,"cards_upgraded":["Secret Technique"]},{"damage_healed":0.0,"max_hp_gain":0.0,"max_hp_loss":0.0,"gold_gain":0.0,"event_name":"Nest","player_choice":"Joined the Cult","floor":19.0,"gold_loss":0.0,"damage_taken":6.0,"cards_obtained":["RitualDagger"]},{"damage_healed":0.0,"max_hp_gain":0.0,"max_hp_loss":0.0,"gold_gain":0.0,"event_name":"Vampires","player_choice":"Ignored","floor":21.0,"gold_loss":0.0,"damage_taken":0.0},{"damage_healed":0.0,"max_hp_gain":0.0,"max_hp_loss":0.0,"gold_gain":0.0,"event_name":"The Woman in Blue","player_choice":"Bought 1 Potion","floor":28.0,"gold_loss":0.0,"damage_taken":0.0},{"damage_healed":0.0,"max_hp_gain":0.0,"max_hp_loss":0.0,"gold_gain":0.0,"event_name":"MindBloom","player_choice":"Fight","floor":47.0,"gold_loss":0.0,"damage_taken":0.0}],"is_beta":false,"boss_relics":[{"not_picked":["WristBlade","Fusion Hammer"],"picked":"Philosopher\u0027s Stone"},{"not_picked":["Cursed Key","Snecko Eye"],"picked":"Pandora\u0027s Box"}],"items_purged_floors":[0,22],"is_endless":false,"potions_floor_spawned":[1,2,10,14,16,20,30,33,37,39,47],"ascension_level":5}}