{"host":"4203e5c3jb9f7sur","time":1613229927,"event":{"mods":["AchievementEnabler","BaseMod","Minty Spire (QoL Compilation)","Replay The Spire","StSLib","SuperFastMode"],"gold_per_floor":[99,79157,79174,79192,79202,79202,79216,79227,79227,78667,78698,78715,78715,78729,78729,78800,78800,78815,78841,78841,77747,77771,77806,77806,77806,77806,77806,76972,76991,77006,77049,77049,77133,77133,77146,75980,75010,75029,56370,56370,56411,55934,56010,56010,56060,56089,56144,56186,56186,56307,56419,56455,56464,56464,56484,56816,56844,56893,56905,56957,56993,57047,57078,56895,56921,56944,56944,57043,57043,57043],"floor_reached":69,"language":"KOR","playtime":6565,"items_purged":["Doppelganger","Grand Finale","Malaise","Night Terror","Wraith Form v2","ReplayTheSpireMod:Speed Training","Tools of the Trade","Replay:Bag of Tricks+1","Expertise+1"],"score":3656,"play_id":"36370769-786a-4f09-a583-5cda363ae9db","local_time":"20210214002527","daily_mods":["Draft","Shiny","Vintage","Heirloom","Flight"],"is_ascension_mode":true,"campfire_choices":[{"floor":6,"key":"REST"},{"floor":13,"key":"REST"},{"floor":15,"key":"REST"},{"data":"ReplayTheSpireMod:Necrosis","floor":25,"key":"SMITH"},{"data":"Envenom","floor":27,"key":"SMITH"},{"data":"Adrenaline","floor":32,"key":"SMITH"},{"data":"1","floor":40,"key":"LIFT"},{"data":"2","floor":44,"key":"LIFT"},{"data":"3","floor":49,"key":"LIFT"},{"data":"Jack Of All Trades+1","floor":59,"key":"PURGE"},{"data":"Bullet Time","floor":67,"key":"PURGE"}],"circlet_count":9,"master_deck":["AscendersBane","ReplayTheSpireMod:Necrosis+1","Corpse Explosion","Die Die Die+1","ReplayTheSpireMod:From All Sides","Adrenaline+1","Envenom+1","Burst","After Image","Poison Darts","A Thousand Cuts+1","Venomology","Replay:Bag of Tricks","Phantasmal Killer+1","Unload","Storm of Steel","Glass Knife","Slice","Slice","Deflect+1","Endless Agony+1","Dagger Spray","Blade Dance","Bane","Concentrate","Poisoned Stab","Cloak And Dagger","Blade Dance","PiercingWail","Prepared","PiercingWail","Footwork","Violence+1","Endless Agony+1","Blade Dance","Accuracy+1","Accuracy+1","Accuracy+1","ReplayTheSpireMod:Trickstab+1","Secret Technique+1","ReplayTheSpireMod:Scrap Shanks+1","Finisher+1","ReplayTheSpireMod:Speed Training","Adrenaline+1","Slice+1","Secret Weapon+1","Secret Weapon+1","Finesse+1","Finisher+1","Panacea+1","Panacea+1","Prepared+1","Footwork+1","Reflex+1","Outmaneuver+1","Blade Dance+1","Hidden Blade+1","Terror+1","Blade Dance+1","Reflex+1","Pot Of Greed+1","Pot Of Greed+1","Slice+1","Infinite Blades+1","Trip+1","Deflect+1","Tactician+1","Deflect+1","Secret Technique+1","Midas Touch+1","Pot Of Greed+1","Replay:Poison Smokescreen+1","Slice+1"],"relics":["Unceasing Top","Lizard Tail","Medical Kit","Replay:Wax Seal","Tiny Chest","Replay:WaspNest","Golden Egg","Mirror","Frozen Egg 2","Nunchaku","Bottled Flame","BargainBundle","Orichalcum","Blood Vial","Du-Vu Doll","ReplayFunnel","Juzu Bracelet","Painkiller Herb","Whetstone","Red Mask","Frozen Eye","Potion Belt","Replay:Rubber Ducky","CeramicFish","Garlic","Meat on the Bone","Centennial Puzzle","Sling","Bag of Marbles","Replay:Ringing Soul","Blue Doll","InkBottle","Toy Ornithopter","Snecko Scales","Molten Egg 2","OrangePellets","Turnip","Quantum Egg","Sundial","Guide Book","Replay:Mystery Machine","The Courier","Lee\u0027s Waffle","Ancient Tea Set","Letter Opener","Replay:Baseball","Toxic Egg 2","Snake Skull","Vajra","Singing Bowl","Happy Flower","Kunai","Pen Nib","Oddly Smooth Stone","Snack Pack","Bronze Scales","Gremlin Food","Shuriken","ReplayTheSpireMod:Lightbulb","Strawberry","Blue Candle","Prayer Wheel","Replay:Bandana","Boot","Matryoshka","HornCleat","Omamori","Tough Bandages","Anchor","Pear","Replay:Arrowhead","Art of War","Pet Ghost","Darkstone Periapt","Replay:Bottled Flurry","Girya","War Paint","Iron Hammer","Lantern","Replay:Towering Pillar of Hats","Regal Pillow","PreservedInsect","Ornamental Fan","Dead Branch","Dream Catcher","Gremlin Horn","MealTicket","ReplayTheSpireMod:TigerMarble","Akabeko","Grinning Jar","Bag of Preparation","Peace Pipe","White Beast Statue","Ninja Scroll","StoneCalendar","The Specimen","Replay:Bottled Snecko","Replay:Accelerometer","Eternal Feather","Divine Protection","Onion Ring","Bottled Tornado","Bottled Lightning","Basket Of Snakes","StrikeDummy","Mummified Hand","Mercury Hourglass","Chameleon Ring","Vampiric Spirits","Gambling Chip","Question Card","Paper Crane","ReplayTheSpireMod:Shallot","Thread and Needle","Pantograph","ReplayTheSpireMod:Ninjato","Durian","CaptainsWheel","Calipers","Bird Faced Urn","Ginger","FossilizedHelix","Byrd Skull","Replay:Multitool","Ice Cream","Counterbalance","Torii","Pocketwatch","Tingsha","Incense Burner","TungstenRod","Replay:PocketPolymizer","Mango","Pondfish Scales","Replay:Kaleidoscope","Replay:Bottled Eggs","Replay:Bottled Steam","Circlet","Orrery","Astrolabe","MawBank","Old Coin","Smiling Mask","Chemical X","Black Star"],"acts_visited":["Exordium","TheCity","TheBeyond","Exordium","TheCity"],"potions_floor_usage":[8,11,11,16,16,16,33,33,33,50],"damage_taken":[{"damage":14,"enemies":"2 Louse","floor":3,"turns":3},{"damage":0,"enemies":"Cultist","floor":4,"turns":3},{"damage":6,"enemies":"Jaw Worm","floor":5,"turns":3},{"damage":15,"enemies":"Gremlin Gang","floor":7,"turns":2},{"damage":20,"enemies":"Large Slime","floor":8,"turns":4},{"damage":11,"enemies":"3 Sentries","floor":11,"turns":4},{"damage":3,"enemies":"Blue Slaver","floor":12,"turns":2},{"damage":4,"enemies":"3 Louse","floor":14,"turns":2},{"damage":21,"enemies":"Fading Forest","floor":16,"turns":13},{"damage":4,"enemies":"3 Byrds","floor":18,"turns":3},{"damage":0,"enemies":"Masked Bandits","floor":19,"turns":2},{"damage":11,"enemies":"Book of Stabbing","floor":23,"turns":3},{"damage":0,"enemies":"Chosen","floor":29,"turns":3},{"damage":0,"enemies":"Sentry and Sphere","floor":30,"turns":2},{"damage":0,"enemies":"Replay:Snechameleon","floor":31,"turns":1},{"damage":0,"enemies":"Automaton","floor":33,"turns":3},{"damage":0,"enemies":"3 Darklings","floor":35,"turns":1},{"damage":21,"enemies":"3 Shapes","floor":38,"turns":1},{"damage":0,"enemies":"Reptomancer","floor":41,"turns":1},{"damage":0,"enemies":"Sphere and 2 Shapes","floor":46,"turns":1},{"damage":0,"enemies":"R_Hoarder","floor":47,"turns":2},{"damage":0,"enemies":"Reptomancer","floor":48,"turns":1},{"damage":0,"enemies":"Donu and Deca","floor":50,"turns":1},{"damage":0,"enemies":"Donu and Deca","floor":51,"turns":1},{"damage":0,"enemies":"Cultist","floor":55,"turns":1},{"damage":0,"enemies":"Small Slimes","floor":56,"turns":1},{"damage":0,"enemies":"Jaw Worm","floor":57,"turns":1},{"damage":0,"enemies":"Gremlin Nob","floor":58,"turns":1},{"damage":0,"enemies":"Lagavulin","floor":60,"turns":1},{"damage":0,"enemies":"3 Sentries","floor":62,"turns":1},{"damage":0,"enemies":"Blue Slaver","floor":63,"turns":1},{"damage":0,"enemies":"2 Fungi Beasts","floor":65,"turns":1},{"damage":0,"enemies":"Gremlin Gang","floor":66,"turns":1},{"damage":0,"enemies":"Hexaghost","floor":68,"turns":1}],"seed_played":"4933186193463383694","potions_obtained":[{"floor":11,"key":"DuplicationPotion"},{"floor":12,"key":"AttackPotion"},{"floor":19,"key":"DistilledChaos"},{"floor":33,"key":"Adrenaline Potion"},{"floor":38,"key":"Poison Potion"}],"is_trial":true,"path_per_floor":["?","$","M","M","M","R","M","M","T","$","E","M","R","M","R","B",null,"?","?","?","T","T","E","T","T","T","T","T","?","?","E","T","B",null,"?","T","T","?","T","T","E","T","T","T","?","?","E","E","T","B","B",null,"?","?","?","?","?","E","T","E","T","E","?","T","?","?","T","B",null],"character_chosen":"THE_SILENT","items_purchased":["PiercingWail","Footwork","Medical Kit","Replay:Wax Seal","Tiny Chest","Violence","Fire Potion","Swift Potion","BargainBundle","Orichalcum","Blood Vial","Endless Agony","Dexterity Potion","Frozen Eye","Potion Belt","Replay:Rubber Ducky","Accuracy+1","ReplayTheSpireMod:Trickstab","Elixir","ColorlessPotion","Swift Potion","Secret Technique","Sling","Bag of Marbles","Replay:Ringing Soul","Finisher","OrangePellets","Turnip","Slice+1","Quantum Egg","CunningPotion","Secret Weapon","Finesse","Sundial","Guide Book","Replay:Mystery Machine","Finisher+1","Lee\u0027s Waffle","Ancient Tea Set","Letter Opener","Replay:Baseball","Toxic Egg 2","Snake Skull","Vajra","Singing Bowl","Happy Flower","Kunai","Pen Nib","Oddly Smooth Stone","Snack Pack","Bronze Scales","Gremlin Food","Shuriken","ReplayTheSpireMod:Lightbulb","Strawberry","Blue Candle","Prayer Wheel","Replay:Bandana","Boot","Matryoshka","HornCleat","Omamori","Tough Bandages","Anchor","Pear","Replay:Arrowhead","Art of War","Pet Ghost","Darkstone Periapt","Panacea+1","Prepared+1","Footwork+1","Reflex+1","Outmaneuver+1","Blade Dance+1","Hidden Blade+1","Terror+1","Blade Dance+1","Reflex+1","Replay:Bottled Flurry","Girya","War Paint","Iron Hammer","Lantern","Replay:Towering Pillar of Hats","Regal Pillow","PreservedInsect","Ornamental Fan","Dead Branch","Dream Catcher","Gremlin Horn","MealTicket","ReplayTheSpireMod:TigerMarble","Akabeko","Grinning Jar","Bag of Preparation","Peace Pipe","White Beast Statue","Ninja Scroll","StoneCalendar","The Specimen","Replay:Bottled Snecko","Replay:Accelerometer","Eternal Feather","Divine Protection","Onion Ring","Bottled Tornado","Bottled Lightning","Basket Of Snakes","StrikeDummy","Mummified Hand","Mercury Hourglass","Chameleon Ring","Vampiric Spirits","Gambling Chip","Question Card","Paper Crane","ReplayTheSpireMod:Shallot","Thread and Needle","Pantograph","ReplayTheSpireMod:Ninjato","Durian","CaptainsWheel","Calipers","Bird Faced Urn","Ginger","FossilizedHelix","Byrd Skull","Replay:Multitool","Ice Cream","Counterbalance","Torii","Pocketwatch","Tingsha","Incense Burner","TungstenRod","Replay:PocketPolymizer","Mango","Pondfish Scales","Replay:Kaleidoscope","Replay:Bottled Eggs","Replay:Bottled Steam","Orrery","Trip+1","Deflect+1","Tactician+1","Expertise+1","Chemical X","Slice+1"],"campfire_rested":3,"item_purchase_floors":[2,2,2,2,2,2,2,2,10,10,10,10,10,21,21,21,21,21,21,21,21,21,28,28,28,28,36,36,36,36,36,36,37,37,37,37,37,39,39,39,39,39,39,39,39,39,39,39,39,39,39,39,39,39,39,39,39,39,39,39,39,39,39,39,39,39,39,39,39,39,39,39,39,39,39,39,39,39,39,39,39,39,39,39,39,39,39,39,39,39,39,39,39,39,39,39,39,39,39,39,39,39,39,39,39,39,39,39,39,39,39,39,39,39,39,39,39,39,39,39,39,39,39,39,39,39,39,39,39,39,39,39,39,39,39,39,39,39,39,39,39,39,42,42,42,42,42,64,64],"current_hp_per_floor":[59,59,45,45,39,58,43,23,23,23,14,13,32,30,49,30,57,55,57,76,76,76,65,65,65,65,65,68,70,72,77,77,85,85,85,88,91,70,137,137,139,148,148,148,148,148,151,153,153,155,157,160,163,163,163,163,163,163,163,165,165,167,167,170,170,170,170,172,172,172],"gold":57043,"neow_bonus":"","is_daily":false,"chose_seed":false,"campfire_upgraded":3,"win_rate":0.0,"timestamp":1613229927,"path_taken":["?","$","M","M","M","R","M","M","T","$","E","M","R","M","R","BOSS","?","?","?","T","?","E","?","T","T","T","T","?","?","E","T","BOSS","?","T","T","?","T","T","E","?","T","T","?","?","E","E","T","BOSS","BOSS","?","?","?","?","?","E","T","E","T","E","?","T","?","?","T","BOSS"],"items_purchased_type":["Card","Card","Relic","Relic","Relic","Card","Potion","Potion","Relic","Relic","Relic","Card","Potion","Relic","Relic","Relic","Card","Card","Potion","Potion","Potion","Card","Relic","Relic","Relic","Card","Relic","Relic","Card","Relic","Potion","Card","Card","Relic","Relic","Relic","Card","Relic","Relic","Relic","Relic","Relic","Relic","Relic","Relic","Relic","Relic","Relic","Relic","Relic","Relic","Relic","Relic","Relic","Relic","Relic","Relic","Relic","Relic","Relic","Relic","Relic","Relic","Relic","Relic","Relic","Relic","Relic","Relic","Card","Card","Card","Card","Card","Card","Card","Card","Card","Card","Relic","Relic","Relic","Relic","Relic","Relic","Relic","Relic","Relic","Relic","Relic","Relic","Relic","Relic","Relic","Relic","Relic","Relic","Relic","Relic","Relic","Relic","Relic","Relic","Relic","Relic","Relic","Relic","Relic","Relic","Relic","Relic","Relic","Relic","Relic","Relic","Relic","Relic","Relic","Relic","Relic","Relic","Relic","Relic","Relic","Relic","Relic","Relic","Relic","Relic","Relic","Relic","Relic","Relic","Relic","Relic","Relic","Relic","Relic","Relic","Relic","Relic","Relic","Relic","Card","Card","Card","Card","Relic","Card"],"build_version":"2020-12-22","purchased_purges":9,"victory":false,"max_hp_per_floor":[66,66,66,66,66,66,66,66,66,66,66,66,66,66,66,66,66,66,66,76,76,76,76,76,76,76,76,79,79,79,82,82,85,85,85,88,91,91,137,137,139,148,148,148,148,148,151,153,153,155,157,160,163,163,163,163,163,163,163,165,165,167,167,170,170,170,170,172,172,172],"card_choices":[{"not_picked":["Blur","Leg Sweep"],"picked":"Slice","floor":0},{"not_picked":["All Out Attack","Flying Knee"],"picked":"Slice","floor":0},{"not_picked":["Sucker Punch","Outmaneuver"],"picked":"Deflect","floor":0},{"not_picked":["Heel Hook","Bane"],"picked":"Endless Agony","floor":0},{"not_picked":["Escape Plan","Outmaneuver"],"picked":"Dagger Spray","floor":0},{"not_picked":["Acrobatics","Heel Hook"],"picked":"ReplayTheSpireMod:Speed Training","floor":0},{"not_picked":["Sucker Punch","Deflect"],"picked":"Blade Dance","floor":0},{"not_picked":["Replay:Poison Smokescreen","Riddle With Holes"],"picked":"Bane","floor":0},{"not_picked":["Deflect","Quick Slash"],"picked":"Concentrate","floor":0},{"not_picked":["Fluid Movement","Predator"],"picked":"Poisoned Stab","floor":0},{"not_picked":["Dodge and Roll","Flying Knee"],"picked":"Cloak And Dagger","floor":0},{"not_picked":["Calculated Gamble","ReplayTheSpireMod:Tripwire"],"picked":"Blade Dance","floor":0},{"not_picked":["Setup","Caltrops"],"picked":"Hidden Blade","floor":0},{"not_picked":["Blur","Backstab"],"picked":"PiercingWail","floor":0},{"not_picked":["Concentrate","Outmaneuver"],"picked":"Prepared","floor":0},{"not_picked":["ReplayTheSpireMod:Tripwire","Dagger Spray"],"picked":"Blade Dance","floor":11},{"not_picked":["ReplayTheSpireMod:From All Sides","Die Die Die"],"picked":"Replay:Bag of Tricks","floor":16},{"not_picked":["Bane","Riddle With Holes"],"picked":"Accuracy+1","floor":19},{"not_picked":["Leg Sweep","Sucker Punch"],"picked":"ReplayTheSpireMod:Scrap Shanks+1","floor":23},{"not_picked":["ReplayTheSpireMod:Scrap Shanks+1","Skewer"],"picked":"ReplayTheSpireMod:Speed Training","floor":31},{"not_picked":["Envenom+1","Replay:Bag of Tricks"],"picked":"Adrenaline","floor":33},{"not_picked":["Poisoned Stab+1","Leg Sweep+1","Dagger Throw+1","Masterful Stab+1"],"picked":"Singing Bowl","floor":41},{"not_picked":["Sucker Punch+1","Dagger Spray+1","Poisoned Stab+1","ReplayTheSpireMod:Tripwire+1"],"picked":"Singing Bowl","floor":42},{"not_picked":["Blur+1","Deadly Poison+1","Draining Mist+1","Dagger Spray+1"],"picked":"Singing Bowl","floor":42},{"not_picked":["Backflip+1","Crippling Poison+1","PiercingWail+1"],"picked":"Slice+1","floor":42},{"not_picked":["Blade Dance+1","Poisoned Stab+1","Flying Knee+1"],"picked":"Infinite Blades+1","floor":42},{"not_picked":["Draining Mist+1","Backflip+1","Malaise+1","Caltrops+1"],"picked":"Singing Bowl","floor":42},{"not_picked":["Poisoned Stab+1","Draining Mist+1","Sucker Punch+1"],"picked":"Deflect+1","floor":47},{"not_picked":["Skewer+1","Underhanded Strike+1","Burst+1","Dagger Spray+1"],"picked":"Singing Bowl","floor":48},{"not_picked":["After Image+1","ReplayTheSpireMod:From All Sides+1","Envenom+1","Tools of the Trade+1"],"picked":"Singing Bowl","floor":50},{"not_picked":["Doppelganger+1","Unload+1","Burst+1","Grand Finale+1"],"picked":"Singing Bowl","floor":51},{"not_picked":["Fluid Movement+1","Flying Knee+1","Crippling Poison+1","Bane+1"],"picked":"SKIP","floor":58},{"not_picked":["Deflect+1","Dagger Spray+1","Deadly Poison+1","Backflip+1"],"picked":"Singing Bowl","floor":60},{"not_picked":["Flying Knee+1","Choke+1","Replay:Bag of Tricks+1","ReplayTheSpireMod:Exploit Weakness+1"],"picked":"Singing Bowl","floor":62},{"not_picked":["Storm of Steel+1","Venomology+1","Atom Bomb+1","Burst+1"],"picked":"Singing Bowl","floor":68}],"player_experience":4230,"relics_obtained":[{"floor":3,"key":"Replay:WaspNest"},{"floor":4,"key":"Golden Egg"},{"floor":5,"key":"Mirror"},{"floor":7,"key":"Frozen Egg 2"},{"floor":8,"key":"Nunchaku"},{"floor":9,"key":"Bottled Flame"},{"floor":11,"key":"Du-Vu Doll"},{"floor":12,"key":"ReplayFunnel"},{"floor":14,"key":"Juzu Bracelet"},{"floor":18,"key":"Whetstone"},{"floor":19,"key":"Red Mask"},{"floor":22,"key":"CeramicFish"},{"floor":23,"key":"Garlic"},{"floor":24,"key":"Meat on the Bone"},{"floor":26,"key":"Centennial Puzzle"},{"floor":29,"key":"Blue Doll"},{"floor":30,"key":"InkBottle"},{"floor":31,"key":"Toy Ornithopter"},{"floor":35,"key":"Molten Egg 2"},{"floor":38,"key":"The Courier"},{"floor":41,"key":"Circlet"},{"floor":46,"key":"Circlet"},{"floor":47,"key":"Circlet"},{"floor":48,"key":"Circlet"},{"floor":55,"key":"MawBank"},{"floor":56,"key":"Old Coin"},{"floor":57,"key":"Smiling Mask"},{"floor":61,"key":"Circlet"},{"floor":61,"key":"Circlet"},{"floor":63,"key":"Circlet"},{"floor":65,"key":"Circlet"},{"floor":66,"key":"Circlet"}],"event_choices":[{"damage_healed":0,"gold_gain":0,"player_choice":"Fought Bandits","damage_taken":0,"max_hp_gain":0,"max_hp_loss":0,"event_name":"Masked Bandits","floor":19,"gold_loss":0},{"cards_removed":["Atom Bomb"],"damage_healed":9,"gold_gain":0,"player_choice":"Offered Rare","damage_taken":0,"max_hp_gain":10,"max_hp_loss":0,"event_name":"Bonfire Elementals","floor":20,"gold_loss":0},{"damage_healed":0,"gold_gain":50,"player_choice":"Pray","damage_taken":0,"max_hp_gain":0,"max_hp_loss":0,"event_name":"Golden Shrine","floor":45,"gold_loss":0},{"cards_removed":["Pot Of Greed"],"damage_healed":0,"gold_gain":0,"player_choice":"Forget","damage_taken":0,"max_hp_gain":0,"max_hp_loss":0,"event_name":"Living Wall","floor":54,"gold_loss":0}],"is_beta":false,"boss_relics":[{"not_picked":["Coffee Dripper","Replay:Bronze Core"],"picked":"Painkiller Herb"},{"not_picked":["Runic Dome","Tiny House"],"picked":"Snecko Scales"},{"not_picked":["Replay:Wanted Poster","Abe\u0027s Treasure"],"picked":"Astrolabe"},{"not_picked":["Velvet Choker","Replay:Bronze Core"],"picked":"Black Star"}],"items_purged_floors":[2,10,21,28,36,37,39,42,64],"is_endless":true,"potions_floor_spawned":[3,4,11,12,19,23,30,33,35,38,41,46,47,48,50,51,55,56,57,58,60,62,63,65,66,68],"ascension_level":20}}