{"host":"nonrudiqgwgca70t","time":1613182803,"event":{"mods":["BaseMod","Downfall","Hermit","MarisaÅiñ∂âJÅ@ñÇóùçπÅj","Minty Spire (QoL Compilation)","StSLib","The Cursed","The Disciple","The Servant 0.9.4"],"gold_per_floor":[117,131,131,150,166,201,221,236,236,254,322,358,371,371,371,500,500,513,513,527,28,28,28,28],"floor_reached":23,"language":"ENG","playtime":2754,"items_purged":["downfall:Bewildered"],"score":230,"play_id":"a518263f-1873-4ea6-892c-febc25b8e950","local_time":"20210212192003","is_ascension_mode":false,"campfire_choices":[{"floor":15.0,"key":"REST"}],"circlet_count":0,"master_deck":["hermit:Defend_Hermit","hermit:Defend_Hermit","hermit:Defend_Hermit","hermit:Defend_Hermit","hermit:Snapshot","hermit:Covet","hermit:Ricochet","hermit:Feint","hermit:TrackingShot","hermit:Grudge","hermit:HighCaliber","hermit:HighCaliber","hermit:Desperado","hermit:Quickdraw","hermit:PistolWhip","hermit:GoldenBullet","Parasite","hermit:DeadOrAlive","hermit:Midnight","hermit:SprayPray+1","hermit:Deadeye","hermit:Snipe","Bite","Bite","Bite","Bite","Bite"],"relics":["hermit:Momento","NeowsBlessing","Golden Idol","Letter Opener","Mummified Hand","Art of War","sneckomod:BabySnecko","Ice Cream"],"acts_visited":["Exordium","TheCity"],"potions_floor_usage":[23],"damage_taken":[{"damage":0.0,"enemies":"Small Slimes","floor":1.0,"turns":1.0},{"damage":0.0,"enemies":"2 Louse","floor":2.0,"turns":1.0},{"damage":0.0,"enemies":"Jaw Worm","floor":4.0,"turns":1.0},{"damage":3.0,"enemies":"3 Louse","floor":5.0,"turns":2.0},{"damage":41.0,"enemies":"Gremlin Nob","floor":6.0,"turns":5.0},{"damage":3.0,"enemies":"Exordium Thugs","floor":7.0,"turns":4.0},{"damage":3.0,"enemies":"Looter","floor":8.0,"turns":3.0},{"damage":0.0,"enemies":"2 Fungi Beasts","floor":10.0,"turns":1.0},{"damage":20.0,"enemies":"3 Sentries","floor":12.0,"turns":5.0},{"damage":3.0,"enemies":"Lots of Slimes","floor":13.0,"turns":2.0},{"damage":41.0,"enemies":"Hexaghost","floor":16.0,"turns":7.0},{"damage":6.0,"enemies":"Chosen","floor":18.0,"turns":4.0},{"damage":15,"enemies":"2 Thieves","floor":20,"turns":4},{"damage":62,"enemies":"Gremlin Leader","floor":23,"turns":6}],"seed_played":"3490833262169149129","potions_obtained":[{"floor":5.0,"key":"FairyPotion"},{"floor":7.0,"key":"Weak Potion"},{"floor":8.0,"key":"bronze:BurnAndBuffPotion"},{"floor":10.0,"key":"LiquidMemories"},{"floor":13.0,"key":"LiquidBronze"},{"floor":16.0,"key":"Fruit Juice"},{"floor":20,"key":"SpeedPotion"}],"is_trial":false,"path_per_floor":["M","M","?","M","M","E","M","M","T","M","?","E","M","?","R","B",null,"M","?","M","$","?","E"],"character_chosen":"HERMIT","items_purchased":["hermit:Deadeye","hermit:Snipe","Ice Cream"],"campfire_rested":1,"item_purchase_floors":[21,21,21],"current_hp_per_floor":[75,75,57,57,54,13,10,7,7,7,7,11,8,26,48,12,80,74,74,59,59,56,0,0],"gold":28,"neow_bonus":"THREE_ENEMY_KILL","is_daily":false,"chose_seed":false,"campfire_upgraded":0,"win_rate":0.0,"timestamp":1613182803,"path_taken":["M","M","?","M","M","E","M","M","T","M","?","E","M","?","R","BOSS","M","?","M","$","?","E"],"items_purchased_type":["Card","Card","Relic"],"build_version":"2020-12-22","purchased_purges":1,"victory":false,"max_hp_per_floor":[75,75,75,75,75,75,75,75,75,75,75,75,75,75,75,80,80,80,80,80,80,56,56,56],"card_choices":[{"not_picked":["hermit:HoleUp","hermit:TrackingShot"],"picked":"hermit:Ricochet","floor":1.0},{"not_picked":["hermit:Combo","hermit:Cheat"],"picked":"hermit:Feint","floor":2.0},{"not_picked":["hermit:FinalCanter","hermit:Feint"],"picked":"hermit:TrackingShot","floor":4.0},{"not_picked":["hermit:PistolWhip","hermit:Determination"],"picked":"hermit:Grudge","floor":5.0},{"not_picked":["hermit:Grudge","hermit:Glare"],"picked":"hermit:HighCaliber","floor":6.0},{"not_picked":["hermit:Dive","hermit:FullyLoaded"],"picked":"hermit:HighCaliber","floor":7.0},{"not_picked":["hermit:Vantage","hermit:Spite"],"picked":"hermit:Desperado","floor":8.0},{"not_picked":["hermit:DeadMansHand","hermit:Roulette"],"picked":"hermit:Quickdraw","floor":10.0},{"not_picked":["hermit:SprayPray","hermit:Desperado"],"picked":"hermit:PistolWhip","floor":12.0},{"not_picked":["hermit:BodyArmor","hermit:Headshot"],"picked":"hermit:GoldenBullet","floor":13.0},{"not_picked":["hermit:FatalDesire","hermit:Dissolve"],"picked":"hermit:DeadOrAlive","floor":16.0},{"not_picked":["hermit:Grudge","hermit:Cheat"],"picked":"hermit:Midnight","floor":18.0},{"not_picked":["hermit:TrackingShot","hermit:CalledShot"],"picked":"hermit:SprayPray+1","floor":20}],"player_experience":136860,"relics_obtained":[{"floor":6.0,"key":"Letter Opener"},{"floor":9.0,"key":"Mummified Hand"},{"floor":12.0,"key":"Art of War"}],"event_choices":[{"damage_healed":0.0,"max_hp_gain":0.0,"max_hp_loss":0.0,"gold_gain":0.0,"event_name":"Golden Idol","player_choice":"Take Damage","floor":3.0,"gold_loss":0.0,"damage_taken":18.0,"relics_obtained":["Golden Idol"]},{"damage_healed":0.0,"max_hp_gain":0.0,"max_hp_loss":0.0,"gold_gain":68.0,"event_name":"Golden Wing","player_choice":"Gained Gold","floor":11.0,"gold_loss":0.0,"damage_taken":0.0},{"damage_healed":18.0,"max_hp_gain":0.0,"max_hp_loss":0.0,"gold_gain":0.0,"event_name":"Mushrooms","player_choice":"Healed and dodged fight","floor":14.0,"gold_loss":0.0,"damage_taken":0.0,"cards_obtained":["Parasite"]},{"damage_healed":0,"gold_gain":0,"player_choice":"Became a vampire","damage_taken":0,"max_hp_gain":0,"max_hp_loss":24,"event_name":"Vampires","floor":22,"gold_loss":0,"cards_obtained":["Bite","Bite","Bite","Bite","Bite"]}],"is_beta":false,"boss_relics":[{"not_picked":["Busted Crown","Pandora\u0027s Box","Velvet Choker"]}],"items_purged_floors":[21],"is_endless":false,"potions_floor_spawned":[5,7,8,10,13,16,20],"killed_by":"Gremlin Leader","ascension_level":0}}