{"host":"xltl1aroowo69o4n","time":1613197474,"event":{"mods":["BaseMod","Colored Map","Colored Powertips","Downfall","Marisa????????","Minty Spire (QoL Compilation)","Replay The Spire","StSLib","The Cursed","The Hierophant","The Mystic","The Necromancer","The Servant 0.9.4"],"gold_per_floor":[114,126,136,152,152,184,201,201,201,201,201,58,73,83,83,188,188,202,213,213,193,209,209,209,209],"floor_reached":24,"language":"ENG","playtime":1358,"items_purged":["Pain"],"score":200,"play_id":"44a89101-6669-449d-a5fa-03c5f7ce619e","local_time":"20210213012434","is_ascension_mode":false,"campfire_choices":[{"floor":8,"key":"REST"},{"floor":10,"key":"REST"},{"floor":15,"key":"REST"},{"floor":23,"key":"REST"}],"circlet_count":0,"master_deck":["mysticmod:Strike_Mystic","mysticmod:Strike_Mystic","mysticmod:Strike_Mystic","mysticmod:Strike_Mystic","mysticmod:Defend_Mystic","mysticmod:Defend_Mystic","mysticmod:Defend_Mystic","mysticmod:Defend_Mystic","mysticmod:ArcaneDodge","mysticmod:ShockingGrasp","Vigilance","Guardian:TwinSlam","mysticmod:Disintegrate","mysticmod:HeavyStrike","mysticmod:Probe","mysticmod:Alacrity","mysticmod:Flurry","mysticmod:SuddenClarity","mysticmod:VorpalThrust","mysticmod:Grapple","mysticmod:MightyMagic","mysticmod:LightningBolt","mysticmod:MysticalShield","mysticmod:HeavyStrike","mysticmod:BulkUp","mysticmod:CureLightWounds"],"relics":["m_BookOfShivs","Chameleon Ring","Anchor","WarpedTongs","mysticmod:CrystalBall"],"acts_visited":["Exordium","TheCity"],"potions_floor_usage":[6,7,22,24,24],"damage_taken":[{"damage":5,"enemies":"Cultist","floor":1,"turns":5},{"damage":1,"enemies":"Jaw Worm","floor":2,"turns":3},{"damage":5,"enemies":"Small Slimes","floor":3,"turns":3},{"damage":11,"enemies":"Gremlin Gang","floor":4,"turns":5},{"damage":52,"enemies":"Gremlin Nob","floor":6,"turns":6},{"damage":0,"enemies":"2 Fungi Beasts","floor":7,"turns":3},{"damage":8,"enemies":"Lots of Slimes","floor":13,"turns":4},{"damage":10,"enemies":"Blue Slaver","floor":14,"turns":4},{"damage":31,"enemies":"Slime Boss","floor":16,"turns":10},{"damage":21,"enemies":"2 Thieves","floor":18,"turns":4},{"damage":34,"enemies":"Spheric Guardian","floor":19,"turns":7},{"damage":9,"enemies":"Centurion and Healer","floor":22,"turns":6},{"damage":73,"enemies":"Gremlin Leader","floor":24,"turns":8}],"seed_played":"-787272828745243635","potions_obtained":[{"floor":4,"key":"EssenceOfSteel"},{"floor":6,"key":"SpeedPotion"},{"floor":7,"key":"Elixir"},{"floor":13,"key":"FearPotion"},{"floor":21,"key":"hexamod:SoulburnPotion"},{"floor":22,"key":"SteroidPotion"}],"is_trial":false,"path_per_floor":["M","M","M","M","?","E","M","R","T","R","?","$","M","M","R","B",null,"M","M","?","?","M","R","E"],"character_chosen":"MYSTIC_CLASS","items_purchased":["mysticmod:Grapple"],"campfire_rested":4,"item_purchase_floors":[12],"current_hp_per_floor":[72,71,66,55,55,3,3,26,26,49,49,49,41,31,54,23,77,56,22,47,47,38,61,0,0],"gold":209,"neow_bonus":"THREE_RARE_CARDS","is_daily":false,"chose_seed":false,"campfire_upgraded":0,"win_rate":0.0,"timestamp":1613197474,"path_taken":["M","M","M","?","?","E","M","R","T","R","?","$","M","M","R","BOSS","M","?","?","?","?","R","E"],"items_purchased_type":["Card"],"build_version":"2020-12-13","purchased_purges":1,"victory":false,"max_hp_per_floor":[77,77,77,77,77,77,77,77,77,77,77,77,77,77,77,77,77,77,77,77,77,77,77,77,77],"card_choices":[{"not_picked":["mysticmod:Doublecast","mysticmod:SpellRecall"],"picked":"mysticmod:Disintegrate","floor":0},{"not_picked":["mysticmod:TomeOfSpells","mysticmod:LightningBolt"],"picked":"mysticmod:HeavyStrike","floor":1},{"not_picked":["mysticmod:ArcaneAccuracy","mysticmod:HunkerDown"],"picked":"mysticmod:Probe","floor":2},{"not_picked":["mysticmod:BulkUp","mysticmod:Shield"],"picked":"mysticmod:Alacrity","floor":3},{"not_picked":["mysticmod:PureInstinct","mysticmod:BulkUp"],"picked":"mysticmod:Flurry","floor":4},{"not_picked":["mysticmod:LightningBolt","mysticmod:BladeMaster"],"picked":"mysticmod:SuddenClarity","floor":6},{"not_picked":["Concentrate","Hidden Blade"],"picked":"mysticmod:VorpalThrust","floor":7},{"not_picked":["Hidden Blade","mysticmod:EnergizedRift"],"picked":"mysticmod:MightyMagic","floor":13},{"not_picked":["Endless Agony","mysticmod:HeavyStrike"],"picked":"mysticmod:LightningBolt","floor":14},{"not_picked":["mysticmod:ClosingBarrage","Tools of the Trade"],"picked":"mysticmod:MysticalShield","floor":16},{"not_picked":["mysticmod:Alacrity","mysticmod:ComponentsPouch"],"picked":"mysticmod:HeavyStrike","floor":18},{"not_picked":["mysticmod:LightningBolt+1","mysticmod:SpellRecall"],"picked":"mysticmod:BulkUp","floor":19},{"not_picked":["mysticmod:PureInstinct","mysticmod:PowerSlash+1"],"picked":"mysticmod:CureLightWounds","floor":22}],"player_experience":188418,"relics_obtained":[{"floor":6,"key":"Chameleon Ring"},{"floor":9,"key":"Anchor"}],"event_choices":[{"damage_healed":0,"gold_gain":0,"player_choice":"Rummage","damage_taken":0,"relics_obtained":["WarpedTongs"],"max_hp_gain":0,"max_hp_loss":0,"event_name":"Accursed Blacksmith","floor":11,"gold_loss":0,"cards_obtained":["Pain"]},{"damage_healed":25,"gold_gain":0,"player_choice":"Heal","damage_taken":0,"max_hp_gain":0,"max_hp_loss":0,"event_name":"The Library","floor":20,"gold_loss":0},{"damage_healed":0,"gold_gain":0,"player_choice":"Bought 1 Potion","damage_taken":0,"max_hp_gain":0,"max_hp_loss":0,"event_name":"The Woman in Blue","floor":21,"gold_loss":0}],"is_beta":false,"boss_relics":[{"not_picked":["Sozu","Tiny House"],"picked":"mysticmod:CrystalBall"}],"items_purged_floors":[12],"is_endless":false,"potions_floor_spawned":[4,6,7,13,22],"killed_by":"Gremlin Leader","ascension_level":0}}