{"host":"fauqrvll5t0ss0vm","time":1613246923,"event":{"mods":["2.2 Compatiblity","Act Like it!","Aspiration","Bard","BaseMod","Beaked The Cultist","Better Altar","Better Match","Better Note","Better Sensory Stone","Better Skull","Better Third Choice","Better Vampires","Card Filter","Clockwork Mod","Colored Map","Conspire","Displayed Cursed Tome","Downfall","Emptier Cage","Energized Spire","Friendly Minions","GifTheSpireLib","Glutton Mod","Gremlin Mod","Gremlin Skip","Halation","Hermit","Highlight Path","Hubris","Jorbs\u0027s Wanderer Trilogy","Mad Scientist","Marked Mod","Minty Spire (QoL Compilation)","Permanent Neow","Random Character Button","Relic Filter","Reorder Act Four","Replay The Spire","Shop Mod","Somnambulant","Spikes Relics","StSLib","Stuff the Spire","SuperFastMode","The Construct","The Cursed","The Disciple","The Elementalist","The Judge","The Juggle","The Mystic","The Runesmith","The Sage","The Servant 0.9.4","The Valiant","Trackpad","Uncapped"],"gold_per_floor":[118,32,62,101,156,156,191,255,255,290,290,306,306,306,306,405,405,404,443,488,488,488,488],"floor_reached":22,"language":"ENG","playtime":1430,"items_purged":[],"score":446,"play_id":"ba1b8911-b788-4c63-b43a-dde2cc12db97","local_time":"20210213210843","is_ascension_mode":true,"campfire_choices":[{"data":"HandOfGreed","floor":6,"key":"SMITH"},{"data":"Survivor","floor":11,"key":"SMITH"},{"data":"Neutralize","floor":13,"key":"SMITH"},{"floor":15,"key":"REST"}],"circlet_count":0,"master_deck":["AscendersBane","Strike_G","Strike_G","Strike_G","Strike_G","Strike_G","Defend_G+1","Defend_G","Defend_G","Defend_G","Defend_G","Survivor+1","Neutralize+1","HandOfGreed+1","Dagger Spray","Terror","Cloak And Dagger","StuffTheSpire:BrimstoneBlast","Infinite Blades","StuffTheSpire:Shiver","Predator","Cloak And Dagger","Venomology","ReplayTheSpireMod:Scrap Shanks","Survivor+1"],"relics":["Ring of the Snake","Singing Bowl","SpikesRelics:DaevaFist","halation:Trompette","HoveringKite"],"acts_visited":["Exordium","TheCity"],"potions_floor_usage":[7,10,16,18,19,20,20,22],"damage_taken":[{"damage":0,"enemies":"conspire:RoseBush","floor":1,"turns":5},{"damage":1,"enemies":"Cultist","floor":3,"turns":4},{"damage":3,"enemies":"Small Slimes","floor":4,"turns":3},{"damage":13,"enemies":"2 Fungi Beasts","floor":5,"turns":5},{"damage":10,"enemies":"Lagavulin","floor":7,"turns":7},{"damage":1,"enemies":"Large Slime","floor":8,"turns":5},{"damage":0,"enemies":"Gremlin Nob","floor":10,"turns":2},{"damage":16,"enemies":"Looter","floor":12,"turns":5},{"damage":10,"enemies":"Slime Boss","floor":16,"turns":10},{"damage":5,"enemies":"2 Thieves","floor":18,"turns":4},{"damage":22,"enemies":"Shell Parasite","floor":19,"turns":8},{"damage":26,"enemies":"Shelled Parasite and Fungi","floor":20,"turns":7},{"damage":18,"enemies":"Snecko","floor":22,"turns":4}],"seed_played":"3956223908301976077","potions_obtained":[{"floor":5,"key":"Fire Potion"},{"floor":8,"key":"CunningPotion"},{"floor":12,"key":"CunningPotion"},{"floor":16,"key":"SpeedPotion"},{"floor":18,"key":"AttackPotion"}],"is_trial":false,"path_per_floor":["M","$","M","M","M","R","E","M","T","E","R","M","R","?","R","B",null,"M","M","M","?","M"],"character_chosen":"THE_SILENT","items_purchased":["Terror"],"campfire_rested":1,"item_purchase_floors":[2],"current_hp_per_floor":[59,59,58,55,42,42,32,31,31,31,31,15,15,15,34,24,56,51,31,7,7,0,0],"gold":488,"neow_bonus":"COLORLESS_CARD","is_daily":false,"chose_seed":false,"campfire_upgraded":3,"win_rate":0.0,"timestamp":1613246923,"path_taken":["M","$","M","M","M","R","E","M","T","E","R","M","R","?","R","BOSS","M","M","?","?","M"],"items_purchased_type":["Card"],"build_version":"2020-12-22","purchased_purges":0,"victory":false,"max_hp_per_floor":[66,66,66,66,66,66,66,66,66,66,66,66,66,66,66,66,66,66,68,70,70,70,70],"card_choices":[{"not_picked":["Prepared","Outmaneuver"],"picked":"Dagger Spray","floor":1},{"not_picked":["Slice","Underhanded Strike"],"picked":"Cloak And Dagger","floor":3},{"not_picked":["hubris:SlightOfHand","Deflect","StuffTheSpire:ReptileScales"],"picked":"SKIP","floor":4},{"not_picked":["Flechettes","Dodge and Roll"],"picked":"StuffTheSpire:BrimstoneBlast","floor":5},{"not_picked":["StuffTheSpire:Injection","Poisoned Stab"],"picked":"Infinite Blades","floor":7},{"not_picked":["StuffTheSpire:BumpUp","Cloak And Dagger"],"picked":"StuffTheSpire:Shiver","floor":8},{"not_picked":["StuffTheSpire:Fury","StuffTheSpire:BumpUp"],"picked":"Predator","floor":10},{"not_picked":["Outmaneuver","StuffTheSpire:ReptileScales"],"picked":"Cloak And Dagger","floor":12},{"not_picked":["Bullet Time","Storm of Steel"],"picked":"Venomology","floor":16},{"not_picked":["Concentrate","Sucker Punch"],"picked":"ReplayTheSpireMod:Scrap Shanks","floor":18},{"not_picked":["Underhanded Strike","Dodge and Roll","Finisher"],"picked":"Singing Bowl","floor":19},{"not_picked":["StuffTheSpire:Python","Terror+1","Prepared"],"picked":"Singing Bowl","floor":20}],"player_experience":7463940,"relics_obtained":[{"floor":7,"key":"Singing Bowl"},{"floor":9,"key":"SpikesRelics:DaevaFist"},{"floor":10,"key":"halation:Trompette"}],"event_choices":[{"damage_healed":0,"gold_gain":0,"player_choice":"Upgraded","damage_taken":0,"max_hp_gain":0,"max_hp_loss":0,"event_name":"Upgrade Shrine","floor":14,"gold_loss":0,"cards_upgraded":["Defend_G"]},{"damage_healed":0,"gold_gain":0,"player_choice":"Copied","damage_taken":0,"max_hp_gain":0,"max_hp_loss":0,"event_name":"Duplicator","floor":21,"gold_loss":0,"cards_obtained":["Survivor"]}],"is_beta":false,"boss_relics":[{"not_picked":["hubris:CrackedHourglass","energizedSpire:EnergizedDie"],"picked":"HoveringKite"}],"items_purged_floors":[],"is_endless":false,"potions_floor_spawned":[5,8,12,16,18],"killed_by":"Snecko","ascension_level":20}}