{"host":"5dk97cf2ubw2v967","time":1613233185,"event":{"mods":["AlwaysNeverKeys","BaseMod","Better Altar","Better Vampires","Block Reminder","Card Filter","Colored Powertips","Downfall","Googly Eyes","Highlight Path","Minty Spire (QoL Compilation)","Permanent Neow","Potion Indicator Mod","Quick Restart","Relic Filter","Relic Stats","Say the Spire","Spicy Shops","StSLib","Waifu the Spire","everything is the same but u backflip on backflip"],"gold_per_floor":[116,266,266,282,292,292,85,111,111,111,126,143,156,185,185,261,261,277,277,277,293,293,293,324,338,338,363,363,375,375,388,388,467,467,480,505,505,505,0,25,76,105,105,115,115,131,6,26,26,26,26],"floor_reached":50,"language":"ENG","playtime":2536,"items_purged":["Doubt","Normality"],"score":1250,"play_id":"438a15ab-37e4-4089-8d58-72d98c6cfd3b","local_time":"20210213161945","is_ascension_mode":true,"campfire_choices":[{"data":"Dramatic Entrance","floor":6,"key":"SMITH"},{"data":"Inflame","floor":10,"key":"SMITH"},{"data":"Heavy Blade","floor":15,"key":"SMITH"},{"data":"Rupture","floor":23,"key":"SMITH"},{"floor":28,"key":"REST"},{"data":"Hemokinesis","floor":30,"key":"SMITH"},{"data":"Fiend Fire","floor":32,"key":"SMITH"},{"data":"1","floor":45,"key":"LIFT"},{"floor":49,"key":"REST"}],"circlet_count":0,"master_deck":["AscendersBane","Defend_R","Defend_R+1","Defend_R","Defend_R","Bash","Dramatic Entrance+1","Battle Trance","Iron Wave","Inflame+1","Carnage","Rage+1","Hemokinesis+1","Heavy Blade+1","Rupture+1","Fiend Fire+1","CurseOfTheBell","Armaments+1","Bite","Bite","Bite","Bite","Bite","Burning Pact+1","Burning Pact+1","Battle Trance+1","Pummel","Havoc+1","Limit Break+1","Shrug It Off+1","Havoc+1","Hemokinesis+1","Double Tap+1","Shame","Flex+1"],"relics":["Burning Blood","InkBottle","Juzu Bracelet","Pear","Pocketwatch","Calling Bell","Toxic Egg 2","Ginger","War Paint","Boot","Ornamental Fan","Pen Nib","bronze:MakeshiftBattery","FossilizedHelix","downfall:ExtraCursedKey","Mummified Hand","ClockworkSouvenir","Torii","Girya","StoneCalendar","The Courier"],"acts_visited":["Exordium","TheCity","TheBeyond"],"potions_floor_usage":[16,27,33,36,41,46,48,50],"damage_taken":[{"damage":0.0,"enemies":"Small Slimes","floor":1.0,"turns":2.0},{"damage":6,"enemies":"2 Louse","floor":4,"turns":3},{"damage":4,"enemies":"Jaw Worm","floor":5,"turns":5},{"damage":3,"enemies":"Gremlin Nob","floor":8,"turns":3},{"damage":0,"enemies":"2 Fungi Beasts","floor":11,"turns":2},{"damage":0,"enemies":"Exordium Wildlife","floor":12,"turns":1},{"damage":3,"enemies":"Blue Slaver","floor":13,"turns":3},{"damage":16,"enemies":"Lagavulin","floor":14,"turns":6},{"damage":51,"enemies":"Hexaghost","floor":16,"turns":8},{"damage":35,"enemies":"Shell Parasite","floor":18,"turns":3},{"damage":0,"enemies":"Chosen","floor":21,"turns":2},{"damage":50,"enemies":"Book of Stabbing","floor":24,"turns":4},{"damage":4,"enemies":"Centurion and Healer","floor":25,"turns":8},{"damage":39,"enemies":"Slavers","floor":27,"turns":4},{"damage":13,"enemies":"Snecko","floor":29,"turns":3},{"damage":0,"enemies":"Sentry and Sphere","floor":31,"turns":3},{"damage":68,"enemies":"Collector","floor":33,"turns":9},{"damage":0,"enemies":"Orb Walker","floor":35,"turns":1},{"damage":27,"enemies":"Mind Bloom Boss Battle","floor":36,"turns":4},{"damage":0,"enemies":"Giant Head","floor":40,"turns":5},{"damage":0,"enemies":"2 Orb Walkers","floor":41,"turns":4},{"damage":50,"enemies":"Nemesis","floor":42,"turns":5},{"damage":2,"enemies":"3 Shapes","floor":44,"turns":3},{"damage":27,"enemies":"Sphere and 2 Shapes","floor":46,"turns":2},{"damage":0,"enemies":"Transient","floor":48,"turns":6},{"damage":66,"enemies":"Donu and Deca","floor":50,"turns":4}],"seed_played":"-5056800315546888462","potions_obtained":[{"floor":4,"key":"Energy Potion"},{"floor":11,"key":"FairyPotion"},{"floor":13,"key":"AttackPotion"},{"floor":24,"key":"Weak Potion"},{"floor":29,"key":"Ancient Potion"},{"floor":31,"key":"Block Potion"},{"floor":33,"key":"Strength Potion"},{"floor":35,"key":"bronze:BurnAndBuffPotion"},{"floor":42,"key":"DuplicationPotion"},{"floor":44,"key":"CultistPotion"}],"is_trial":false,"path_per_floor":["M","?","?","M","M","R","$","E","T","R","M","M","M","E","R","B",null,"M","?","?","M","?","R","E","M","T","E","R","M","R","M","R","B",null,"M","?","?","?","$","E","?","E","T","M","R","M","$","M","R","B"],"character_chosen":"IRONCLAD","items_purchased":["Inflame","Mummified Hand","ClockworkSouvenir","Shrug It Off+1","PowerPotion"],"campfire_rested":2,"item_purchase_floors":[7,39,39,39,47],"current_hp_per_floor":[74,74,69,69,71,71,71,74,84,84,85,85,85,75,75,30,71,42,42,42,48,48,48,8,51,51,24,41,38,38,47,47,30,52,58,40,40,40,40,59,59,23,23,33,33,18,18,34,51,0,0],"gold":26,"neow_bonus":"RANDOM_COLORLESS","is_daily":false,"chose_seed":false,"campfire_upgraded":6,"win_rate":0.0,"timestamp":1613233185,"path_taken":["M","?","?","M","M","R","$","E","T","R","M","M","M","E","R","BOSS","M","?","?","M","?","R","E","M","T","E","R","M","R","M","R","BOSS","M","?","?","?","$","E","?","E","T","M","R","M","$","M","R","BOSS"],"items_purchased_type":["Card","Relic","Relic","Card","Potion"],"build_version":"2020-12-22","purchased_purges":2,"victory":false,"max_hp_per_floor":[75,75,75,75,75,75,75,75,85,85,85,85,85,85,85,85,85,85,59,59,59,59,59,59,59,59,59,59,59,59,59,59,59,59,59,59,59,59,59,59,59,59,59,59,59,59,59,59,59,59,59],"relic_stats":{"Torii":4,"counters":[26,103],"StoneCalendar":[0],"Pen Nib":[11],"Juzu Bracelet":0,"Ginger":[9],"War Paint":["Rage","Defend_R"],"Boot":[25],"Burning Blood":127,"Ornamental Fan":[80],"Mummified Hand":[16],"obtain_stats":[{"Girya":41,"Pear":9,"Torii":40,"StoneCalendar":42,"Pen Nib":27,"The Courier":43,"Juzu Bracelet":8,"Ginger":17,"War Paint":17,"Boot":24,"Burning Blood":0,"ClockworkSouvenir":39,"Calling Bell":17,"Ornamental Fan":26,"Mummified Hand":39,"downfall:ExtraCursedKey":37,"Toxic Egg 2":17,"InkBottle":3,"bronze:MakeshiftBattery":34,"FossilizedHelix":36,"Pocketwatch":14},{"Girya":21,"Pear":4,"Torii":20,"StoneCalendar":22,"Pen Nib":14,"The Courier":22,"Juzu Bracelet":4,"Ginger":9,"War Paint":9,"Boot":12,"Burning Blood":0,"ClockworkSouvenir":19,"Calling Bell":9,"Ornamental Fan":13,"Mummified Hand":19,"downfall:ExtraCursedKey":19,"Toxic Egg 2":9,"InkBottle":1,"bronze:MakeshiftBattery":17,"FossilizedHelix":19,"Pocketwatch":8},{"Girya":83,"Pear":13,"Torii":79,"StoneCalendar":88,"Pen Nib":54,"The Courier":88,"Juzu Bracelet":13,"Ginger":33,"War Paint":33,"Boot":42,"Burning Blood":0,"ClockworkSouvenir":74,"Calling Bell":33,"Ornamental Fan":50,"Mummified Hand":74,"downfall:ExtraCursedKey":74,"Toxic Egg 2":33,"InkBottle":2,"bronze:MakeshiftBattery":69,"FossilizedHelix":74,"Pocketwatch":25}],"InkBottle":[26],"Pocketwatch":[69]},"card_choices":[{"not_picked":["Deep Breath","Mind Blast"],"picked":"Dramatic Entrance","floor":0.0},{"not_picked":["Power Through","Iron Wave"],"picked":"Battle Trance","floor":1.0},{"not_picked":["Wild Strike","Pommel Strike"],"picked":"Iron Wave","floor":4},{"not_picked":["Warcry","Perfected Strike"],"picked":"Shrug It Off","floor":5},{"not_picked":["Warcry","Clothesline"],"picked":"Carnage","floor":8},{"not_picked":["Seeing Red","Shrug It Off"],"picked":"Rage","floor":11},{"not_picked":["Clash","Headbutt"],"picked":"Hemokinesis","floor":12},{"not_picked":["Sword Boomerang","Anger"],"picked":"Heavy Blade","floor":13},{"not_picked":["Power Through","Whirlwind"],"picked":"Rupture","floor":14},{"not_picked":["Impervious","Corruption"],"picked":"Fiend Fire","floor":16},{"not_picked":["Perfected Strike","Sword Boomerang"],"picked":"Armaments+1","floor":18},{"not_picked":["Heavy Blade","Perfected Strike"],"picked":"Burning Pact+1","floor":21},{"not_picked":["Infernal Blade+1","Warcry+1"],"picked":"Battle Trance+1","floor":24},{"not_picked":["Cleave","Flex+1"],"picked":"Pummel","floor":25},{"not_picked":["Evolve","Flex+1","Thunderclap"],"picked":"SKIP","floor":27},{"not_picked":["Spot Weakness+1","Second Wind+1","Shockwave+1"],"picked":"SKIP","floor":29},{"not_picked":["Anger","Flex+1"],"picked":"Havoc+1","floor":31},{"not_picked":["Exhume+1","Juggernaut"],"picked":"Limit Break+1","floor":33},{"not_picked":["Heavy Blade","Twin Strike","Dropkick"],"picked":"SKIP","floor":35},{"not_picked":["Evolve","Spot Weakness+1"],"picked":"Havoc+1","floor":40},{"not_picked":["Sword Boomerang","True Grit+1"],"picked":"Hemokinesis+1","floor":41},{"not_picked":["Immolate","Pommel Strike+1"],"picked":"Double Tap+1","floor":42},{"not_picked":["Body Slam","Wild Strike","Iron Wave+1"],"picked":"SKIP","floor":44},{"not_picked":["Shrug It Off+1","Dark Embrace"],"picked":"Flex+1","floor":46},{"not_picked":["Thunderclap","Iron Wave","Anger"],"picked":"SKIP","floor":48}],"player_experience":1316791,"relics_obtained":[{"floor":8,"key":"Juzu Bracelet"},{"floor":9,"key":"Pear"},{"floor":14,"key":"Pocketwatch"},{"floor":17,"key":"Toxic Egg 2"},{"floor":17,"key":"Ginger"},{"floor":17,"key":"War Paint"},{"floor":24,"key":"Boot"},{"floor":26,"key":"Ornamental Fan"},{"floor":27,"key":"Pen Nib"},{"floor":36,"key":"FossilizedHelix"},{"floor":40,"key":"Torii"},{"floor":41,"key":"Girya"},{"floor":42,"key":"StoneCalendar"},{"floor":43,"key":"The Courier"}],"event_choices":[{"damage_healed":0,"gold_gain":150,"player_choice":"AGREE","damage_taken":0,"max_hp_gain":0,"max_hp_loss":0,"event_name":"Liars Game","floor":2,"gold_loss":0,"cards_obtained":["Doubt"]},{"damage_healed":0,"gold_gain":0,"player_choice":"Success","damage_taken":5,"relics_obtained":["InkBottle"],"max_hp_gain":0,"max_hp_loss":0,"event_name":"Scrap Ooze","floor":3,"gold_loss":0},{"damage_healed":0,"gold_gain":0,"player_choice":"Became a vampire","damage_taken":0,"max_hp_gain":0,"max_hp_loss":26,"event_name":"Vampires","floor":19,"gold_loss":0,"cards_obtained":["Bite","Bite","Bite","Bite","Bite"]},{"damage_healed":0,"gold_gain":0,"player_choice":"Read","damage_taken":0,"max_hp_gain":0,"max_hp_loss":0,"event_name":"The Library","floor":20,"gold_loss":0,"cards_obtained":["Burning Pact"]},{"damage_healed":0,"gold_gain":0,"player_choice":"Fight","damage_taken":0,"max_hp_gain":0,"max_hp_loss":0,"event_name":"MindBloom","floor":36,"gold_loss":0},{"cards_removed":["Shrug It Off"],"damage_healed":0,"gold_gain":0,"player_choice":"Removed Skill","damage_taken":0,"max_hp_gain":0,"max_hp_loss":0,"event_name":"Falling","floor":38,"gold_loss":0},{"damage_healed":0,"gold_gain":0,"player_choice":"Fight","damage_taken":0,"max_hp_gain":0,"max_hp_loss":0,"event_name":"Mysterious Sphere","floor":41,"gold_loss":0}],"is_beta":false,"boss_relics":[{"not_picked":["Fusion Hammer","SlaversCollar"],"picked":"Calling Bell"},{"not_picked":["Snecko Eye","Runic Pyramid"],"picked":"bronze:MakeshiftBattery"}],"items_purged_floors":[7,47],"is_endless":false,"potions_floor_spawned":[4,11,13,24,29,31,33,35,42,44],"killed_by":"Donu and Deca","ascension_level":20}}