{"host":"kh6fvhxn285ncg0o","time":1613237429,"event":{"mods":["Act Like it!","BaseMod","Colored Map","Friendly Minions","Keyboard Shortcuts","Minty Spire (QoL Compilation)","Quick Restart","Relic Stats","StSLib","SuperFastMode","UnlockEverythingMod"],"gold_per_floor":[110,126,126,276,351,377,387,413,413,338,358,393,35,64,64,138,138,155,155,172,172,172,199,199,233,259,272,289,306,306,317,317,391,391,411,411,201,201,221,247,271,297,343,343,368,386,400,412,412,412,412,412,412,42,75,75],"floor_reached":57,"language":"KOR","playtime":1742,"items_purged":["Strike_R","Strike_R","Immolate"],"score":3620,"play_id":"bc01fa6f-5c6b-4698-996f-deaaade7e709","local_time":"20210214023029","is_ascension_mode":true,"campfire_choices":[{"data":"Apotheosis","floor":15,"key":"SMITH"},{"floor":24,"key":"RECALL"},{"floor":30,"key":"REST"},{"floor":32,"key":"REST"}],"circlet_count":0,"master_deck":["AscendersBane","Defend_R","Defend_R","Defend_R","Defend_R","Bash","Battle Trance","Power Through","Sever Soul","Apotheosis+1","Juggernaut","Spot Weakness","Double Tap","Reckless Charge","Evolve","Second Wind","Body Slam","Offering","Intimidate+1","Burning Pact","Warcry+1","Shockwave+1","Shrug It Off","Disarm+1"],"relics":["Burning Blood","NeowsBlessing","Tiny Chest","CaptainsWheel","Letter Opener","Charon\u0027s Ashes","Oddly Smooth Stone","Fusion Hammer","Mango","The Courier","Bag of Preparation","Coffee Dripper","Orrery","Blue Candle","Regal Pillow","Thread and Needle","Blood Vial","Champion Belt","Turnip","Gremlin Horn"],"acts_visited":["Exordium","TheCity","TheBeyond","TheEnding"],"potions_floor_usage":[12,12,27,44,56,56],"damage_taken":[{"damage":0,"enemies":"Jaw Worm","floor":1,"turns":1},{"damage":0,"enemies":"2 Louse","floor":2,"turns":1},{"damage":0,"enemies":"Gremlin Nob","floor":6,"turns":1},{"damage":8,"enemies":"Small Slimes","floor":7,"turns":6},{"damage":39,"enemies":"Lagavulin","floor":8,"turns":10},{"damage":1,"enemies":"Looter","floor":11,"turns":4},{"damage":14,"enemies":"Gremlin Nob","floor":12,"turns":4},{"damage":12,"enemies":"3 Sentries","floor":14,"turns":5},{"damage":0,"enemies":"The Guardian","floor":16,"turns":10},{"damage":0,"enemies":"3 Byrds","floor":18,"turns":2},{"damage":0,"enemies":"Spheric Guardian","floor":20,"turns":3},{"damage":0,"enemies":"Gremlin Leader","floor":23,"turns":4},{"damage":7,"enemies":"Slavers","floor":25,"turns":2},{"damage":13,"enemies":"Chosen and Byrds","floor":27,"turns":4},{"damage":3,"enemies":"Snake Plant","floor":28,"turns":3},{"damage":0,"enemies":"Cultist and Chosen","floor":29,"turns":3},{"damage":0,"enemies":"Centurion and Healer","floor":31,"turns":2},{"damage":0,"enemies":"Champ","floor":33,"turns":8},{"damage":0,"enemies":"3 Shapes","floor":35,"turns":2},{"damage":6,"enemies":"3 Darklings","floor":39,"turns":2},{"damage":6,"enemies":"Nemesis","floor":40,"turns":3},{"damage":6,"enemies":"Reptomancer","floor":42,"turns":4},{"damage":6,"enemies":"Giant Head","floor":45,"turns":5},{"damage":7,"enemies":"4 Shapes","floor":46,"turns":2},{"damage":6,"enemies":"Maw","floor":47,"turns":4},{"damage":6,"enemies":"3 Darklings","floor":48,"turns":2},{"damage":6,"enemies":"Awakened One","floor":50,"turns":6},{"damage":34,"enemies":"Time Eater","floor":51,"turns":12},{"damage":27,"enemies":"Shield and Spear","floor":55,"turns":5},{"damage":6,"enemies":"The Heart","floor":56,"turns":7}],"seed_played":"1545897340834131048","potions_obtained":[{"floor":6,"key":"Explosive Potion"},{"floor":8,"key":"LiquidBronze"},{"floor":11,"key":"Fire Potion"},{"floor":14,"key":"FairyPotion"},{"floor":18,"key":"SmokeBomb"},{"floor":25,"key":"Fruit Juice"},{"floor":27,"key":"Block Potion"},{"floor":31,"key":"SpeedPotion"},{"floor":40,"key":"ColorlessPotion"},{"floor":44,"key":"Fruit Juice"},{"floor":44,"key":"FairyPotion"},{"floor":45,"key":"PowerPotion"}],"is_trial":false,"path_per_floor":["M","M","?","?","?","E","M","E","T","?","M","E","$","E","R","B",null,"M","?","M","T","?","E","R","E","T","M","M","M","R","M","R","B",null,"M","?","$","?","M","E","T","E","T","?","E","M","M","M","R","B","B",null,"R","$","E","B",null],"character_chosen":"IRONCLAD","items_purchased":["Apotheosis","Juggernaut","Orrery","Turnip"],"campfire_rested":2,"item_purchase_floors":[13,13,37,54],"current_hp_per_floor":[74,75,68,68,57,63,61,28,28,28,33,25,25,19,19,25,63,69,48,54,68,68,74,74,73,73,71,74,80,99,99,99,99,99,99,99,99,94,94,94,94,94,94,99,99,98,99,99,99,99,71,92,92,92,73,75],"gold":75,"neow_bonus":"THREE_ENEMY_KILL","is_daily":false,"chose_seed":false,"campfire_upgraded":1,"win_rate":0.0,"timestamp":1613237429,"path_taken":["M","M","?","?","?","E","M","E","T","?","?","E","$","E","R","BOSS","M","?","M","?","?","E","R","E","T","M","M","M","R","M","R","BOSS","M","?","$","?","M","E","?","E","T","?","E","M","M","?","R","BOSS","BOSS","R","$","E","BOSS"],"items_purchased_type":["Card","Card","Relic","Relic"],"build_version":"2020-12-22","purchased_purges":3,"victory":true,"max_hp_per_floor":[75,75,75,75,75,75,75,75,75,75,75,75,75,75,75,75,75,75,80,80,94,94,94,94,94,94,99,99,99,99,99,99,99,99,99,99,99,94,94,94,94,94,94,99,99,99,99,99,99,99,99,99,99,99,99,99],"relic_stats":{"Regal Pillow":0,"Gremlin Horn":[0,0],"counters":[30,127],"Blue Candle":[0],"Charon\u0027s Ashes":[1378],"Bag of Preparation":[34],"Letter Opener":[457],"Burning Blood":157,"Blood Vial":5,"Tiny Chest":2,"Turnip":[2],"Champion Belt":[12],"obtain_stats":[{"Regal Pillow":41,"NeowsBlessing":0,"Gremlin Horn":55,"Blue Candle":40,"Oddly Smooth Stone":14,"Mango":21,"Thread and Needle":42,"Charon\u0027s Ashes":12,"The Courier":23,"Bag of Preparation":25,"Letter Opener":9,"Burning Blood":0,"Blood Vial":43,"CaptainsWheel":8,"Orrery":37,"Tiny Chest":6,"Fusion Hammer":17,"Turnip":54,"Coffee Dripper":34,"Champion Belt":45},{"Regal Pillow":21,"NeowsBlessing":0,"Gremlin Horn":29,"Blue Candle":21,"Oddly Smooth Stone":8,"Mango":11,"Thread and Needle":22,"Charon\u0027s Ashes":7,"The Courier":12,"Bag of Preparation":13,"Letter Opener":5,"Burning Blood":0,"Blood Vial":22,"CaptainsWheel":5,"Orrery":19,"Tiny Chest":3,"Fusion Hammer":9,"Turnip":28,"Coffee Dripper":18,"Champion Belt":23},{"Regal Pillow":80,"NeowsBlessing":0,"Gremlin Horn":120,"Blue Candle":80,"Oddly Smooth Stone":32,"Mango":47,"Thread and Needle":84,"Charon\u0027s Ashes":27,"The Courier":51,"Bag of Preparation":53,"Letter Opener":19,"Burning Blood":0,"Blood Vial":84,"CaptainsWheel":19,"Orrery":75,"Tiny Chest":3,"Fusion Hammer":42,"Turnip":115,"Coffee Dripper":73,"Champion Belt":89}]},"card_choices":[{"not_picked":["Pommel Strike","Whirlwind"],"picked":"Battle Trance","floor":1},{"not_picked":["Entrench","Dark Embrace"],"picked":"Power Through","floor":6},{"not_picked":["Rampage","Dark Embrace"],"picked":"Sever Soul","floor":7},{"not_picked":["Entrench","Perfected Strike","Wild Strike"],"picked":"SKIP","floor":8},{"not_picked":["Iron Wave","Flex","Clash"],"picked":"SKIP","floor":11},{"not_picked":["Clothesline","Searing Blow","True Grit"],"picked":"SKIP","floor":12},{"not_picked":["Sword Boomerang","Intimidate","Clothesline"],"picked":"SKIP","floor":14},{"not_picked":["Feed","Double Tap"],"picked":"Immolate","floor":16},{"not_picked":["Cleave","Wild Strike"],"picked":"Spot Weakness","floor":20},{"not_picked":["Power Through","Perfected Strike","Sentinel"],"picked":"SKIP","floor":23},{"not_picked":["Burning Pact","Inflame"],"picked":"Evolve","floor":25},{"not_picked":["Thunderclap","Iron Wave","Evolve+1"],"picked":"SKIP","floor":27},{"not_picked":["Spot Weakness+1","Pommel Strike","Armaments"],"picked":"SKIP","floor":28},{"not_picked":["Fiend Fire","Sword Boomerang"],"picked":"Second Wind","floor":29},{"not_picked":["Evolve","Rampage"],"picked":"Body Slam","floor":31},{"not_picked":["Reaper","Exhume"],"picked":"Offering","floor":33},{"not_picked":["Rage","Havoc"],"picked":"Intimidate+1","floor":35},{"not_picked":["Havoc","Body Slam"],"picked":"Burning Pact","floor":37},{"not_picked":["Searing Blow","Bludgeon"],"picked":"Warcry+1","floor":37},{"not_picked":["Body Slam","Iron Wave"],"picked":"Shockwave+1","floor":37},{"not_picked":["Sword Boomerang","Rupture+1"],"picked":"Shrug It Off","floor":39},{"not_picked":["Anger","Sever Soul","Flex"],"picked":"SKIP","floor":40},{"not_picked":["Thunderclap","Pommel Strike+1"],"picked":"Disarm+1","floor":42},{"not_picked":["Warcry+1","Evolve+1","Anger"],"picked":"SKIP","floor":45},{"not_picked":["Reaper","Sever Soul","Shrug It Off+1"],"picked":"SKIP","floor":46},{"not_picked":["Clothesline+1","Flex","Sever Soul+1"],"picked":"SKIP","floor":47},{"not_picked":["Shrug It Off","Clothesline","Dropkick"],"picked":"SKIP","floor":48},{"not_picked":["Warcry","Iron Wave","Shockwave"],"picked":"SKIP","floor":55}],"player_experience":1380894,"relics_obtained":[{"floor":6,"key":"Tiny Chest"},{"floor":8,"key":"CaptainsWheel"},{"floor":9,"key":"Letter Opener"},{"floor":12,"key":"Charon\u0027s Ashes"},{"floor":14,"key":"Oddly Smooth Stone"},{"floor":21,"key":"Mango"},{"floor":23,"key":"The Courier"},{"floor":25,"key":"Bag of Preparation"},{"floor":40,"key":"Blue Candle"},{"floor":41,"key":"Regal Pillow"},{"floor":42,"key":"Thread and Needle"},{"floor":43,"key":"Blood Vial"},{"floor":45,"key":"Champion Belt"},{"floor":55,"key":"Gremlin Horn"}],"event_choices":[{"cards_removed":["Strike_R"],"damage_healed":0,"gold_gain":0,"player_choice":"Card Removal","damage_taken":7,"max_hp_gain":0,"max_hp_loss":0,"event_name":"Golden Wing","floor":3,"gold_loss":0},{"damage_healed":0,"gold_gain":150,"player_choice":"AGREE","damage_taken":0,"max_hp_gain":0,"max_hp_loss":0,"event_name":"Liars Game","floor":4,"gold_loss":0,"cards_obtained":["Doubt"]},{"damage_healed":0,"gold_gain":75,"player_choice":"Gather Gold","damage_taken":11,"max_hp_gain":0,"max_hp_loss":0,"event_name":"World of Goop","floor":5,"gold_loss":0},{"cards_removed":["Doubt"],"damage_healed":0,"gold_gain":0,"player_choice":"Card Removal","damage_taken":0,"max_hp_gain":0,"max_hp_loss":0,"event_name":"The Cleric","floor":10,"gold_loss":75},{"damage_healed":0,"gold_gain":0,"player_choice":"Shed Blood","damage_taken":26,"max_hp_gain":5,"max_hp_loss":0,"event_name":"Forgotten Altar","floor":19,"gold_loss":0},{"damage_healed":0,"gold_gain":0,"cards_transformed":["Strike_R","Strike_R"],"player_choice":"Became Test Subject","damage_taken":0,"max_hp_gain":0,"max_hp_loss":0,"event_name":"Drug Dealer","floor":22,"gold_loss":0,"cards_obtained":["Double Tap","Reckless Charge"]},{"damage_healed":0,"gold_gain":0,"player_choice":"Ignored","damage_taken":0,"max_hp_gain":0,"max_hp_loss":0,"event_name":"Tomb of Lord Red Mask","floor":36,"gold_loss":0},{"damage_healed":0,"gold_gain":0,"player_choice":"Max HP","damage_taken":0,"max_hp_gain":0,"max_hp_loss":5,"event_name":"Winding Halls","floor":38,"gold_loss":0},{"damage_healed":0,"gold_gain":0,"player_choice":"Got Potions","damage_taken":0,"max_hp_gain":0,"max_hp_loss":0,"event_name":"Lab","floor":44,"gold_loss":0}],"is_beta":false,"boss_relics":[{"not_picked":["SlaversCollar","Mark of Pain"],"picked":"Fusion Hammer"},{"not_picked":["Velvet Choker","Runic Cube"],"picked":"Coffee Dripper"}],"items_purged_floors":[13,37,54],"is_endless":false,"potions_floor_spawned":[6,8,11,14,18,25,27,31,33,40,42,45,47,55],"ascension_level":20}}