{"host":"hpn0uxah5qjr7pa6","time":1613190246,"event":{"mods":["2.2 Compatiblity","Act Like it!","Aspiration","BaseMod","Better Third Choice","BetterRewards","Challenge The Spire","Colored Powertips","Conspire","DeckTracker","Downfall","Energized Spire","Hallownest","Hermit","Highlight Path","Hubris","Infinite Spire","Minty Spire (QoL Compilation)","Permanent Neow","Quick Restart","Rare Cards Sparkle","Replay The Spire","Spicy Shops","StSLib","The Bug Knight","The Jungle"],"gold_per_floor":[110,130,130,130,145,145,145,156,156,95,130,208,208,224,224,329,329,343,353,378,35,35,49,76,91,91,91,107,107,107,127,127,127,127,127],"floor_reached":33,"language":"ENG","playtime":1057,"items_purged":[],"score":371,"play_id":"9f06057f-9a2d-43c4-81e7-0c9893d4505c","local_time":"20210212202406","is_ascension_mode":true,"campfire_choices":[{"floor":6,"key":"REST"},{"floor":13,"key":"REST"},{"floor":15,"key":"REST"},{"floor":32,"key":"REST"}],"circlet_count":0,"master_deck":["bronze:Strike","bronze:Strike","bronze:Strike","bronze:Strike","bronze:Defend","bronze:Defend","bronze:Defend","bronze:Defend","bronze:Replicate","bronze:FollowUp","bronze:OilSpill+1","bronze:OilSpill","bronze:DelayedSlice+1","bronze:WhirlingStrike+1","bronze:DelayedSlice+1"],"relics":["bronze:BronzeCore","HollowMod:StagPassRelic","Darkstone Periapt","hubris:DisguiseKit","aspiration:SecretTechniqueScroll","MealTicket","aspiration:StickyExplosives_weak","Strawberry","bronze:DonusWashers"],"acts_visited":["Exordium","TheCity"],"potions_floor_usage":[8,16,25,25,31,33],"damage_taken":[{"damage":2,"enemies":"Small Slimes","floor":1,"turns":3},{"damage":1,"enemies":"conspire:RoseBush","floor":2,"turns":6},{"damage":6,"enemies":"2 Louse","floor":5,"turns":4},{"damage":16,"enemies":"Lots of Slimes","floor":8,"turns":5},{"damage":0,"enemies":"downfall:FleeingMerchant","floor":10,"turns":4},{"damage":24,"enemies":"HollowMod:MossKnight","floor":11,"turns":8},{"damage":11,"enemies":"Exordium Wildlife","floor":14,"turns":5},{"damage":48,"enemies":"DF_ARCHETYPE_STREAMLINE","floor":16,"turns":8},{"damage":3,"enemies":"3 Byrds","floor":18,"turns":3},{"damage":2,"enemies":"Chosen","floor":19,"turns":3},{"damage":2,"enemies":"downfall:FleeingMerchant","floor":21,"turns":4},{"damage":0,"enemies":"3 Cultists","floor":23,"turns":2},{"damage":19,"enemies":"conspire:HollyBat","floor":25,"turns":4},{"damage":34,"enemies":"Centurion and Healer","floor":28,"turns":4},{"damage":10,"enemies":"Snecko","floor":31,"turns":3},{"damage":50,"enemies":"WA_ARCHETYPE_CALM","floor":33,"turns":5}],"seed_played":"-6392564518557932311","potions_obtained":[{"floor":2,"key":"PowerPotion"},{"floor":8,"key":"Cursed Concoction"},{"floor":11,"key":"SteroidPotion"},{"floor":14,"key":"DistilledChaos"},{"floor":19,"key":"Swift Potion"},{"floor":23,"key":"DistilledChaos"},{"floor":31,"key":"Doom Potion"}],"is_trial":false,"path_per_floor":["M","M","?","?","M","R","T","M","?","$","E","T","R","M","R","B",null,"M","M","T","$","?","M","T","M","?","AVR","M","?","?","M","R","B"],"character_chosen":"THE_AUTOMATON","items_purchased":["bronze:OilSpill","bronze:WhirlingStrike","aspiration:StickyExplosives_weak"],"campfire_rested":4,"item_purchase_floors":[10,21,21],"current_hp_per_floor":[68,67,72,72,66,82,82,66,66,66,42,42,66,55,79,31,69,66,64,64,77,77,77,84,65,65,65,31,31,31,21,47,0,0,0],"gold":127,"neow_bonus":"TEN_PERCENT_HP_BONUS","is_daily":false,"chose_seed":false,"campfire_upgraded":0,"win_rate":0.0,"timestamp":1613190246,"path_taken":["M","M","?","?","M","R","T","M","?","$","E","?","R","M","R","BOSS","M","M","?","$","?","?","T","M","?","AVR","M","?","?","M","R","BOSS"],"items_purchased_type":["Card","Card","Relic"],"build_version":"2020-12-22","purchased_purges":0,"victory":false,"max_hp_per_floor":[77,77,82,82,82,82,82,82,82,82,82,82,82,82,82,82,82,82,82,82,82,82,82,89,89,89,89,89,89,89,89,89,89,89,89],"card_choices":[{"not_picked":["bronze:DelayedGuard","bronze:WhirlingStrike","bronze:DarkDash"],"picked":"SKIP","floor":1},{"not_picked":["bronze:Iterate","bronze:Separator","bronze:ItsAFeature"],"picked":"SKIP","floor":2},{"not_picked":["bronze:Iterate","bronze:DelayedGuard"],"picked":"bronze:FollowUp","floor":5},{"not_picked":["bronze:WildBeam","bronze:ForceShield","bronze:GetLatest"],"picked":"SKIP","floor":8},{"not_picked":["bronze:Iterate","bronze:Optimize","bronze:Overheat"],"picked":"SKIP","floor":10},{"not_picked":["bronze:Boost","bronze:Invalidate","bronze:Turbo"],"picked":"SKIP","floor":11},{"not_picked":["bronze:ItsAFeature","bronze:BronzeOrb","True Grit"],"picked":"bronze:OilSpill","floor":14},{"not_picked":["bronze:Fortify","bronze:FineTuning","Havoc"],"picked":"bronze:DelayedSlice+1","floor":18},{"not_picked":["bronze:WildBeam","bronze:BugBarrage","bronze:ItsAFeature+1","Reckless Charge"],"picked":"SKIP","floor":19},{"not_picked":["bronze:Deprecate","bronze:DarkDash","bronze:Overload+1","Reaper"],"picked":"SKIP","floor":21},{"not_picked":["bronze:FineTuning","bronze:Philosophize","Twin Strike"],"picked":"bronze:DelayedSlice+1","floor":23},{"not_picked":["bronze:BitShift","bronze:InfiniteLoop","bronze:BuggyMess+1","Bloodletting"],"picked":"SKIP","floor":25},{"not_picked":["bronze:Refactor","bronze:Separator","bronze:Backtrace+1","Shockwave"],"picked":"SKIP","floor":28},{"not_picked":["bronze:CloningBeam","bronze:BugBarrage","bronze:BitShift","Carnage"],"picked":"SKIP","floor":31}],"player_experience":226494,"relics_obtained":[{"floor":7,"key":"HollowMod:StagPassRelic"},{"floor":11,"key":"Darkstone Periapt"},{"floor":12,"key":"hubris:DisguiseKit"},{"floor":20,"key":"MealTicket"},{"floor":24,"key":"Strawberry"}],"event_choices":[{"damage_healed":0,"gold_gain":0,"player_choice":"Donut","damage_taken":0,"max_hp_gain":5,"max_hp_loss":0,"event_name":"Big Fish","floor":3,"gold_loss":0},{"cards_removed":["bronze:Goto"],"damage_healed":0,"gold_gain":0,"player_choice":"Card Removal","damage_taken":0,"max_hp_gain":0,"max_hp_loss":0,"event_name":"The Cleric","floor":4,"gold_loss":0},{"damage_healed":0,"gold_gain":0,"player_choice":"Disagree","damage_taken":0,"max_hp_gain":0,"max_hp_loss":0,"event_name":"conspire:LoneGhost","floor":9,"gold_loss":0},{"damage_healed":0,"gold_gain":0,"player_choice":"Ignored","damage_taken":0,"max_hp_gain":0,"max_hp_loss":0,"event_name":"Ghosts","floor":22,"gold_loss":0}],"is_beta":false,"boss_relics":[{"not_picked":["Black Star","aspiration:SilentSkillbook"],"picked":"aspiration:SecretTechniqueScroll"}],"items_purged_floors":[],"is_endless":false,"potions_floor_spawned":[2,8,11,14,19,23,31],"killed_by":"WA_ARCHETYPE_CALM","ascension_level":8}}