{"host":"3n5xmnb54n2y5mb4","time":1613195735,"event":{"mods":["BaseMod","Colored Map","Colored Powertips","Downfall","Minty Spire (QoL Compilation)","Permanent Neow","StSLib","Unceasing Turn Reminder","everything is the same but u backflip on backflip"],"gold_per_floor":[99,109,109,123,142,176,176,192,208,208,218,56,56,41,56,151,151,151,162,162,97,109,9,9,28,28,28,48,59,81,81,81,81],"floor_reached":31,"language":"ENG","playtime":1327,"items_purged":["Guardian:Strike_Guardian"],"score":251,"play_id":"1b703768-a9a5-4cc2-8095-8c101cdbb91b","local_time":"20210213005535","is_ascension_mode":true,"campfire_choices":[{"data":"Guardian:CurlUp","floor":1,"key":"SMITH"},{"floor":13,"key":"REST"},{"floor":18,"key":"RECALL"},{"floor":23,"key":"REST"},{"data":"Guardian:GemFire","floor":26,"key":"SMITH"}],"circlet_count":0,"master_deck":["Guardian:Strike_Guardian","Guardian:Strike_Guardian","Guardian:Defend_Guardian","Guardian:Defend_Guardian","Guardian:Defend_Guardian","Guardian:Defend_Guardian","Guardian:CurlUp+1","Guardian:TwinSlam","Guardian:GemFire+1","Guardian:CrystalBeam","Guardian:Harden","Guardian:PolyBeam","Guardian:RollAttack","Guardian:Suspension","Guardian:Emergency","Guardian:CrystalBeam","Guardian:FuturePlans","Guardian:FloatingOrbs","Guardian:Gem_Crimson","Guardian:Gem_Synthetic","Guardian:Gem_Red","Necronomicurse","Guardian:TemporalStrike","Guardian:Gem_Green","Guardian:PiercingHide","Guardian:TimeCapacitor","Guardian:TemporalShield+1","Guardian:StasisField","Guardian:Gem_White","expansioncontent:AwakenDeath"],"relics":["Guardian:ModeShifter","Guardian:SackOfGems","Sundial","NlothsMask","Guardian:StasisSlotReductionRelic","Necronomicon","downfall:HeartBlessingRed","Guardian:PickAxe"],"acts_visited":["Exordium","TheCity"],"potions_floor_usage":[6,9,11,21,21],"damage_taken":[{"damage":11,"enemies":"Jaw Worm","floor":2,"turns":5},{"damage":1,"enemies":"Cultist","floor":4,"turns":3},{"damage":7,"enemies":"2 Louse","floor":5,"turns":4},{"damage":8,"enemies":"Lagavulin","floor":6,"turns":6},{"damage":8,"enemies":"Red Slaver","floor":8,"turns":4},{"damage":9,"enemies":"Blue Slaver","floor":9,"turns":4},{"damage":5,"enemies":"3 Louse","floor":11,"turns":3},{"damage":5,"enemies":"downfall:FleeingMerchant","floor":12,"turns":4},{"damage":10,"enemies":"downfall:FleeingMerchant","floor":14,"turns":4},{"damage":8,"enemies":"Red Slaver","floor":15,"turns":2},{"damage":16,"enemies":"SI_SHIV_ARCHETYPE","floor":16,"turns":6},{"damage":12,"enemies":"Shell Parasite","floor":19,"turns":4},{"damage":15,"enemies":"downfall:FleeingMerchant","floor":21,"turns":4},{"damage":3,"enemies":"Snecko","floor":22,"turns":4},{"damage":10,"enemies":"Chosen and Byrds","floor":25,"turns":2},{"damage":0,"enemies":"Shelled Parasite and Fungi","floor":28,"turns":3},{"damage":9,"enemies":"Snake Plant","floor":29,"turns":3},{"damage":25,"enemies":"downfall:FleeingMerchant","floor":30,"turns":3},{"damage":17,"enemies":"Gremlin Leader","floor":31,"turns":1}],"seed_played":"5950204716255623704","potions_obtained":[{"floor":4,"key":"CultistPotion"},{"floor":6,"key":"DistilledChaos"},{"floor":9,"key":"GamblersBrew"},{"floor":11,"key":"Ancient Potion"},{"floor":16,"key":"GamblersBrew"},{"floor":19,"key":"Weak Potion"},{"floor":28,"key":"champ:CounterPotion"}],"is_trial":false,"path_per_floor":["R","M","?","M","M","E","T","M","M","?","M","$","R","$","M","B",null,"R","M","?","$","M","R","T","M","R","?","M","M","$","E"],"character_chosen":"GUARDIAN","items_purchased":["Guardian:FuturePlans","Dexterity Potion","Guardian:PickAxe","Guardian:Gem_White","expansioncontent:AwakenDeath"],"campfire_rested":2,"item_purchase_floors":[12,21,30,30,30],"current_hp_per_floor":[80,69,69,68,61,53,53,45,36,36,31,26,50,40,32,16,80,80,68,52,37,34,58,58,48,48,48,48,39,14,0,0,0],"gold":81,"neow_bonus":"ONE_RANDOM_RARE_CARD","is_daily":false,"chose_seed":false,"campfire_upgraded":2,"win_rate":0.0,"timestamp":1613195735,"path_taken":["R","M","?","?","M","E","T","?","M","?","M","$","R","$","M","BOSS","R","M","?","$","M","R","T","M","R","?","M","?","?","E"],"items_purchased_type":["Card","Potion","Relic","Card","Card"],"build_version":"2020-12-22","purchased_purges":1,"victory":false,"max_hp_per_floor":[80,80,80,80,80,80,80,80,80,80,80,80,80,80,80,80,80,80,80,80,80,80,80,80,80,80,80,80,80,80,80,80,80],"card_choices":[{"not_picked":["Guardian:Reroute","Guardian:PiercingHide"],"picked":"Guardian:CrystalBeam","floor":2},{"not_picked":["Guardian:MultiBeam","Guardian:RefractedBeam"],"picked":"Guardian:Harden","floor":4},{"not_picked":["Guardian:ShieldCharger","Guardian:TemporalStrike"],"picked":"Guardian:PolyBeam","floor":5},{"not_picked":["Guardian:TemporalShield","Guardian:PrimingBeam"],"picked":"Guardian:RollAttack","floor":6},{"not_picked":["Guardian:RefractedBeam","Guardian:RollAttack"],"picked":"Guardian:Suspension","floor":8},{"not_picked":["Guardian:VentSteam","Guardian:RollAttack"],"picked":"Guardian:Emergency","floor":9},{"not_picked":["Guardian:ShieldSpikes","Guardian:FuturePlans"],"picked":"Guardian:Gem_White","floor":11},{"not_picked":["Guardian:Suspension","Guardian:Gem_Orange"],"picked":"Guardian:CrystalBeam","floor":12},{"not_picked":["Guardian:Planning","Guardian:Suspension"],"picked":"Guardian:FloatingOrbs","floor":14},{"not_picked":["Guardian:Suspension","Guardian:WalkerClaw"],"picked":"Guardian:Gem_Crimson","floor":15},{"not_picked":["Guardian:FastForward","Guardian:TimeSifter"],"picked":"Guardian:Gem_Synthetic","floor":16},{"not_picked":["Guardian:SpikerProtocol","Guardian:SentryBeam"],"picked":"Guardian:Gem_Red","floor":19},{"not_picked":["Guardian:Suspension","Guardian:CrystalBeam"],"picked":"Guardian:TemporalStrike","floor":21},{"not_picked":["Guardian:GatlingBeam","Guardian:Gem_Red"],"picked":"Guardian:Gem_Green","floor":22},{"not_picked":["Guardian:Orbwalk","Guardian:ShieldCharger+1"],"picked":"Guardian:PiercingHide","floor":25},{"not_picked":["Guardian:ChargeUp","Guardian:GuardianWhirl"],"picked":"Guardian:TimeCapacitor","floor":28},{"not_picked":["Guardian:Incinerate","Guardian:ShieldCharger+1"],"picked":"Guardian:TemporalShield+1","floor":29},{"not_picked":["Guardian:Emergency","Guardian:RollAttack"],"picked":"Guardian:StasisField","floor":30}],"player_experience":1062488,"relics_obtained":[{"floor":6,"key":"Guardian:SackOfGems"},{"floor":7,"key":"Sundial"},{"floor":20,"key":"Necronomicon"}],"event_choices":[{"cards_removed":["Guardian:Strike_Guardian"],"damage_healed":0,"gold_gain":0,"player_choice":"Offered Basic","damage_taken":0,"max_hp_gain":0,"max_hp_loss":0,"event_name":"Bonfire Elementals","floor":3,"gold_loss":0},{"damage_healed":0,"gold_gain":0,"player_choice":"Trade","damage_taken":0,"relics_obtained":["NlothsMask"],"max_hp_gain":0,"max_hp_loss":0,"event_name":"FaceTrader","floor":10,"gold_loss":0}],"is_beta":false,"boss_relics":[{"not_picked":["SlaversCollar","Tiny House"],"picked":"Guardian:StasisSlotReductionRelic"}],"items_purged_floors":[12],"is_endless":false,"potions_floor_spawned":[4,6,9,11,16,19,28,29],"killed_by":"Gremlin Leader","ascension_level":1}}