{"host":"hf8wn58z41rkrmnq","time":1613185663,"event":{"mods":["BaseMod","Better Third Choice","BetterRewards","Colored Map","Colored Powertips","Infinite Spire","Minty Spire (QoL Compilation)","Quick Restart","Relic Sorter","Relic Stats","Replay The Spire","Spicy Shops","StSLib"],"gold_per_floor":[144,183,219,79,32,91,91,91,118,157,193,232,250,295,295,419,419,435,480,480,524,226,260,260,260,285,320,361,393,393,429,429,559,559,599,643,54,70,114,114,114],"floor_reached":40,"language":"ENG","playtime":4407,"items_purged":["Strike_P","Nirvana","Ragnarok","Eruption","ReplayTheSpireMod:Splinters"],"score":503,"play_id":"e53059c4-09fd-49a8-a9e9-a435f3c29d34","local_time":"20210212220743","is_ascension_mode":true,"campfire_choices":[{"data":"MentalFortress","floor":7,"key":"SMITH"},{"floor":15,"key":"REST"},{"data":"Judgement","floor":25,"key":"SMITH"},{"floor":30,"key":"REST"},{"data":"Tantrum","floor":32,"key":"SMITH"}],"circlet_count":0,"master_deck":["Vigilance","Wish","FlurryOfBlows","MentalFortress+1","Consecrate","Consecrate","Prostrate","Fasting2","Evaluate","Judgement+1","Scrawl","Prostrate","PathToVictory","FlurryOfBlows","FearNoEvil","PathToVictory","Tantrum+1"],"relics":["PureWater","Torii","Centennial Puzzle","Potion Belt","Pandora\u0027s Box","HolyWater","Bag of Preparation","Ornamental Fan","Toy Ornithopter","SlaversCollar","Vajra","Damaru","Sling"],"acts_visited":["Exordium","TheCity","TheBeyond"],"potions_floor_usage":[19,19,19,23,29,33,33,33,39],"damage_taken":[{"damage":6,"enemies":"Cultist","floor":1,"turns":5},{"damage":2,"enemies":"2 Louse","floor":2,"turns":4},{"damage":7,"enemies":"Jaw Worm","floor":3,"turns":4},{"damage":2,"enemies":"Lagavulin","floor":6,"turns":6},{"damage":8,"enemies":"3 Louse","floor":10,"turns":2},{"damage":2,"enemies":"Large Slime","floor":11,"turns":10},{"damage":12,"enemies":"2 Fungi Beasts","floor":12,"turns":4},{"damage":9,"enemies":"Gremlin Gang","floor":13,"turns":6},{"damage":0,"enemies":"Exordium Thugs","floor":14,"turns":4},{"damage":32,"enemies":"Fading Forest","floor":16,"turns":11},{"damage":6,"enemies":"3 Byrds","floor":18,"turns":3},{"damage":12,"enemies":"Chosen","floor":19,"turns":4},{"damage":17,"enemies":"Snake Plant","floor":21,"turns":4},{"damage":1,"enemies":"Replay:Snechameleon","floor":23,"turns":8},{"damage":0,"enemies":"3 Cultists","floor":27,"turns":4},{"damage":17,"enemies":"Sentry and Sphere","floor":28,"turns":3},{"damage":8,"enemies":"Snecko","floor":31,"turns":3},{"damage":39,"enemies":"Champ","floor":33,"turns":6},{"damage":57,"enemies":"3 Darklings","floor":35,"turns":4},{"damage":6,"enemies":"Orb Walker","floor":36,"turns":3},{"damage":0,"enemies":"Transient","floor":38,"turns":5},{"damage":6,"enemies":"Sphere and 2 Shapes","floor":39,"turns":3},{"damage":21,"enemies":"Nightmare","floor":40,"turns":2}],"seed_played":"-8856962286954622577","potions_obtained":[{"floor":1,"key":"AttackPotion"},{"floor":6,"key":"GamblersBrew"},{"floor":11,"key":"infinitespire:BlackPotion"},{"floor":19,"key":"SkillPotion"},{"floor":23,"key":"Swift Potion"},{"floor":28,"key":"GamblersBrew"},{"floor":29,"key":"Adrenaline Potion"},{"floor":29,"key":"Fruit Juice"},{"floor":29,"key":"Cursed Concoction"},{"floor":31,"key":"Strength Potion"},{"floor":36,"key":"Weak Potion"},{"floor":39,"key":"Dexterity Potion"}],"is_trial":false,"path_per_floor":["M","M","M","$","$","E","R","?","T","M","M","M","M","M","R","B",null,"M","M","AVR","M","$","E","?","R","T","M","M","?","R","M","R_BF","B",null,"M","M","$","M","M","NM"],"character_chosen":"WATCHER","items_purchased":["Torii","Consecrate","FearNoEvil","Vajra","Damaru","Sling"],"campfire_rested":2,"item_purchase_floors":[4,5,22,37,37,37],"current_hp_per_floor":[66,64,57,57,57,55,55,55,55,47,45,33,24,24,45,37,72,66,54,54,37,37,36,36,36,36,36,19,29,52,44,44,20,77,20,14,14,14,13,0,0],"gold":114,"neow_bonus":"RANDOM_EVENT","is_daily":false,"chose_seed":false,"campfire_upgraded":3,"win_rate":0.0,"timestamp":1613185663,"path_taken":["M","M","M","?","$","E","R","?","T","M","M","M","?","M","R","BOSS","M","M","AVR","M","$","E","?","R","T","M","M","?","R","M","R_BF","BOSS","M","M","$","M","M","NM"],"items_purchased_type":["Relic","Card","Card","Relic","Relic","Relic"],"build_version":"2020-12-22","purchased_purges":5,"victory":false,"max_hp_per_floor":[72,72,72,72,72,72,72,72,72,72,72,72,72,72,72,72,72,72,72,72,72,72,72,72,72,72,72,72,77,77,77,77,77,77,77,77,77,77,77,77,77],"relic_stats":{"Centennial Puzzle":[48],"Torii":33,"counters":[23,108],"Ornamental Fan":[80],"Pandora\u0027s Box":["Nirvana","Ragnarok","Scrawl","Prostrate","PathToVictory"],"Bag of Preparation":[11],"obtain_stats":[{"Potion Belt":9,"Torii":4,"Vajra":37,"Damaru":37,"Bag of Preparation":20,"Sling":37,"SlaversCollar":34,"Centennial Puzzle":6,"Ornamental Fan":23,"HolyWater":20,"Pandora\u0027s Box":17,"PureWater":0,"Toy Ornithopter":26},{"Potion Belt":4,"Torii":3,"Vajra":20,"Damaru":20,"Bag of Preparation":12,"Sling":20,"SlaversCollar":18,"Centennial Puzzle":4,"Ornamental Fan":14,"HolyWater":12,"Pandora\u0027s Box":10,"PureWater":0,"Toy Ornithopter":14},{"Potion Belt":19,"Torii":13,"Vajra":98,"Damaru":98,"Bag of Preparation":63,"Sling":98,"SlaversCollar":91,"Centennial Puzzle":19,"Ornamental Fan":75,"HolyWater":63,"Pandora\u0027s Box":56,"PureWater":0,"Toy Ornithopter":75}],"Toy Ornithopter":25},"card_choices":[{"not_picked":["BowlingBash","Replay:AtTheReady"],"picked":"FlurryOfBlows","floor":1},{"not_picked":["BowlingBash","Prostrate"],"picked":"MentalFortress","floor":2},{"not_picked":["Indignation","LikeWater"],"picked":"Consecrate","floor":3},{"not_picked":["ForeignInfluence","Wireheading"],"picked":"Prostrate","floor":6},{"not_picked":["Worship","PathToVictory","BowlingBash"],"picked":"SKIP","floor":10},{"not_picked":["WaveOfTheHand","CutThroughFate"],"picked":"Evaluate","floor":11},{"not_picked":["ThirdEye","Replay:AtTheReady","ReachHeaven"],"picked":"SKIP","floor":12},{"not_picked":["Fasting2","SashWhip"],"picked":"Judgement","floor":13},{"not_picked":["ClearTheMind","Replay:BluntJabs","Wallop"],"picked":"SKIP","floor":14},{"not_picked":["Crescendo","EmptyFist","Evaluate"],"picked":"SKIP","floor":18},{"not_picked":["Consecrate","BowlingBash+1"],"picked":"FlurryOfBlows","floor":19},{"not_picked":["SashWhip+1","Protect+1","WaveOfTheHand"],"picked":"SKIP","floor":21},{"not_picked":["FlyingSleeves+1","Nirvana+1","Blasphemy"],"picked":"SKIP","floor":23},{"not_picked":["FlurryOfBlows","Replay:ManipulateFuture"],"picked":"PathToVictory","floor":27},{"not_picked":["WindmillStrike","BattleHymn"],"picked":"Tantrum","floor":28},{"not_picked":["Vengeance","BowlingBash+1","SandsOfTime"],"picked":"SKIP","floor":31},{"not_picked":["TalkToTheHand+1","Replay:AtTheReady+1","Sanctity+1"],"picked":"SKIP","floor":35},{"not_picked":["ThirdEye+1","ReachHeaven","Worship+1"],"picked":"SKIP","floor":36},{"not_picked":["FlyingSleeves+1","Replay:AtTheReady+1","Tantrum"],"picked":"SKIP","floor":38},{"not_picked":["Replay:AtTheReady+1","Replay:Battleflow","Evaluate+1"],"picked":"SKIP","floor":39}],"player_experience":255490,"relics_obtained":[{"floor":6,"key":"Centennial Puzzle"},{"floor":9,"key":"Potion Belt"},{"floor":23,"key":"Ornamental Fan"},{"floor":26,"key":"Toy Ornithopter"}],"event_choices":[{"damage_healed":0,"gold_gain":0,"cards_transformed":["Defend_P"],"player_choice":"Change","damage_taken":0,"max_hp_gain":0,"max_hp_loss":0,"event_name":"Living Wall","floor":0,"gold_loss":0,"cards_obtained":["Wish"]},{"damage_healed":0,"gold_gain":0,"cards_transformed":["Strike_P"],"player_choice":"Transformed","damage_taken":0,"max_hp_gain":0,"max_hp_loss":0,"event_name":"Transmorgrifier","floor":8,"gold_loss":0,"cards_obtained":["Fasting2"]}],"is_beta":false,"boss_relics":[{"not_picked":["Philosopher\u0027s Stone","ReplayTheSpireMod:DimensionalGlitch"],"picked":"Pandora\u0027s Box"},{"not_picked":["Painkiller Herb","ChewingGum"],"picked":"SlaversCollar"}],"items_purged_floors":[4,20,22,22,37],"is_endless":false,"potions_floor_spawned":[1,6,11,19,23,28,31,36,39],"killed_by":"Nightmare","ascension_level":3}}