{"host":"8ztb9kwpjc2zof9s","time":1613196169,"event":{"mods":["BaseMod","Block Reminder","Curses Come First","Minty Spire (QoL Compilation)","Relic Stats","StSLib"],"gold_per_floor":[109,109,31,50,50,81,31,60,113,113,113,124,143,172,172,273,273,244,269,286,286,20,55,68,68,68],"floor_reached":25,"language":"ENG","playtime":734,"items_purged":["Underhanded Strike"],"score":394,"play_id":"3e84d543-317d-4289-82f9-b838d52638fb","local_time":"20210212220249","is_ascension_mode":true,"campfire_choices":[{"data":"Noxious Fumes","floor":10.0,"key":"SMITH"},{"floor":15.0,"key":"REST"}],"circlet_count":0,"master_deck":["AscendersBane","Strike_G","Strike_G","Defend_G","Defend_G","Defend_G","Defend_G","Defend_G","Survivor","Neutralize","Dagger Spray","Noxious Fumes+1","Poisoned Stab","Deadly Poison","PiercingWail","Leg Sweep","Corpse Explosion","All Out Attack","Mayhem","Backflip+1"],"relics":["Ring of the Snake","NeowsBlessing","Snake Skull","Oddly Smooth Stone","Odd Mushroom","Tiny Chest","HornCleat","Sozu","Red Mask","Nunchaku"],"acts_visited":["Exordium","TheCity"],"potions_floor_usage":[19],"damage_taken":[{"damage":0.0,"enemies":"Small Slimes","floor":1.0,"turns":1.0},{"damage":0.0,"enemies":"2 Louse","floor":4.0,"turns":1.0},{"damage":0.0,"enemies":"3 Sentries","floor":6.0,"turns":1.0},{"damage":9.0,"enemies":"The Mushroom Lair","floor":8.0,"turns":5.0},{"damage":0.0,"enemies":"Jaw Worm","floor":12.0,"turns":4.0},{"damage":4.0,"enemies":"3 Louse","floor":13.0,"turns":3.0},{"damage":17.0,"enemies":"Gremlin Nob","floor":14.0,"turns":4.0},{"damage":32.0,"enemies":"Slime Boss","floor":16.0,"turns":11.0},{"damage":24.0,"enemies":"2 Thieves","floor":18.0,"turns":5.0},{"damage":0,"enemies":"Masked Bandits","floor":19,"turns":2},{"damage":0,"enemies":"3 Byrds","floor":20,"turns":2},{"damage":38,"enemies":"Book of Stabbing","floor":23,"turns":6},{"damage":5,"enemies":"Snecko","floor":24,"turns":5},{"damage":20,"enemies":"Slavers","floor":25,"turns":3}],"seed_played":"-1234094608255220157","potions_obtained":[{"floor":1.0,"key":"SkillPotion"},{"floor":4.0,"key":"Strength Potion"},{"floor":6.0,"key":"FairyPotion"}],"is_trial":false,"path_per_floor":["M","?","$","M","?","E","?","?","T","R","?","M","M","E","R","B",null,"M","?","M","?","$","E","M","E"],"character_chosen":"THE_SILENT","items_purchased":["Noxious Fumes","Mayhem"],"campfire_rested":1,"item_purchase_floors":[3,22],"current_hp_per_floor":[63,51,51,51,56,56,56,47,47,47,47,47,43,26,48,16,60,36,36,36,36,36,22,17,0,0],"gold":68,"neow_bonus":"THREE_ENEMY_KILL","is_daily":false,"chose_seed":false,"campfire_upgraded":1,"win_rate":0.0,"timestamp":1613196169,"path_taken":["M","?","$","M","?","E","?","?","T","R","?","M","M","E","R","BOSS","M","?","M","?","$","E","M","E"],"items_purchased_type":["Card","Card"],"build_version":"2020-12-22","purchased_purges":1,"victory":false,"max_hp_per_floor":[70,70,70,70,75,75,75,75,75,75,75,75,75,75,75,75,75,75,75,75,75,75,75,75,75,75],"relic_stats":{"Sozu":3,"Nunchaku":[0],"counters":[14,53],"Tiny Chest":0,"Snake Skull":[79],"obtain_stats":[{"Sozu":17,"Nunchaku":23,"HornCleat":14,"NeowsBlessing":0,"Oddly Smooth Stone":6,"Tiny Chest":9,"Snake Skull":2,"Red Mask":19,"Odd Mushroom":8,"Ring of the Snake":0},{"Sozu":8,"Nunchaku":12,"HornCleat":7,"NeowsBlessing":0,"Oddly Smooth Stone":3,"Tiny Chest":4,"Snake Skull":1,"Red Mask":10,"Odd Mushroom":4,"Ring of the Snake":0},{"Sozu":30,"Nunchaku":45,"HornCleat":19,"NeowsBlessing":0,"Oddly Smooth Stone":3,"Tiny Chest":8,"Snake Skull":1,"Red Mask":37,"Odd Mushroom":8,"Ring of the Snake":0}],"Ring of the Snake":[28]},"card_choices":[{"not_picked":["Reflex","Escape Plan"],"picked":"Dagger Spray","floor":1.0},{"not_picked":["Calculated Gamble","Acrobatics"],"picked":"Poisoned Stab","floor":4.0},{"not_picked":["Quick Slash","Dagger Throw","Tools of the Trade"],"picked":"SKIP","floor":6.0},{"not_picked":["Bouncing Flask","Backflip"],"picked":"Deadly Poison","floor":8.0},{"not_picked":["Slice","Bane"],"picked":"PiercingWail","floor":12.0},{"not_picked":["Slice","Dodge and Roll","Outmaneuver"],"picked":"SKIP","floor":13.0},{"not_picked":["Poisoned Stab","Underhanded Strike"],"picked":"Leg Sweep","floor":14.0},{"not_picked":["A Thousand Cuts","Unload"],"picked":"Corpse Explosion","floor":16.0},{"not_picked":["Terror","Prepared","Blade Dance"],"picked":"SKIP","floor":18.0},{"not_picked":["Riddle With Holes+1","Slice","Acrobatics+1"],"picked":"SKIP","floor":20},{"not_picked":["Sucker Punch","Deflect","Underhanded Strike"],"picked":"SKIP","floor":23},{"not_picked":["Acrobatics+1","Malaise"],"picked":"Backflip+1","floor":24}],"player_experience":317096,"relics_obtained":[{"floor":6.0,"key":"Oddly Smooth Stone"},{"floor":8.0,"key":"Odd Mushroom"},{"floor":9.0,"key":"Tiny Chest"},{"floor":14.0,"key":"HornCleat"},{"floor":19,"key":"Red Mask"},{"floor":23,"key":"Nunchaku"}],"event_choices":[{"damage_healed":0.0,"max_hp_gain":0.0,"max_hp_loss":0.0,"gold_gain":0.0,"event_name":"Scrap Ooze","player_choice":"Success","floor":2.0,"gold_loss":0.0,"damage_taken":12.0,"relics_obtained":["Snake Skull"]},{"damage_healed":0.0,"max_hp_gain":5.0,"max_hp_loss":0.0,"gold_gain":0.0,"event_name":"Big Fish","player_choice":"Donut","floor":5.0,"gold_loss":0.0,"damage_taken":0.0},{"cards_removed":["Strike_G"],"damage_healed":0.0,"max_hp_gain":0.0,"max_hp_loss":0.0,"gold_gain":0.0,"event_name":"The Cleric","player_choice":"Card Removal","floor":7.0,"gold_loss":50.0,"damage_taken":0.0},{"damage_healed":0.0,"max_hp_gain":0.0,"max_hp_loss":0.0,"gold_gain":0.0,"event_name":"Mushrooms","player_choice":"Fought Mushrooms","floor":8.0,"gold_loss":0.0,"damage_taken":0.0},{"damage_healed":0.0,"max_hp_gain":0.0,"max_hp_loss":0.0,"gold_gain":0.0,"event_name":"Shining Light","player_choice":"Ignored","floor":11.0,"gold_loss":0.0,"damage_taken":0.0},{"damage_healed":0,"gold_gain":0,"player_choice":"Fought Bandits","damage_taken":0,"max_hp_gain":0,"max_hp_loss":0,"event_name":"Masked Bandits","floor":19,"gold_loss":0},{"damage_healed":0,"gold_gain":0,"cards_transformed":["Strike_G","Strike_G"],"player_choice":"Became Test Subject","damage_taken":0,"max_hp_gain":0,"max_hp_loss":0,"event_name":"Drug Dealer","floor":21,"gold_loss":0,"cards_obtained":["All Out Attack","Underhanded Strike"]}],"is_beta":false,"boss_relics":[{"not_picked":["Runic Dome","Snecko Eye"],"picked":"Sozu"}],"items_purged_floors":[22],"is_endless":false,"potions_floor_spawned":[1,4,6,14,19,20,24],"killed_by":"Slavers","ascension_level":11}}