{"host":"fc5kl670efuhtomy","time":1613202595,"event":{"mods":["AchievementEnabler","Act Like it!","Arknights","BaseMod","Colored Powertips","Downfall","Marisa£®ÏF”Í°°ƒß¿Ì…≥£©","Minty Spire (QoL Compilation)","Quick Restart","Reimu£®≤©¿ˆ¡È√Œ£©","Relic Stats","Replay The Spire","Spicy Shops","StSLib","The Bug Knight","The Construct","The Cursed","The Servant 0.9.4","WarShipGirlsR/’ΩΩ¢…Ÿ≈ÆR mod"],"gold_per_floor":[111,111,191,210,227,227,227],"floor_reached":6,"language":"ZHS","playtime":179,"items_purged":[],"score":38,"play_id":"9ba22cb4-e078-4e43-a962-0ad5c9b64781","local_time":"20210213154955","is_ascension_mode":true,"campfire_choices":[],"circlet_count":0,"master_deck":["ats:Strike C","ats:Strike G","ats:Strike S","ats:Strike V","ats:Armor Crushing Shot","ats:Defend","ats:Defend","ats:Defend","ats:Defend","ats:Emotion Absorption","ats:Hook Shot","Regret","Delirium","ats:Soul Rend"],"relics":["Velvet Choker","Singing Bowl"],"acts_visited":["Exordium"],"potions_floor_usage":[6],"damage_taken":[{"damage":0,"enemies":"2 Louse","floor":1,"turns":4},{"damage":7,"enemies":"ats:Genji","floor":4,"turns":5},{"damage":16,"enemies":"Jaw Worm","floor":5,"turns":4},{"damage":55,"enemies":"HollowMod:MossKnight","floor":6,"turns":5}],"seed_played":"858826891799522973","potions_obtained":[{"floor":1,"key":"Ancient Potion"},{"floor":4,"key":"Reflective Coating"}],"is_trial":false,"path_per_floor":["M","?","?","M","M","E"],"character_chosen":"DOCTOR_CLASS","items_purchased":[],"campfire_rested":0,"item_purchase_floors":[],"current_hp_per_floor":[72,72,72,67,51,0,0],"gold":227,"neow_bonus":"BOSS_RELIC","is_daily":false,"chose_seed":false,"campfire_upgraded":0,"win_rate":0.0,"timestamp":1613202595,"path_taken":["M","?","?","M","?","E"],"items_purchased_type":[],"build_version":"2020-12-22","purchased_purges":0,"victory":false,"max_hp_per_floor":[72,72,72,74,74,74,74],"relic_stats":{"Singing Bowl":2,"counters":[4,18],"obtain_stats":[{"Singing Bowl":2,"Velvet Choker":0,"ats:Sanity":0},{"Singing Bowl":1,"Velvet Choker":0,"ats:Sanity":0},{"Singing Bowl":4,"Velvet Choker":0,"ats:Sanity":0}]},"card_choices":[{"not_picked":["ats:Flexible Camouflage","ats:Demon Strength"],"picked":"ats:Hook Shot","floor":1},{"not_picked":["ats:Flexible Camouflage","ats:Hook Shot","ats:Curse Doll"],"picked":"Singing Bowl","floor":4},{"not_picked":["ats:Leaping Hammer","ats:Hammer On"],"picked":"ats:Soul Rend","floor":5}],"player_experience":237141,"relics_obtained":[],"event_choices":[{"damage_healed":0,"gold_gain":0,"player_choice":"Box","damage_taken":0,"relics_obtained":["Singing Bowl"],"max_hp_gain":0,"max_hp_loss":0,"event_name":"Big Fish","floor":2,"gold_loss":0,"cards_obtained":["Regret"]}],"is_beta":false,"boss_relics":[],"items_purged_floors":[],"is_endless":false,"potions_floor_spawned":[1,4],"killed_by":"HollowMod:MossKnight","ascension_level":1}}