{"host":"Alvar","time":1613220724,"event":{"mods":["AchievementEnabler","BaseMod","Minty Spire (QoL Compilation)","Relic Stats","StSLib","The Animator"],"gold_per_floor":[118,63,63,79,93,93,93],"floor_reached":6,"language":"ENG","playtime":281,"items_purged":[],"score":72,"play_id":"299cef68-5ab7-459e-877b-3c99b55af1ab","local_time":"20210213195204","is_ascension_mode":true,"campfire_choices":[],"circlet_count":0,"master_deck":["AscendersBane","Strike_G","Strike_G","Strike_G","Strike_G","Strike_G","Defend_G","Defend_G","Defend_G","Defend_G","Defend_G","Survivor","Neutralize","Doppelganger","Terror","Flying Knee","Crippling Poison"],"relics":["Ring of the Snake","Oddly Smooth Stone"],"acts_visited":["Exordium"],"potions_floor_usage":[],"damage_taken":[{"damage":0,"enemies":"Small Slimes","floor":1,"turns":7},{"damage":3,"enemies":"2 Louse","floor":4,"turns":3},{"damage":2,"enemies":"Cultist","floor":5,"turns":5},{"damage":0,"enemies":"Gremlin Nob","floor":6,"turns":2}],"seed_played":"-6096904717176506697","potions_obtained":[{"floor":4,"key":"Regen Potion"}],"is_trial":false,"path_per_floor":["M","$","?","M","M","E"],"character_chosen":"THE_SILENT","items_purchased":["Flying Knee"],"campfire_rested":0,"item_purchase_floors":[2],"current_hp_per_floor":[59,59,54,51,49,49,49],"gold":93,"neow_bonus":"ONE_RANDOM_RARE_CARD","is_daily":false,"chose_seed":false,"campfire_upgraded":0,"win_rate":0.0,"timestamp":1613220724,"path_taken":["M","$","?","M","M","E"],"items_purchased_type":["Card"],"build_version":"2020-12-18","purchased_purges":0,"victory":false,"max_hp_per_floor":[66,66,66,66,66,66,66],"relic_stats":{"counters":[4,17],"obtain_stats":[{"Oddly Smooth Stone":3,"Ring of the Snake":0},{"Oddly Smooth Stone":1,"Ring of the Snake":0},{"Oddly Smooth Stone":7,"Ring of the Snake":0}],"Ring of the Snake":[8]},"card_choices":[{"not_picked":["Cloak And Dagger","Blade Dance"],"picked":"Terror","floor":1},{"not_picked":["Sucker Punch","Deflect"],"picked":"Crippling Poison","floor":4},{"not_picked":["Slice","Outmaneuver","Underhanded Strike"],"picked":"SKIP","floor":5}],"player_experience":829360,"relics_obtained":[],"event_choices":[{"damage_healed":0,"gold_gain":0,"player_choice":"Success","damage_taken":5,"relics_obtained":["Oddly Smooth Stone"],"max_hp_gain":0,"max_hp_loss":0,"event_name":"Scrap Ooze","floor":3,"gold_loss":0}],"is_beta":true,"boss_relics":[],"items_purged_floors":[],"is_endless":false,"potions_floor_spawned":[4],"killed_by":"Gremlin Nob","ascension_level":20}}