{"host":"37ccm3d17clopct7","time":1613207673,"event":{"mods":["BaseMod","GungeonMod","Hermit","Lobotomy","Minty Spire (QoL Compilation)","StSLib","The Bug Knight","The Cursed","The Hierophant","The Jungle","The Runesmith"],"gold_per_floor":[117,117,42,42,317,317,351,59,107,17,36,56,56,74,74,170,170,181,196,214,214,228,228,261,17,97,97,31,51,51,67,67,166,216,227,282,282,1281,1295,1295,1320,1320,1320],"floor_reached":42,"language":"KOR","playtime":2714,"items_purged":["TheCursedMod:Strike_TheCursed","TheCursedMod:Defend_TheCursed","TheCursedMod:Strike_TheCursed","TheCursedMod:Defend_TheCursed"],"score":566,"play_id":"c9eb914f-3a2d-4770-83ac-de7a8f5417f3","local_time":"20210213181433","is_ascension_mode":true,"campfire_choices":[{"floor":6,"key":"RECALL"},{"data":"TheCursedMod:CollectTribute","floor":13,"key":"SMITH"},{"floor":15,"key":"REST"},{"floor":23,"key":"REST"},{"floor":27,"key":"REST"},{"floor":32,"key":"REST"},{"floor":40,"key":"REST"}],"circlet_count":0,"master_deck":["TheCursedMod:Strike_TheCursed","TheCursedMod:Strike_TheCursed","TheCursedMod:Defend_TheCursed","TheCursedMod:CursedWand+1","TheCursedMod:CleanUpWorkshop","TheCursedMod:Dregs","TheCursedMod:ManaBullet","Regret","TheCursedMod:CollectTribute+1","TheCursedMod:FleshFromBone","TheCursedMod:LuckyCharm","TheCursedMod:SurpriseAttack","TheCursedMod:SmokeScreen","TheCursedMod:FleshFromBone","TheCursedMod:CircleOfCorruption","TheCursedMod:WearCloak","TheCursedMod:WearCloak","TheCursedMod:DemonSword","TheCursedMod:Stigma","TheCursedMod:TroublousMinions+1","TheCursedMod:CursedShiv","TheCursedMod:Stretching","TheCursedMod:CursedShiv+1","TheCursedMod:FleshFromBone+1","TheCursedMod:HellfireBreathing","TheCursedMod:SurpriseAttack","TheCursedMod:Evocation","TheCursedMod:SurpriseAttack","TheCursedMod:Neurasthenia","TheCursedMod:WearCloak","TheCursedMod:AbyssShockwave+1","TheCursedMod:FleshFromBone+1","Normality","TheCursedMod:SmokeScreen+1","TheCursedMod:DemonSword"],"relics":["TheCursedMod:BlackMagic101","MealTicket","Ornamental Fan","Membership Card","Happy Flower","Omamori","Lizard Tail","Bottled Lightning","theJungle:PaperFaux","Tiny House","Mango","Dream Catcher"],"acts_visited":["Exordium","theJungle:Jungle","TheBeyond"],"potions_floor_usage":[7,16,16],"damage_taken":[{"damage":0,"enemies":"Cultist","floor":1,"turns":4},{"damage":41,"enemies":"Lagavulin","floor":7,"turns":9},{"damage":0,"enemies":"Small Slimes","floor":11,"turns":4},{"damage":0,"enemies":"2 Louse","floor":12,"turns":3},{"damage":17,"enemies":"Gremlin Gang","floor":14,"turns":6},{"damage":64,"enemies":"Slime Boss","floor":16,"turns":35},{"damage":8,"enemies":"theJungle:GiantWrat","floor":18,"turns":9},{"damage":7,"enemies":"theJungle:MUSHROOMGANG","floor":19,"turns":5},{"damage":11,"enemies":"Snake Plant","floor":20,"turns":6},{"damage":27,"enemies":"theJungle:2_Snecko_Cultists","floor":22,"turns":7},{"damage":19,"enemies":"theJungle:2_Phrogs","floor":24,"turns":18},{"damage":30,"enemies":"theJungle:2_Flameangoes","floor":29,"turns":7},{"damage":5,"enemies":"theJungle:SlimyTreeVines","floor":31,"turns":8},{"damage":55,"enemies":"theJungle:FunGuy","floor":33,"turns":13},{"damage":11,"enemies":"Orb Walker","floor":35,"turns":6},{"damage":72,"enemies":"2 Orb Walkers","floor":36,"turns":9},{"damage":25,"enemies":"3 Darklings","floor":39,"turns":8},{"damage":43,"enemies":"Reptomancer","floor":41,"turns":14},{"damage":17,"enemies":"Maw","floor":42,"turns":2}],"seed_played":"-6782818380725752890","potions_obtained":[{"floor":1,"key":"PowerPotion"},{"floor":11,"key":"Swift Potion"},{"floor":12,"key":"Ancient Potion"},{"floor":14,"key":"Swift Potion"},{"floor":19,"key":"SpeedPotion"},{"floor":31,"key":"SkillPotion"},{"floor":35,"key":"DuplicationPotion"}],"is_trial":false,"path_per_floor":["M","?","$","?","?","R","E","$","T","$","M","M","R","M","R","B",null,"M","M","M","?","M","R","E","$","T","R","$","M","?","M","R","B",null,"M","?","?","?","M","R","E","M"],"character_chosen":"THE_CURSED","items_purchased":["Membership Card","TheCursedMod:FleshFromBone","TheCursedMod:LuckyCharm","TheCursedMod:SurpriseAttack","TheCursedMod:SmokeScreen","TheCursedMod:FleshFromBone","TheCursedMod:FleshFromBone","Lizard Tail","TheCursedMod:HellfireBreathing","TheCursedMod:SurpriseAttack"],"campfire_rested":5,"item_purchase_floors":[8,8,8,8,8,10,25,25,28,28],"current_hp_per_floor":[75,63,75,75,75,75,34,49,49,64,64,64,64,47,69,5,75,67,60,49,49,22,44,25,40,40,62,75,45,45,46,68,13,80,69,54,54,54,29,57,14,0,0],"gold":1320,"neow_bonus":"UPGRADE_CARD","is_daily":false,"chose_seed":false,"campfire_upgraded":1,"win_rate":0.0,"timestamp":1613207673,"path_taken":["M","?","$","?","?","R","E","$","T","$","M","M","R","?","R","BOSS","M","M","M","?","M","R","E","$","T","R","?","?","?","M","R","BOSS","M","?","?","?","M","R","E","M"],"items_purchased_type":["Relic","Card","Card","Card","Card","Card","Card","Relic","Card","Card"],"build_version":"2020-12-22","purchased_purges":4,"victory":false,"max_hp_per_floor":[75,75,75,75,75,75,75,75,75,75,75,75,75,75,75,75,75,75,75,75,75,75,75,75,75,75,75,75,75,75,75,75,75,80,80,94,94,94,94,94,94,94,94],"card_choices":[{"not_picked":["TheCursedMod:TacticalStrike","TheCursedMod:SoulCrush"],"picked":"TheCursedMod:ManaBullet","floor":1},{"not_picked":["TheCursedMod:CursedMace","TheCursedMod:CursedSpellbook"],"picked":"TheCursedMod:CollectTribute","floor":7},{"not_picked":["TheCursedMod:CircleOfFlame","TheCursedMod:Obscuration"],"picked":"TheCursedMod:CircleOfCorruption","floor":11},{"not_picked":["TheCursedMod:RapidMovement","TheCursedMod:TacticalStrike"],"picked":"TheCursedMod:WearCloak","floor":12},{"not_picked":["TheCursedMod:BlessingInDisguise","TheCursedMod:VitalStrike"],"picked":"TheCursedMod:WearCloak","floor":14},{"not_picked":["TheCursedMod:CollectTribute","TheCursedMod:CircleOfAbyss"],"picked":"TheCursedMod:DemonSword","floor":16},{"not_picked":["TheCursedMod:CursedArmor","TheCursedMod:VitalStrike"],"picked":"TheCursedMod:Stigma","floor":18},{"not_picked":["TheCursedMod:HellsGateOpen+1","TheCursedMod:AbyssShockwave"],"picked":"TheCursedMod:TroublousMinions+1","floor":19},{"not_picked":["TheCursedMod:CursedMace","TheCursedMod:CursedAmulet"],"picked":"TheCursedMod:CursedShiv","floor":20},{"not_picked":["TheCursedMod:Wield","TheCursedMod:PrepareRite"],"picked":"TheCursedMod:Stretching","floor":22},{"not_picked":["TheCursedMod:AshesToAshes+1","TheCursedMod:RavingStaff+1"],"picked":"TheCursedMod:CursedShiv+1","floor":24},{"not_picked":["TheCursedMod:Stretching","TheCursedMod:FleshFromBone"],"picked":"TheCursedMod:Evocation","floor":29},{"not_picked":["TheCursedMod:Obscuration","TheCursedMod:WearCloak"],"picked":"TheCursedMod:SurpriseAttack","floor":31},{"not_picked":["TheCursedMod:ManaCirculation","TheCursedMod:UltimatePain"],"picked":"TheCursedMod:Neurasthenia","floor":33},{"not_picked":["TheCursedMod:Wield","TheCursedMod:Obscuration"],"picked":"TheCursedMod:WearCloak","floor":34},{"not_picked":["TheCursedMod:Evocation","TheCursedMod:SaltUponWound"],"picked":"TheCursedMod:AbyssShockwave+1","floor":35},{"not_picked":["TheCursedMod:CursedShiv+1","TheCursedMod:DoubleShield"],"picked":"TheCursedMod:FleshFromBone+1","floor":36},{"not_picked":["TheCursedMod:CircleOfAmplification","TheCursedMod:SpreadPlague+1"],"picked":"TheCursedMod:SmokeScreen+1","floor":39},{"not_picked":["TheCursedMod:SmokeScreen","TheCursedMod:VitalStrike"],"picked":"TheCursedMod:DemonSword","floor":41}],"player_experience":198749,"relics_obtained":[{"floor":7,"key":"Ornamental Fan"},{"floor":9,"key":"Happy Flower"},{"floor":24,"key":"Omamori"},{"floor":26,"key":"Bottled Lightning"},{"floor":36,"key":"Mango"},{"floor":41,"key":"Dream Catcher"}],"event_choices":[{"damage_healed":0,"gold_gain":0,"player_choice":"Success","damage_taken":12,"relics_obtained":["MealTicket"],"max_hp_gain":0,"max_hp_loss":0,"event_name":"Scrap Ooze","floor":2,"gold_loss":0},{"damage_healed":0,"gold_gain":0,"player_choice":"Ignored","damage_taken":0,"max_hp_gain":0,"max_hp_loss":0,"event_name":"Shining Light","floor":4,"gold_loss":0},{"damage_healed":0,"gold_gain":275,"player_choice":"Desecrate","damage_taken":0,"max_hp_gain":0,"max_hp_loss":0,"event_name":"Golden Shrine","floor":5,"gold_loss":0,"cards_obtained":["Regret"]},{"cards_removed":["TheCursedMod:Defend_TheCursed"],"damage_healed":0,"gold_gain":0,"player_choice":"Purged","damage_taken":0,"max_hp_gain":0,"max_hp_loss":0,"event_name":"Purifier","floor":21,"gold_loss":0},{"damage_healed":0,"gold_gain":0,"player_choice":"Fight","damage_taken":0,"max_hp_gain":0,"max_hp_loss":0,"event_name":"Mysterious Sphere","floor":36,"gold_loss":0},{"damage_healed":0,"gold_gain":0,"player_choice":"Ignored","damage_taken":0,"max_hp_gain":0,"max_hp_loss":0,"event_name":"Tomb of Lord Red Mask","floor":37,"gold_loss":0},{"damage_healed":0,"gold_gain":999,"player_choice":"Gold","damage_taken":0,"max_hp_gain":0,"max_hp_loss":0,"event_name":"MindBloom","floor":38,"gold_loss":0,"cards_obtained":["Normality","Normality"]}],"is_beta":false,"boss_relics":[{"not_picked":["Busted Crown","Snecko Eye","Ectoplasm"]},{"not_picked":["Coffee Dripper","Runic Dome"],"picked":"Tiny House"}],"items_purged_floors":[3,8,10,25],"is_endless":false,"potions_floor_spawned":[1,11,12,14,19,31,33,35],"killed_by":"Maw","ascension_level":1}}