{"host":"bakf0s4odzu8z5xt","time":1613243805,"event":{"mods":["2.2 Compatiblity","BaseMod","Downfall","Friendly Minions","Minty Spire (QoL Compilation)","StSLib"],"gold_per_floor":[99,113,129,129,142,178,178,78,115,124,153,175,175,38,65,173,173,73,95,113,137,163,50,50,73,101,101,101,101,101,134,148,247,247,247,263,281,223,238,254,254,280,292,312,312,346,24,55,68,68],"floor_reached":51,"language":"ENG","playtime":3907,"items_purged":["Guardian:Strike_Guardian","Guardian:Strike_Guardian","Doubt"],"score":848,"play_id":"7d04c88e-b7e4-4e7e-9bc9-fe7031349c9d","local_time":"20210213131645","is_ascension_mode":true,"campfire_choices":[{"floor":1.0,"key":"RECALL"},{"data":"Guardian:FierceBash","floor":8.0,"key":"SMITH"},{"data":"Guardian:FuturePlans","floor":18.0,"key":"SMITH"},{"data":"Guardian:TimeSifter","floor":27.0,"key":"SMITH"},{"floor":30.0,"key":"REST"},{"data":"Guardian:Orbwalk","floor":35.0,"key":"SMITH"}],"circlet_count":0,"master_deck":["Guardian:Defend_Guardian","Guardian:Defend_Guardian","Guardian:Defend_Guardian","Guardian:Defend_Guardian","Guardian:CurlUp","Guardian:TwinSlam+1","Guardian:FuturePlans+1","Guardian:FierceBash+1","Guardian:CrystalBeam+1","Guardian:Recover","Guardian:TimeBomb","Guardian:PrismaticBeam+1","Guardian:StasisStrike+1","Guardian:TemporalShield","Guardian:TimeSifter+1","Guardian:Clone","Guardian:Orbwalk+1","Guardian:PrismaticBeam+1","Guardian:TimeCapacitor","Guardian:Preprogram","Guardian:CrystalBeam+1","Guardian:RollAttack+1","Guardian:StasisField","Guardian:Repulse","Guardian:Gem_Green","Guardian:FastForward","Guardian:PrismaticBarrier+1","Guardian:Gem_Purple","Guardian:FierceBash+1","Guardian:Gem_Cyan","Guardian:ShieldCharger"],"relics":["Guardian:ModeShifterPlus","Molten Egg 2","downfall:HeartBlessingRed","Shuriken","Slimebound:PreparedRelic","Snecko Eye","downfall:HeartBlessingGreen","Matryoshka","downfall:RedIOU","Happy Flower","Guardian:PickAxe","Strawberry","PreservedInsect","Nunchaku","Guardian:DefensiveModeMoreBlock","Darkstone Periapt"],"acts_visited":["Exordium","TheCity","TheBeyond"],"potions_floor_usage":[44,48,50],"damage_taken":[{"damage":3.0,"enemies":"2 Louse","floor":2.0,"turns":3.0},{"damage":1.0,"enemies":"Cultist","floor":3.0,"turns":4.0},{"damage":4.0,"enemies":"Jaw Worm","floor":5.0,"turns":3.0},{"damage":16.0,"enemies":"Gremlin Nob","floor":6.0,"turns":5.0},{"damage":4.0,"enemies":"3 Sentries","floor":9.0,"turns":5.0},{"damage":4.0,"enemies":"Red Slaver","floor":11.0,"turns":4.0},{"damage":15.0,"enemies":"2 Fungi Beasts","floor":12.0,"turns":3.0},{"damage":0.0,"enemies":"downfall:FleeingMerchant","floor":14.0,"turns":4.0},{"damage":13.0,"enemies":"3 Louse","floor":15.0,"turns":3.0},{"damage":2.0,"enemies":"SI_SHIV_ARCHETYPE","floor":16.0,"turns":7.0},{"damage":5.0,"enemies":"Shell Parasite","floor":19.0,"turns":5.0},{"damage":0.0,"enemies":"Spheric Guardian","floor":21.0,"turns":2.0},{"damage":0.0,"enemies":"Snecko","floor":22.0,"turns":3.0},{"damage":0.0,"enemies":"downfall:FleeingMerchant","floor":23.0,"turns":4.0},{"damage":18.0,"enemies":"Snake Plant","floor":25.0,"turns":3.0},{"damage":12.0,"enemies":"Sentry and Sphere","floor":26.0,"turns":4.0},{"damage":32.0,"enemies":"Gremlin Leader","floor":31.0,"turns":6.0},{"damage":12.0,"enemies":"Cultist and Chosen","floor":32.0,"turns":5.0},{"damage":7.0,"enemies":"WA_ARCHETYPE_CALM","floor":33.0,"turns":7.0},{"damage":0.0,"enemies":"3 Darklings","floor":36.0,"turns":3.0},{"damage":0.0,"enemies":"Orb Walker","floor":37.0,"turns":2.0},{"damage":0.0,"enemies":"downfall:FleeingMerchant","floor":38.0,"turns":4.0},{"damage":1.0,"enemies":"Spire Growth","floor":39.0,"turns":3.0},{"damage":2.0,"enemies":"Maw","floor":40.0,"turns":7.0},{"damage":43.0,"enemies":"Nemesis","floor":42.0,"turns":9.0},{"damage":14.0,"enemies":"Jaw Worm Horde","floor":43.0,"turns":3.0},{"damage":28,"enemies":"Transient","floor":44,"turns":5},{"damage":0,"enemies":"Reptomancer","floor":46,"turns":5},{"damage":9,"enemies":"Nemesis","floor":48,"turns":7},{"damage":16,"enemies":"3 Darklings","floor":49,"turns":4},{"damage":27,"enemies":"IC_BLOCK_ARCHETYPE","floor":50,"turns":9}],"seed_played":"-3138998970329181158","potions_obtained":[{"floor":3.0,"key":"Explosive Potion"},{"floor":6.0,"key":"DistilledChaos"},{"floor":11.0,"key":"GamblersBrew"},{"floor":16.0,"key":"EssenceOfSteel"},{"floor":21.0,"key":"Block Potion"},{"floor":26.0,"key":"FearPotion"},{"floor":31.0,"key":"hexamod:SoulburnPotion"},{"floor":36.0,"key":"ColorlessPotion"},{"floor":37.0,"key":"BlessingOfTheForge"},{"floor":39.0,"key":"AttackPotion"},{"floor":43.0,"key":"Regen Potion"},{"floor":44,"key":"Explosive Potion"},{"floor":46,"key":"SkillPotion"}],"is_trial":false,"path_per_floor":["R","M","M","?","M","E","T","R","E","?","M","M","?","$","M","B",null,"R","M","?","M","M","$","T","M","M","R","?","?","R","E","M","B",null,"R","M","M","$","M","M","T","E","M","M","?","E","$","E","M","B",null],"character_chosen":"GUARDIAN","items_purchased":["Guardian:Gem_Orange","Guardian:TimeCapacitor","Guardian:FastForward","Guardian:PickAxe","Weak Potion","Guardian:DefensiveModeMoreBlock"],"campfire_rested":1,"item_purchase_floors":[14,23,38,38,47,47],"current_hp_per_floor":[80,77,76,76,72,56,56,56,52,52,48,33,30,30,17,15,80,80,75,75,75,75,75,75,57,45,45,29,29,53,21,9,2,80,80,80,80,80,79,77,84,41,27,13,87,87,87,78,62,35],"gold":68,"neow_bonus":"UPGRADE_CARD","is_daily":false,"chose_seed":false,"campfire_upgraded":4,"win_rate":0.0,"timestamp":1613243805,"path_taken":["R","M","M","?","?","E","T","R","E","?","M","?","?","$","M","BOSS","R","M","?","M","M","$","T","M","M","R","?","?","R","E","M","BOSS","R","M","M","$","M","M","T","E","M","M","?","E","$","E","M","BOSS"],"items_purchased_type":["Card","Card","Card","Relic","Potion","Relic"],"build_version":"2020-12-22","purchased_purges":3,"victory":true,"max_hp_per_floor":[80,80,80,80,80,80,80,80,80,80,80,80,80,80,80,80,80,80,80,80,80,80,80,80,80,80,80,80,80,80,80,80,80,80,80,80,80,80,80,80,87,87,87,87,87,87,87,87,87,87],"card_choices":[{"not_picked":["Guardian:Suspension","Guardian:TemporalStrike"],"picked":"Guardian:FuturePlans","floor":2.0},{"not_picked":["Guardian:PiercingHide","Guardian:GuardianWhirl"],"picked":"Guardian:TemporalStrike","floor":3.0},{"not_picked":["Guardian:EvasiveProtocol","Guardian:RollAttack"],"picked":"Guardian:Gem_White","floor":5.0},{"not_picked":["Guardian:PiercingHide","Guardian:Suspension"],"picked":"Guardian:FierceBash","floor":6.0},{"not_picked":["Guardian:Suspension","Guardian:Gem_Cyan"],"picked":"Guardian:CrystalBeam+1","floor":9.0},{"not_picked":["Guardian:WalkerClaw+1","Guardian:RollAttack+1"],"picked":"Guardian:TimeBomb","floor":11.0},{"not_picked":["Guardian:BronzeOrb+1","Guardian:Gem_Lightblue"],"picked":"Guardian:PrismaticBeam+1","floor":12.0},{"not_picked":["Guardian:Planning","Guardian:RollAttack+1"],"picked":"Guardian:StasisStrike+1","floor":14.0},{"not_picked":["Guardian:WalkerClaw+1","Guardian:Gem_Cyan"],"picked":"Guardian:TemporalShield","floor":15.0},{"not_picked":["Guardian:GemFinder","Guardian:CompilePackage"],"picked":"Guardian:TimeSifter","floor":16.0},{"not_picked":["Guardian:Harden","Guardian:DecasProtection"],"picked":"Guardian:Clone","floor":19.0},{"not_picked":["Guardian:Gem_Cyan","Guardian:Gem_Blue"],"picked":"Guardian:Orbwalk","floor":21.0},{"not_picked":["Guardian:Suspension","Guardian:Incinerate+1"],"picked":"Guardian:Gem_Red","floor":22.0},{"not_picked":["Guardian:Gem_Lightblue","Guardian:PiercingHide+1"],"picked":"Guardian:PrismaticBeam+1","floor":23.0},{"not_picked":["Guardian:Recover","Guardian:Gem_Blue"],"picked":"Guardian:Preprogram","floor":25.0},{"not_picked":["Guardian:Gem_Cyan","Guardian:TimeBomb"],"picked":"Guardian:Gem_Red","floor":26.0},{"not_picked":["Guardian:StasisStrike+1","Guardian:Incinerate+1"],"picked":"Guardian:CrystalBeam+1","floor":31.0},{"not_picked":["Guardian:ChargeCore+1","Guardian:CrystalBeam+1"],"picked":"Guardian:RollAttack+1","floor":32.0},{"not_picked":["Guardian:TimeSifter","Guardian:GemFire+1"],"picked":"Guardian:StasisField","floor":33.0},{"not_picked":["Guardian:BronzeOrb+1","Guardian:CrystalBeam+1"],"picked":"Guardian:Repulse","floor":37.0},{"not_picked":["Guardian:SpikerProtocol","Guardian:Recover"],"picked":"Guardian:Gem_Green","floor":38.0},{"not_picked":["Guardian:BronzeArmor+1","Guardian:Recover+1"],"picked":"Guardian:PrismaticBarrier+1","floor":39.0},{"not_picked":["Guardian:Preprogram","Guardian:PiercingHide+1"],"picked":"Guardian:Gem_Purple","floor":40.0},{"not_picked":["Guardian:Gem_Red","Guardian:CrystalBeam+1"],"picked":"Guardian:FierceBash+1","floor":42.0},{"not_picked":["Guardian:PrimingBeam+1","Guardian:Suspension+1","Guardian:Gem_Cyan"],"picked":"SKIP","floor":43.0},{"not_picked":["Guardian:PrimingBeam+1","Guardian:Suspension+1"],"picked":"Guardian:Gem_Cyan","floor":43.0},{"not_picked":["Guardian:Gem_Red","Guardian:VentSteam","Guardian:Recover"],"picked":"SKIP","floor":44},{"not_picked":["Guardian:TemporalStrike+1","Guardian:GemFinder","Guardian:Gem_Crimson"],"picked":"SKIP","floor":46},{"not_picked":["Guardian:Gem_Cyan","Guardian:FuturePlans+1","Guardian:Gem_Green"],"picked":"SKIP","floor":48},{"not_picked":["Guardian:CrystalBeam+1","Guardian:TimeBomb+1"],"picked":"Guardian:ShieldCharger","floor":49}],"player_experience":2173777,"relics_obtained":[{"floor":6.0,"key":"CeramicFish"},{"floor":7.0,"key":"Molten Egg 2"},{"floor":9.0,"key":"Shuriken"},{"floor":24.0,"key":"Matryoshka"},{"floor":31.0,"key":"Happy Flower"},{"floor":41.0,"key":"Strawberry"},{"floor":42.0,"key":"PreservedInsect"},{"floor":46,"key":"Nunchaku"},{"floor":48,"key":"Darkstone Periapt"}],"event_choices":[{"damage_healed":0.0,"max_hp_gain":0.0,"max_hp_loss":0.0,"gold_gain":0.0,"event_name":"Scrap Ooze","player_choice":"Success","floor":13.0,"gold_loss":0.0,"damage_taken":3.0,"relics_obtained":["Slimebound:PreparedRelic"]}],"is_beta":false,"boss_relics":[{"not_picked":["SlaversCollar","Tiny House"],"picked":"Snecko Eye"},{"not_picked":["Runic Pyramid","Black Star"],"picked":"Guardian:ModeShifterPlus"}],"items_purged_floors":[23,38,47],"is_endless":false,"potions_floor_spawned":[3,6,11,16,21,26,31,36,37,39,43,44,46],"ascension_level":2}}