{"host":"19tvufa8xx4wr4o1","time":1613251040,"event":{"mods":["AchievementEnabler","BaseMod","Better Sensory Stone","Better Third Choice","Highlight Path","Minty Spire (QoL Compilation)","Relic Stats","StSLib"],"gold_per_floor":[209,224,224,8,20,20,46,46,97,115,115,150,108,138,138,138,138],"floor_reached":16,"language":"ENG","playtime":570,"items_purged":[],"score":207,"play_id":"ea523110-9c58-4a3e-9750-443bddaf7eba","local_time":"20210213151720","is_ascension_mode":true,"campfire_choices":[{"data":"Glass Knife","floor":6,"key":"SMITH"},{"data":"Neutralize","floor":8,"key":"SMITH"},{"floor":11,"key":"REST"},{"data":"Footwork","floor":15,"key":"SMITH"}],"circlet_count":0,"master_deck":["AscendersBane","Strike_G","Strike_G","Strike_G","Strike_G","Defend_G","Defend_G","Defend_G","Defend_G","Defend_G","Survivor","Neutralize+1","PiercingWail","Quick Slash","Glass Knife+1","Footwork+1","Dash","Adrenaline","Cloak And Dagger"],"relics":["Ring of the Snake","Akabeko","CeramicFish","Lantern","Anchor"],"acts_visited":["Exordium"],"potions_floor_usage":[12,12],"damage_taken":[{"damage":7,"enemies":"2 Louse","floor":1,"turns":3},{"damage":1,"enemies":"Cultist","floor":2,"turns":4},{"damage":0,"enemies":"Jaw Worm","floor":5,"turns":4},{"damage":13,"enemies":"3 Sentries","floor":7,"turns":9},{"damage":0,"enemies":"Exordium Wildlife","floor":10,"turns":3},{"damage":13,"enemies":"Lagavulin","floor":12,"turns":8},{"damage":8,"enemies":"Gremlin Nob","floor":14,"turns":4},{"damage":51,"enemies":"Slime Boss","floor":16,"turns":11}],"seed_played":"5299573539241173370","potions_obtained":[{"floor":7,"key":"Regen Potion"},{"floor":10,"key":"Block Potion"}],"is_trial":false,"path_per_floor":["M","M","?","$","M","R","E","R","T","M","R","E","$","E","R","B"],"character_chosen":"THE_SILENT","items_purchased":["Glass Knife","Footwork","Cloak And Dagger"],"campfire_rested":1,"item_purchase_floors":[4,4,13],"current_hp_per_floor":[52,51,51,51,51,51,38,38,38,38,57,56,56,48,48,0,0],"gold":138,"neow_bonus":"HUNDRED_GOLD","is_daily":false,"chose_seed":false,"campfire_upgraded":3,"win_rate":0.0,"timestamp":1613251040,"path_taken":["M","M","?","$","?","R","E","R","T","M","R","E","$","E","R","BOSS"],"items_purchased_type":["Card","Card","Card"],"build_version":"2020-12-22","purchased_purges":0,"victory":false,"max_hp_per_floor":[66,66,66,66,66,66,66,66,66,66,66,66,66,66,66,66,66],"relic_stats":{"counters":[8,46],"CeramicFish":18,"obtain_stats":[{"Lantern":12,"Anchor":14,"CeramicFish":9,"Akabeko":7,"Ring of the Snake":0},{"Lantern":6,"Anchor":7,"CeramicFish":4,"Akabeko":4,"Ring of the Snake":0},{"Lantern":31,"Anchor":35,"CeramicFish":20,"Akabeko":20,"Ring of the Snake":0}],"Ring of the Snake":[16]},"card_choices":[{"not_picked":["Dodge and Roll","Flying Knee"],"picked":"PiercingWail","floor":1},{"not_picked":["Well Laid Plans","Prepared"],"picked":"Quick Slash","floor":2},{"not_picked":["Accuracy","Blade Dance"],"picked":"Dash","floor":5},{"not_picked":["Underhanded Strike","Acrobatics","Masterful Stab"],"picked":"SKIP","floor":7},{"not_picked":["Flying Knee","Masterful Stab","Underhanded Strike"],"picked":"SKIP","floor":10},{"not_picked":["Flying Knee","Escape Plan"],"picked":"Adrenaline","floor":12},{"not_picked":["Bane","Dagger Throw","Cloak And Dagger"],"picked":"SKIP","floor":14}],"player_experience":635826,"relics_obtained":[{"floor":7,"key":"Akabeko"},{"floor":9,"key":"CeramicFish"},{"floor":12,"key":"Lantern"},{"floor":14,"key":"Anchor"}],"event_choices":[{"cards_removed":["Strike_G"],"damage_healed":0,"gold_gain":0,"player_choice":"Card Removal","damage_taken":0,"max_hp_gain":0,"max_hp_loss":0,"event_name":"Wheel of Change","floor":3,"gold_loss":0}],"is_beta":false,"boss_relics":[],"items_purged_floors":[],"is_endless":false,"potions_floor_spawned":[7,10],"killed_by":"Slime Boss","ascension_level":15}}