{"host":"8jwif9mna8ud19ho","time":1613222906,"event":{"mods":["BaseMod","Better Vampires","Marisa£¨ìFÓê¡¡Ä§ÀíÉ³£©","Minty Spire (QoL Compilation)","Reimu£¨²©ÀöÁéÃÎ£©","RumiaBox-Â¶Ã×æ«µÄÉñÃØºÐ×Ó","StSLib","¡¾ÒÅÎï¿¨ÅÆ¡¿REMEMod"],"gold_per_floor":[116,116,41,51,64,64,79,79,79,79,98,150,50,60,60,137,137,151,151,151,66,82,82,82,7,7,7,7],"floor_reached":27,"language":"ZHS","playtime":869,"items_purged":["Strike_G","Strike_G"],"score":402,"play_id":"d977a3ab-976b-4bf7-aa18-8357ee425a7b","local_time":"20210213212826","is_ascension_mode":true,"campfire_choices":[{"data":"Acrobatics","floor":6.0,"key":"SMITH"},{"data":"Concentrate","floor":15.0,"key":"SMITH"},{"data":"Reflex","floor":24,"key":"SMITH"}],"circlet_count":0,"master_deck":["AscendersBane","Defend_G","Defend_G","Defend_G","Defend_G","Defend_G","Survivor","Neutralize","CasketOfStar","Burst+1","Acrobatics+1","Reflex+1","Calculated Gamble","Concentrate+1","Acrobatics"],"relics":["Ring of the Snake","REME_ComplimentaryCards","REME_HandOfSuture","Philosopher\u0027s Stone","Enchiridion","Mummified Hand","REME_LimitBreaker"],"acts_visited":["Exordium","TheCity"],"potions_floor_usage":[],"damage_taken":[{"damage":3.0,"enemies":"Small Slimes","floor":1.0,"turns":5.0},{"damage":0.0,"enemies":"Cultist","floor":4.0,"turns":5.0},{"damage":6.0,"enemies":"2 Louse","floor":5.0,"turns":3.0},{"damage":6.0,"enemies":"2 Fungi Beasts","floor":7.0,"turns":5.0},{"damage":3.0,"enemies":"Looter","floor":11.0,"turns":5.0},{"damage":21.0,"enemies":"Exordium Thugs","floor":14.0,"turns":6.0},{"damage":4.0,"enemies":"Hexaghost","floor":16.0,"turns":9.0},{"damage":23.0,"enemies":"Spheric Guardian","floor":18.0,"turns":7.0},{"damage":1,"enemies":"2 Thieves","floor":22,"turns":4},{"damage":0,"enemies":"Snake Plant","floor":27,"turns":2}],"seed_played":"-3520269254028014780","potions_obtained":[{"floor":1.0,"key":"Explosive Potion"},{"floor":7.0,"key":"CunningPotion"},{"floor":11.0,"key":"AttackPotion"},{"floor":14.0,"key":"CultistPotion"},{"floor":18.0,"key":"EntropicBrew"}],"is_trial":false,"path_per_floor":["M","?","$","M","M","R","M","?","T","?","M","T","$","M","R","B",null,"M","?","?","?","M","$","R","?","T","M"],"character_chosen":"THE_SILENT","items_purchased":[],"campfire_rested":0,"item_purchase_floors":[],"current_hp_per_floor":[56,56,56,56,50,50,44,37,37,42,39,39,39,18,18,14,52,29,8,8,8,7,7,7,7,7,7,7],"gold":7,"neow_bonus":"THREE_RARE_CARDS","is_daily":false,"chose_seed":false,"campfire_upgraded":3,"win_rate":0.0,"timestamp":1613222906,"path_taken":["M","?","$","M","M","R","?","?","T","?","M","?","$","?","R","BOSS","M","?","?","?","M","$","R","?","T","?"],"items_purchased_type":[],"build_version":"2020-12-22","purchased_purges":2,"victory":false,"max_hp_per_floor":[60,60,60,60,60,60,60,60,60,65,65,65,65,65,65,65,65,65,65,65,65,65,65,65,65,65,65,65],"card_choices":[{"not_picked":["Phantasmal Killer","REME_GrazeFinale"],"picked":"Burst","floor":0.0},{"not_picked":["Deflect","Flying Knee"],"picked":"Acrobatics","floor":1.0},{"not_picked":["Deadly Poison","Acrobatics","Underhanded Strike"],"picked":"SKIP","floor":4.0},{"not_picked":["Leg Sweep","Deadly Poison"],"picked":"Reflex","floor":5.0},{"not_picked":["Choke","REME_ShadowStrike","Sucker Punch"],"picked":"SKIP","floor":7.0},{"not_picked":["Sucker Punch","REME_ShadowStrike"],"picked":"Calculated Gamble","floor":11.0},{"not_picked":["Distraction","Crippling Poison"],"picked":"Concentrate","floor":14.0},{"not_picked":["Well Laid Plans","Backstab","Flying Knee"],"picked":"SKIP","floor":18.0},{"not_picked":["Concentrate+1","Prepared"],"picked":"Acrobatics","floor":22}],"player_experience":1132850,"relics_obtained":[{"floor":12.0,"key":"REME_HandOfSuture"},{"floor":19.0,"key":"Enchiridion"},{"floor":26,"key":"REME_LimitBreaker"}],"event_choices":[{"damage_healed":0.0,"max_hp_gain":0.0,"max_hp_loss":0.0,"gold_gain":0.0,"event_name":"Upgrade Shrine","player_choice":"Upgraded","floor":2.0,"gold_loss":0.0,"damage_taken":0.0,"cards_upgraded":["Burst"]},{"cards_removed":["Strike_G"],"damage_healed":0.0,"max_hp_gain":0.0,"max_hp_loss":0.0,"gold_gain":0.0,"event_name":"Golden Wing","player_choice":"Card Removal","floor":8.0,"gold_loss":0.0,"damage_taken":7.0},{"damage_healed":0.0,"max_hp_gain":5.0,"max_hp_loss":0.0,"gold_gain":0.0,"event_name":"Big Fish","player_choice":"Donut","floor":10.0,"gold_loss":0.0,"damage_taken":0.0},{"damage_healed":0.0,"max_hp_gain":0.0,"max_hp_loss":0.0,"gold_gain":0.0,"event_name":"Cursed Tome","player_choice":"Obtained Book","floor":19.0,"gold_loss":0.0,"damage_taken":21.0},{"cards_removed":["Strike_G"],"damage_healed":0.0,"max_hp_gain":0.0,"max_hp_loss":0.0,"gold_gain":0.0,"event_name":"Back to Basics","player_choice":"Elegance","floor":20.0,"gold_loss":0.0,"damage_taken":0.0},{"damage_healed":0.0,"max_hp_gain":0.0,"max_hp_loss":0.0,"gold_gain":0.0,"event_name":"Addict","player_choice":"Obtained Relic","floor":21.0,"gold_loss":85.0,"damage_taken":0.0,"relics_obtained":["Mummified Hand"]},{"cards_removed":["Strike_G"],"damage_healed":0,"gold_gain":0,"player_choice":"Gave Gold","damage_taken":0,"max_hp_gain":0,"max_hp_loss":0,"event_name":"Beggar","floor":25,"gold_loss":75}],"is_beta":false,"boss_relics":[{"not_picked":["Cursed Key","Tiny House"],"picked":"Philosopher\u0027s Stone"}],"items_purged_floors":[3,13],"is_endless":false,"potions_floor_spawned":[1,7,11,14,18],"killed_by":"Snake Plant","ascension_level":20}}