{"host":"6znluj278ovdbyb2","time":1613175080,"event":{"mods":["BaseMod","BetterRewards","Clockwork Mod","Highlight Path","Hubris","Infinite Spire","Marisa????????","Minty Spire (QoL Compilation)","Rare Cards Sparkle","Replay The Spire","StSLib","The Animator","The Bladedancer","The Cursed","The Disciple","The Mystic","The Necromancer","The Runesmith","The Servant 0.9.4"],"gold_per_floor":[119,119,95,55,55,55,88,88,115,115,141,161,161,179,179,284,284,297,307,321,321,321,321,347,361,416,429,429,280,280,280],"floor_reached":30,"language":"ENG","playtime":3676,"items_purged":[],"score":281,"play_id":"f7f41e51-94cb-40a6-80b3-240c89bfeb18","local_time":"20210212191120","is_ascension_mode":false,"campfire_choices":[{"data":"Rearm","floor":6,"key":"SMITH"},{"floor":10,"key":"REST"},{"data":"BestPractice","floor":13,"key":"SMITH"},{"data":"Collapse","floor":15,"key":"SMITH"},{"data":"KillingDoll","floor":23,"key":"SMITH"}],"circlet_count":0,"master_deck":["Strike_S","Strike_S","Strike_S","Strike_S","Defend_S+1","Defend_S+1","Defend_S","Defend_S","KidneyShot+1","Exchange","ShatteredReality","Rearm+1","Rearm+1","Barrier","KidneyShot","Shuttle","BestPractice+1","Contraction","Collapse+1","KillingDoll+1","SilverBlades","Spin","Reset+1","SilverBlades","Defy","DoubleEdge","Revamp+1","Doubt","MurderousAura"],"relics":["Uniform","hubris:Spice","infinitespire:EmpoweringShard","Bottled Lightning","hubris:BottledHeart","Simple Rune","Potion Belt","Ring of Hypnosis","Ring of Fangs"],"acts_visited":["Exordium","TheCity"],"potions_floor_usage":[16,18,19,24,30,30,30],"damage_taken":[{"damage":2,"enemies":"Small Slimes","floor":1,"turns":4},{"damage":25,"enemies":"Gremlin Nob","floor":7,"turns":5},{"damage":2,"enemies":"Replay:BlueRogue","floor":11,"turns":9},{"damage":0,"enemies":"Cultist","floor":12,"turns":3},{"damage":0,"enemies":"infinitespire:Voidling","floor":14,"turns":4},{"damage":28,"enemies":"Fading Forest","floor":16,"turns":11},{"damage":18,"enemies":"3 Byrds","floor":18,"turns":5},{"damage":15,"enemies":"Shell Parasite","floor":19,"turns":4},{"damage":0,"enemies":"Snecko","floor":20,"turns":3},{"damage":0,"enemies":"Replay:Snechameleon","floor":24,"turns":3},{"damage":0,"enemies":"Snake Plant","floor":25,"turns":1},{"damage":0,"enemies":"Cultist and Chosen","floor":27,"turns":3},{"damage":1,"enemies":"Book of Stabbing","floor":30,"turns":4}],"seed_played":"-3803881678494325323","potions_obtained":[{"floor":11,"key":"SpeedPotion"},{"floor":12,"key":"PowerPotion"},{"floor":14,"key":"AttackPotion"},{"floor":16,"key":"Swift Potion"},{"floor":18,"key":"Strength Potion"},{"floor":19,"key":"Energy Potion"},{"floor":24,"key":"Strength Potion"},{"floor":27,"key":"FearPotion"}],"is_trial":false,"path_per_floor":["M","?","$","$","?","R","E","?","T","R","E","M","R","M","R","B",null,"M","M","M","?","?","R","E","M","T","M","?","$","E"],"character_chosen":"THE_SERVANT","items_purchased":["Rearm","Rearm+1","MurderousAura"],"campfire_rested":1,"item_purchase_floors":[3,4,29],"current_hp_per_floor":[69,69,69,69,77,77,52,52,52,75,73,73,73,79,79,51,87,69,54,54,54,1,1,1,1,1,1,1,1,0,0],"gold":280,"neow_bonus":"TEN_PERCENT_HP_BONUS","is_daily":false,"chose_seed":false,"campfire_upgraded":4,"win_rate":0.0,"timestamp":1613175080,"path_taken":["M","?","?","$","?","R","E","?","T","R","E","M","R","M","R","BOSS","M","M","?","?","?","R","E","M","T","M","?","$","E"],"items_purchased_type":["Card","Card","Card"],"build_version":"2020-12-22","purchased_purges":0,"victory":false,"max_hp_per_floor":[71,71,71,71,79,79,79,79,79,79,79,79,79,79,79,79,87,87,87,87,87,1,1,1,1,1,1,1,1,1,1],"card_choices":[{"not_picked":["ShiftingGears","Starlight"],"picked":"ShatteredReality","floor":1},{"not_picked":["Spin","FastForward"],"picked":"Barrier","floor":7},{"not_picked":["Gouge","Advance"],"picked":"BestPractice","floor":11},{"not_picked":["Replace","TimeWarp"],"picked":"Contraction","floor":12},{"not_picked":["Unruled","Barrier"],"picked":"Collapse","floor":14},{"not_picked":["SoulSculpture","Sunlight"],"picked":"KillingDoll","floor":16},{"not_picked":["Potential+1","Defy+1"],"picked":"SilverBlades","floor":18},{"not_picked":["StarChef+1","Replace"],"picked":"Spin","floor":19},{"not_picked":["BottledTime","Advance"],"picked":"Reset+1","floor":20},{"not_picked":["hubris:SpiceAddiction","StarChef+1"],"picked":"Defy","floor":24},{"not_picked":["Rearm","Defy"],"picked":"DoubleEdge","floor":25},{"not_picked":["hubris:SpiceAddiction","hubris:SpiceAddiction"],"picked":"Revamp+1","floor":27}],"player_experience":610225,"relics_obtained":[{"floor":5,"key":"hubris:Spice"},{"floor":7,"key":"infinitespire:EmpoweringShard"},{"floor":11,"key":"Bottled Lightning"},{"floor":24,"key":"Simple Rune"},{"floor":26,"key":"Potion Belt"},{"floor":28,"key":"Ring of Hypnosis"},{"floor":28,"key":"Ring of Fangs"}],"event_choices":[{"damage_healed":0,"gold_gain":0,"player_choice":"Upgraded","damage_taken":0,"max_hp_gain":0,"max_hp_loss":0,"event_name":"Upgrade Shrine","floor":2,"gold_loss":0,"cards_upgraded":["KidneyShot"]},{"damage_healed":0,"gold_gain":0,"player_choice":"2 cards matched","damage_taken":0,"max_hp_gain":0,"max_hp_loss":0,"event_name":"Match and Keep!","floor":8,"gold_loss":0,"cards_obtained":["KidneyShot","Shuttle"]},{"damage_healed":0,"gold_gain":0,"player_choice":"2 cards matched","damage_taken":0,"max_hp_gain":0,"max_hp_loss":0,"event_name":"Match and Keep!","floor":8,"gold_loss":0,"cards_obtained":["KidneyShot","Shuttle"]}],"is_beta":false,"boss_relics":[{"not_picked":["Snecko Eye","Ring of Chaos"],"picked":"hubris:Spice"}],"items_purged_floors":[],"is_endless":false,"potions_floor_spawned":[11,12,14,16,18,19,24,27],"killed_by":"Book of Stabbing","ascension_level":0}}