{"host":"dh4nu8nelr2izibb","time":1613248666,"event":{"mods":["BaseMod","Better Skull","Better Third Choice","Card Filter","Card Forge","Curses Come First","Displayed Cursed Tome","HololiveMod","Marisa????????","Minty Spire (QoL Compilation)","Poor People Problems","Quick Restart","Relic Filter","Reliquary","StSLib","The Servant 0.9.4","WarShipGirlsR/????R mod","Yakumo Yukari mod"],"gold_per_floor":[112,123,71,81,98,98,98,113,113,123,150,162,162,180,180,277,277,289,300,300,316,11,46,46,59,134,148,183,183,216,216,216,216,216],"floor_reached":33,"language":"ENG","playtime":1422,"items_purged":["rmod:strick"],"score":640,"play_id":"b78578e9-f987-4a47-a183-5b28780e1378","local_time":"20210213153746","is_ascension_mode":true,"campfire_choices":[{"data":"rmod:maingunfire","floor":6.0,"key":"SMITH"},{"data":"1","floor":13.0,"key":"LIFT"},{"data":"2","floor":15.0,"key":"LIFT"},{"floor":24.0,"key":"REST"},{"data":"rmod:acesubmarine","floor":29,"key":"SMITH"},{"data":"rmod:maintain","floor":32,"key":"SMITH"}],"circlet_count":0,"master_deck":["AscendersBane","rmod:strick","rmod:strick","rmod:strick","rmod:defend","rmod:defend","rmod:defend","rmod:defend","rmod:basicallowance+1","rmod:maingunfire+1","rmod:overbreakdown","rmod:firesupport","rmod:aviationdawn+1","rmod:goodfighter","rmod:windflower","rmod:guardianhero","rmod:highspeedmaneuver","rmod:gendarmerie+1","rmod:combined","rmod:acesubmarine+1","rmod:concentratefire+1","Blind+1","rmod:generalist+1","rmod:abidefaith","rmod:maintain+1"],"relics":["rmod:firstchargereward","Hammer of Thor","Seething Fire","Anvil of the Gods","Nunchaku","Girya","Bag of Marbles","reliquary:KinkedSpring","White Beast Statue","reliquary:PrincelyHelmet","Toy Ornithopter","reliquary:PorcupineQuills","Toxic Egg 2"],"acts_visited":["Exordium","TheCity"],"potions_floor_usage":[33,33],"damage_taken":[{"damage":0.0,"enemies":"Cultist","floor":1.0,"turns":3.0},{"damage":0.0,"enemies":"Small Slimes","floor":2.0,"turns":3.0},{"damage":2.0,"enemies":"Jaw Worm","floor":4.0,"turns":2.0},{"damage":0.0,"enemies":"2 Fungi Beasts","floor":5.0,"turns":3.0},{"damage":0.0,"enemies":"Exordium Wildlife","floor":7.0,"turns":1.0},{"damage":9.0,"enemies":"Exordium Thugs","floor":8.0,"turns":4.0},{"damage":5.0,"enemies":"Blue Slaver","floor":10.0,"turns":3.0},{"damage":22.0,"enemies":"Lagavulin","floor":11.0,"turns":5.0},{"damage":0.0,"enemies":"3 Louse","floor":12.0,"turns":2.0},{"damage":4.0,"enemies":"Gremlin Gang","floor":14.0,"turns":3.0},{"damage":0.0,"enemies":"The Guardian","floor":16.0,"turns":10.0},{"damage":0.0,"enemies":"Spheric Guardian","floor":18.0,"turns":1.0},{"damage":5.0,"enemies":"3 Byrds","floor":19.0,"turns":3.0},{"damage":15.0,"enemies":"3 Cultists","floor":21.0,"turns":5.0},{"damage":21.0,"enemies":"Slavers","floor":23.0,"turns":6.0},{"damage":4.0,"enemies":"Shelled Parasite and Fungi","floor":25.0,"turns":4.0},{"damage":0.0,"enemies":"Centurion and Healer","floor":27.0,"turns":3.0},{"damage":0.0,"enemies":"Gremlin Leader","floor":28.0,"turns":5.0},{"damage":0,"enemies":"Slavers","floor":30,"turns":3},{"damage":67,"enemies":"Collector","floor":33,"turns":7}],"seed_played":"40554883795789931","potions_obtained":[{"floor":2.0,"key":"SmokeBomb"},{"floor":5.0,"key":"Fruit Juice"},{"floor":10.0,"key":"Energy Potion"},{"floor":11.0,"key":"DuplicationPotion"},{"floor":19.0,"key":"Weak Potion"},{"floor":23.0,"key":"Fire Potion"},{"floor":28.0,"key":"ColorlessPotion"}],"is_trial":false,"path_per_floor":["M","M","$","M","M","R","M","M","T","M","E","M","R","M","R","B",null,"M","M","T","M","$","E","R","M","T","M","E","R","E","?","R","B"],"character_chosen":"PRAEFECT","items_purchased":["rmod:aviationdawn","rmod:acesubmarine","rmod:concentratefire","Blind"],"campfire_rested":1,"item_purchase_floors":[3,22,22,22],"current_hp_per_floor":[68,68,68,66,66,66,71,62,62,57,35,35,35,31,31,31,68,68,63,63,48,48,27,51,47,47,47,47,47,47,47,47,0,0],"gold":216,"neow_bonus":"RANDOM_COMMON_RELIC","is_daily":false,"chose_seed":false,"campfire_upgraded":3,"win_rate":0.0,"timestamp":1613248666,"path_taken":["M","M","?","M","M","R","M","M","T","M","E","M","R","M","R","BOSS","M","M","?","M","$","E","R","M","T","M","E","R","E","?","R","BOSS"],"items_purchased_type":["Card","Card","Card","Card"],"build_version":"2020-12-22","purchased_purges":1,"victory":false,"max_hp_per_floor":[75,75,75,75,75,75,80,80,80,80,80,80,80,80,80,80,80,80,80,80,80,80,80,80,80,80,80,80,80,80,80,80,80,80],"card_choices":[{"not_picked":["rmod:ammunitionsupply","rmod:goodfighter"],"picked":"rmod:overbreakdown","floor":1.0},{"not_picked":["rmod:diamondstrike","rmod:sl"],"picked":"rmod:firesupport","floor":2.0},{"not_picked":["rmod:salvage","rmod:chargemoney","rmod:firesupport"],"picked":"SKIP","floor":4.0},{"not_picked":["rmod:royalracing","rmod:victimresponsibility"],"picked":"rmod:goodfighter","floor":5.0},{"not_picked":["rmod:fuelsupply","rmod:fletcher","rmod:ammunitionsupply"],"picked":"SKIP","floor":8.0},{"not_picked":["rmod:salvage","rmod:steelsupply","rmod:fletcherpendant"],"picked":"SKIP","floor":10.0},{"not_picked":["rmod:ring","rmod:circuitoustactics","rmod:combined"],"picked":"SKIP","floor":11.0},{"not_picked":["rmod:victimresponsibility","rmod:intelligenceanalysis"],"picked":"rmod:windflower","floor":12.0},{"not_picked":["rmod:steelsupply","rmod:wife"],"picked":"rmod:guardianhero","floor":14.0},{"not_picked":["rmod:desperatesituation","rmod:expeditionaryescort"],"picked":"rmod:highspeedmaneuver","floor":16.0},{"not_picked":["rmod:intelligenceanalysis","rmod:victimresponsibility+1"],"picked":"rmod:gendarmerie+1","floor":18.0},{"not_picked":["rmod:highspeedshooting","rmod:ring+1"],"picked":"rmod:combined","floor":19.0},{"not_picked":["rmod:sl","rmod:supportescort","rmod:highspeedshooting"],"picked":"SKIP","floor":21.0},{"not_picked":["rmod:ammunitionsupply","rmod:overbreakdown"],"picked":"rmod:generalist+1","floor":23.0},{"not_picked":["rmod:highspeedshooting","rmod:openingtorpedo","rmod:aviationdawn"],"picked":"SKIP","floor":25.0},{"not_picked":["rmod:highspeedshooting","rmod:wife","rmod:combined"],"picked":"SKIP","floor":27.0},{"not_picked":["rmod:goodsister","rmod:intelligenceanalysis+1"],"picked":"rmod:abidefaith","floor":28.0},{"not_picked":["rmod:unsinkable","rmod:circuitoustactics+1"],"picked":"rmod:maintain","floor":30}],"player_experience":1175838,"relics_obtained":[{"floor":9.0,"key":"Girya"},{"floor":11.0,"key":"Bag of Marbles"},{"floor":23.0,"key":"White Beast Statue"},{"floor":26.0,"key":"reliquary:PrincelyHelmet"},{"floor":28.0,"key":"Toy Ornithopter"},{"floor":30,"key":"reliquary:PorcupineQuills"}],"event_choices":[{"damage_healed":0,"gold_gain":0,"player_choice":"Opened","damage_taken":0,"relics_obtained":["Toxic Egg 2"],"max_hp_gain":0,"max_hp_loss":0,"event_name":"The Mausoleum","floor":31,"gold_loss":0}],"is_beta":false,"boss_relics":[{"not_picked":["Hololive_TopUpMoneyS","Runic Dome"],"picked":"reliquary:KinkedSpring"}],"items_purged_floors":[22],"is_endless":false,"potions_floor_spawned":[2,5,7,10,11,19,23,25,27,28,30],"killed_by":"Collector","ascension_level":11}}