{"host":"eaiphzh066bwqdh7","time":1613229179,"event":{"mods":["BaseMod","Better Note","Halation","Hubris","Minty Spire (QoL Compilation)","Reliquary","Replay The Spire","StSLib"],"gold_per_floor":[119,131,147,117,131,131,131,131,131,156,156,175,175,175,175,277,277,297,70,84,84,84,84],"floor_reached":22,"language":"ENG","playtime":608,"items_purged":["Looming Evil"],"score":221,"play_id":"ecd04dee-61fe-4037-adc0-f2c9702d75ff","local_time":"20210213101259","is_ascension_mode":true,"campfire_choices":[{"data":"Rupture","floor":6,"key":"SMITH"},{"data":"Evolve","floor":8,"key":"SMITH"},{"floor":11,"key":"REST"},{"data":"Flame Barrier","floor":13,"key":"SMITH"},{"floor":15,"key":"REST"}],"circlet_count":0,"master_deck":["Strike_R","Strike_R","Strike_R","Strike_R","Strike_R","Defend_R","Defend_R","Defend_R","Defend_R","Bash","Flex","Evolve+1","Rupture+1","Hemogenesis+1","Flame Barrier+1","Demon Form","Dark Embrace+1","Cleave+1"],"relics":["Burning Blood","NeowsBlessing","Ring of Searing","reliquary:RedPaperclip","Red Skull","Eternal Feather"],"acts_visited":["Exordium","TheCity"],"potions_floor_usage":[12,20,22],"damage_taken":[{"damage":0,"enemies":"Jaw Worm","floor":1,"turns":1},{"damage":0,"enemies":"Small Slimes","floor":2,"turns":1},{"damage":0,"enemies":"Cultist","floor":3,"turns":1},{"damage":7,"enemies":"Looter","floor":4,"turns":4},{"damage":12,"enemies":"3 Louse","floor":5,"turns":4},{"damage":30,"enemies":"Replay:BlueRogue","floor":10,"turns":7},{"damage":12,"enemies":"2 Fungi Beasts","floor":12,"turns":3},{"damage":69,"enemies":"The Guardian","floor":16,"turns":12},{"damage":62,"enemies":"3 Byrds","floor":18,"turns":6},{"damage":28,"enemies":"Spheric Guardian","floor":20,"turns":5},{"damage":18,"enemies":"Centurion and Healer","floor":22,"turns":4}],"seed_played":"-5204373053125183478","potions_obtained":[{"floor":3,"key":"Elixir"},{"floor":5,"key":"Fire Potion"},{"floor":10,"key":"Swift Potion"},{"floor":20,"key":"FearPotion"}],"is_trial":false,"path_per_floor":["M","M","M","M","M","R","?","R","T","E","R","M","R","?","R","B",null,"M","$","M","?","M"],"character_chosen":"IRONCLAD","items_purchased":["Red Skull"],"campfire_rested":2,"item_purchase_floors":[19],"current_hp_per_floor":[80,80,80,79,73,73,73,73,73,49,73,67,67,67,80,31,80,32,32,10,10,0,0],"gold":84,"neow_bonus":"THREE_ENEMY_KILL","is_daily":false,"chose_seed":false,"campfire_upgraded":3,"win_rate":0.0,"timestamp":1613229179,"path_taken":["M","M","M","M","M","R","?","R","T","E","R","M","R","?","R","BOSS","M","$","M","?","?"],"items_purchased_type":["Relic"],"build_version":"2020-12-22","purchased_purges":1,"victory":false,"max_hp_per_floor":[80,80,80,80,80,80,80,80,80,80,80,80,80,80,80,80,80,80,80,80,80,80,80],"card_choices":[{"not_picked":["Disarm","Dual Wield"],"picked":"Flex","floor":1},{"not_picked":["Intimidate","Clothesline","Run Through"],"picked":"SKIP","floor":2},{"not_picked":["Dark Embrace","Warcry","Body Slam"],"picked":"SKIP","floor":3},{"not_picked":["Entrench","Infernal Blade"],"picked":"Evolve","floor":4},{"not_picked":["Havoc","Searing Blow"],"picked":"Rupture","floor":5},{"not_picked":["ReplayTheSpireMod:Strike From Hell","Perfected Strike"],"picked":"Hemogenesis","floor":10},{"not_picked":["Evolve","hubris:ReadiedAction"],"picked":"Flame Barrier","floor":12},{"not_picked":["Berserk","hubris:StunningStrike"],"picked":"Demon Form","floor":16},{"not_picked":["ReplayTheSpireMod:Limb From Limb+1","Sword Boomerang+1"],"picked":"Dark Embrace+1","floor":18},{"not_picked":["Wild Strike","Battle Trance"],"picked":"Cleave+1","floor":20}],"player_experience":302600,"relics_obtained":[{"floor":7,"key":"Ring of Searing"},{"floor":9,"key":"reliquary:TridentHead"},{"floor":10,"key":"Omamori"},{"floor":21,"key":"Eternal Feather"}],"event_choices":[{"damage_healed":0,"gold_gain":0,"player_choice":"Relic","damage_taken":0,"max_hp_gain":0,"max_hp_loss":0,"event_name":"Wheel of Change","floor":21,"gold_loss":0}],"is_beta":false,"boss_relics":[{"not_picked":["halation:Prosthetics","SacredBark"],"picked":"reliquary:RedPaperclip"}],"items_purged_floors":[19],"is_endless":false,"potions_floor_spawned":[3,5,10,20],"killed_by":"Centurion and Healer","ascension_level":4}}