{"host":"0awa854l6bexpjrv","time":1613200502,"event":{"mods":["BaseMod","Block Reminder","Colored Map","Colored Powertips","Downfall","Highlight Path","Minty Spire (QoL Compilation)","Quick Restart","Rare Cards Sparkle","StSLib","SuperFastMode"],"gold_per_floor":[99,117,127,30,87,87,158,173,184,284,459,459,57,72,88,190,190,190,202,202,52,52,64,90,90,75,87,100,85,85,114,127,225,225,225,235,1,1,14,14,41,51,51,71,71,96,96,96,106,106],"floor_reached":51,"language":"ENG","playtime":5406,"items_purged":["Doubt","Guardian:Strike_Guardian"],"score":745,"play_id":"349b6ad7-2eaf-475d-ac32-99c53821c51e","local_time":"20210212231502","is_ascension_mode":true,"campfire_choices":[{"data":"Guardian:VentSteam","floor":1.0,"key":"SMITH"},{"data":"Guardian:TwinSlam","floor":12.0,"key":"SMITH"},{"data":"Guardian:Suspension","floor":18.0,"key":"SMITH"},{"floor":25.0,"key":"REST"},{"floor":30.0,"key":"REST"},{"floor":35.0,"key":"REST"},{"floor":40.0,"key":"RECALL"},{"floor":43.0,"key":"REST"},{"floor":45.0,"key":"REST"},{"floor":47.0,"key":"REST"}],"circlet_count":0,"master_deck":["Guardian:Strike_Guardian","Guardian:Strike_Guardian","Guardian:Strike_Guardian","Guardian:Defend_Guardian","Guardian:Defend_Guardian","Guardian:Defend_Guardian","Guardian:Defend_Guardian","Guardian:CurlUp","Guardian:TwinSlam+1","Guardian:VentSteam+1","Guardian:ArmoredProtocol","Guardian:BronzeOrb","Guardian:ConstructionForm","Guardian:CompilePackage","Guardian:RollAttack","Guardian:Repulse+1","Guardian:DonusPower","Guardian:Orbwalk+1","Guardian:GuardianWhirl","Guardian:ConstructionForm+1","Guardian:Suspension+1","Guardian:HyperBeam_Guardian","Guardian:Incinerate+1","RitualDagger","Ghostly","downfall:Malfunctioning","Guardian:ShieldSpikes","Guardian:EvasiveProtocol+1","Guardian:WalkerClaw","Guardian:GatlingBeam","Guardian:Recover","Guardian:StasisStrike","Guardian:WalkerClaw","Guardian:TemporalShield+1","expansioncontent:PrepareCrush","expansioncontent:YouAreMine","expansioncontent:HyperBeam","Injury","Guardian:ArmoredProtocol+1","Shame","Parasite"],"relics":["Guardian:ModeShifter","Meat on the Bone","Frozen Egg 2","White Beast Statue","Strawberry","Cursed Key","Bag of Preparation","Guardian:DefensiveModeMoreBlock","Fusion Hammer","Dead Branch","PreservedInsect","Vajra","Ginger","InkBottle"],"acts_visited":["Exordium","TheCity","TheBeyond"],"potions_floor_usage":[50,50],"damage_taken":[{"damage":2.0,"enemies":"2 Louse","floor":2.0,"turns":3.0},{"damage":6.0,"enemies":"Jaw Worm","floor":3.0,"turns":5.0},{"damage":0.0,"enemies":"downfall:FleeingMerchant","floor":4.0,"turns":4.0},{"damage":4.0,"enemies":"3 Sentries","floor":5.0,"turns":8.0},{"damage":0.0,"enemies":"Small Slimes","floor":8.0,"turns":4.0},{"damage":0.0,"enemies":"Exordium Wildlife","floor":9.0,"turns":3.0},{"damage":6.0,"enemies":"downfall:FleeingMerchant","floor":13.0,"turns":4.0},{"damage":11.0,"enemies":"3 Louse","floor":14.0,"turns":3.0},{"damage":2.0,"enemies":"Blue Slaver","floor":15.0,"turns":7.0},{"damage":8.0,"enemies":"IC_STATUS_ARCHETYPE","floor":16.0,"turns":9.0},{"damage":42.0,"enemies":"3 Byrds","floor":19.0,"turns":5.0},{"damage":0.0,"enemies":"Chosen","floor":23.0,"turns":4.0},{"damage":0.0,"enemies":"downfall:FleeingMerchant","floor":26.0,"turns":4.0},{"damage":3.0,"enemies":"Snake Plant","floor":27.0,"turns":5.0},{"damage":13.0,"enemies":"Shelled Parasite and Fungi","floor":28.0,"turns":3.0},{"damage":0.0,"enemies":"downfall:FleeingMerchant","floor":29.0,"turns":4.0},{"damage":0.0,"enemies":"Book of Stabbing","floor":31.0,"turns":7.0},{"damage":0.0,"enemies":"Snecko","floor":32.0,"turns":5.0},{"damage":18.0,"enemies":"SI_MIRROR_ARCHETYPE","floor":33.0,"turns":7.0},{"damage":0.0,"enemies":"3 Shapes","floor":36.0,"turns":4.0},{"damage":0.0,"enemies":"downfall:FleeingMerchant","floor":37.0,"turns":2.0},{"damage":0.0,"enemies":"3 Darklings","floor":39.0,"turns":4.0},{"damage":9.0,"enemies":"4 Shapes","floor":42.0,"turns":2.0},{"damage":10.0,"enemies":"Transient","floor":44.0,"turns":5.0},{"damage":35.0,"enemies":"Giant Head","floor":46.0,"turns":9.0},{"damage":0,"enemies":"Writhing Mass","floor":49,"turns":5},{"damage":46,"enemies":"DF_ARCHETYPE_ORBS","floor":50,"turns":8}],"seed_played":"879943695025544118","potions_obtained":[{"floor":2.0,"key":"bronze:BurnAndBuffPotion"},{"floor":8.0,"key":"Ancient Potion"},{"floor":9.0,"key":"hexamod:SoulburnPotion"},{"floor":13.0,"key":"BlessingOfTheForge"},{"floor":14.0,"key":"CultistPotion"},{"floor":16.0,"key":"Dexterity Potion"},{"floor":19.0,"key":"DistilledChaos"},{"floor":23.0,"key":"LiquidBronze"},{"floor":28.0,"key":"DistilledChaos"},{"floor":32.0,"key":"Ancient Potion"},{"floor":33.0,"key":"LiquidBronze"},{"floor":36.0,"key":"CultistPotion"},{"floor":37.0,"key":"bronze:BurnAndBuffPotion"},{"floor":46.0,"key":"FairyPotion"}],"is_trial":false,"path_per_floor":["R","M","M","$","?","?","T","M","M","?","?","R","$","M","M","B",null,"R","M","?","?","?","M","T","R","$","M","M","$","R","E","M","B",null,"R","M","$","?","M","R","T","M","R","M","R","E","R","?","M","B",null],"character_chosen":"GUARDIAN","items_purchased":["Guardian:CompilePackage","Guardian:Orbwalk+1","Guardian:GuardianWhirl","Strawberry","Dead Branch","PreservedInsect","Guardian:Gem_Red"],"campfire_rested":6,"item_purchase_floors":[4,13,13,13,37,37,37],"current_hp_per_floor":[80,78,72,72,68,61,61,61,61,61,61,61,62,51,49,53,87,87,45,39,39,39,51,51,77,77,74,61,61,87,87,87,69,87,87,87,87,77,77,77,77,68,87,77,87,52,78,78,78,44],"gold":106,"neow_bonus":"THREE_CARDS","is_daily":false,"chose_seed":false,"campfire_upgraded":3,"win_rate":0.0,"timestamp":1613200502,"path_taken":["R","M","M","$","?","?","T","M","M","?","?","R","$","M","M","BOSS","R","M","?","?","?","M","T","R","$","M","?","$","R","E","M","BOSS","R","M","$","?","M","R","T","M","R","M","R","E","R","?","M","BOSS"],"items_purchased_type":["Card","Card","Card","Relic","Relic","Relic","Card"],"build_version":"2020-12-22","purchased_purges":2,"victory":true,"max_hp_per_floor":[80,80,80,80,80,80,80,80,80,80,80,80,87,87,87,87,87,87,87,87,87,87,87,87,87,87,87,87,87,87,87,87,87,87,87,87,87,87,87,87,87,87,87,87,87,87,87,87,87,87],"card_choices":[{"not_picked":["Guardian:Suspension","Guardian:Gem_Purple"],"picked":"Guardian:VentSteam","floor":0.0},{"not_picked":["Guardian:PiercingHide","Guardian:Orbwalk"],"picked":"Guardian:ArmoredProtocol","floor":2.0},{"not_picked":["Guardian:Harden","Guardian:FloatingOrbs"],"picked":"Guardian:BronzeOrb","floor":3.0},{"not_picked":["Guardian:BronzeArmor","Guardian:VentSteam"],"picked":"Guardian:ConstructionForm","floor":4.0},{"not_picked":["Guardian:DecasProtection","Guardian:TimeBomb"],"picked":"Guardian:RollAttack","floor":5.0},{"not_picked":["Guardian:ArmoredProtocol+1","Guardian:Reroute"],"picked":"Guardian:Gem_Crimson","floor":8.0},{"not_picked":["Guardian:ChargeCore","Guardian:Gem_Lightblue"],"picked":"Guardian:Repulse+1","floor":9.0},{"not_picked":["Guardian:Gem_Lightblue","Guardian:VentSteam"],"picked":"Guardian:DonusPower","floor":13.0},{"not_picked":["Guardian:Gem_Fragmented","Guardian:Clone"],"picked":"Guardian:ConstructionForm+1","floor":14.0},{"not_picked":["Guardian:Gem_Red","Guardian:CrystalBeam"],"picked":"Guardian:Suspension","floor":15.0},{"not_picked":["Guardian:StasisField","Guardian:FastForward"],"picked":"Guardian:HyperBeam_Guardian","floor":16.0},{"not_picked":["Guardian:Recover","Guardian:Planning"],"picked":"Guardian:Incinerate+1","floor":19.0},{"not_picked":["Guardian:Repulse+1","Guardian:Clone","Guardian:Planning"],"picked":"SKIP","floor":23.0},{"not_picked":["Guardian:TemporalStrike+1","Guardian:Emergency"],"picked":"Guardian:ShieldSpikes","floor":26.0},{"not_picked":["Guardian:Suspension+1","Guardian:PrismaticBeam"],"picked":"Guardian:EvasiveProtocol+1","floor":27.0},{"not_picked":["Guardian:Suspension","Guardian:Gem_Green"],"picked":"Guardian:WalkerClaw","floor":28.0},{"not_picked":["Guardian:DecasProtection+1","Guardian:ShieldCharger+1"],"picked":"Guardian:GatlingBeam","floor":29.0},{"not_picked":["Guardian:Gem_Red","Guardian:PrimingBeam"],"picked":"Guardian:Gem_Yellow","floor":31.0},{"not_picked":["Guardian:Reroute","Guardian:PrimingBeam"],"picked":"Guardian:Recover","floor":32.0},{"not_picked":["Guardian:ExploitGems","Guardian:FastForward"],"picked":"Guardian:StasisStrike","floor":33.0},{"not_picked":["Guardian:VentSteam+1","Guardian:Planning"],"picked":"Guardian:WalkerClaw","floor":36.0},{"not_picked":["Guardian:RollAttack+1","Guardian:Recover+1"],"picked":"Guardian:TemporalShield+1","floor":37.0},{"not_picked":["expansioncontent:LastStand","expansioncontent:HyperBeam"],"picked":"expansioncontent:PrepareCrush","floor":38.0},{"not_picked":["expansioncontent:Chronoboost","expansioncontent:PrepareCrush"],"picked":"expansioncontent:YouAreMine","floor":38.0},{"not_picked":["expansioncontent:PrepareCrush","expansioncontent:LastStand"],"picked":"expansioncontent:HyperBeam","floor":38.0},{"not_picked":["Guardian:Suspension","Guardian:Reroute","Guardian:EvasiveProtocol+1"],"picked":"SKIP","floor":39.0},{"not_picked":["Guardian:TemporalStrike","Guardian:PrimingBeam+1","Guardian:BronzeArmor"],"picked":"SKIP","floor":42.0},{"not_picked":["Guardian:BronzeOrb+1","Guardian:RevengeProtocol+1"],"picked":"Guardian:Gem_Purple","floor":44.0},{"not_picked":["Guardian:ChargeCore","Guardian:Gem_Cyan"],"picked":"Guardian:ArmoredProtocol+1","floor":46.0},{"not_picked":["Guardian:WalkerClaw+1","Guardian:VentSteam+1","Guardian:PrismaticBarrier"],"picked":"SKIP","floor":49}],"player_experience":758733,"relics_obtained":[{"floor":5.0,"key":"Meat on the Bone"},{"floor":7.0,"key":"White Beast Statue"},{"floor":24.0,"key":"Bag of Preparation"},{"floor":31.0,"key":"Guardian:DefensiveModeMoreBlock"},{"floor":41.0,"key":"Vajra"},{"floor":46.0,"key":"Ginger"},{"floor":48,"key":"InkBottle"}],"event_choices":[{"damage_healed":0.0,"max_hp_gain":0.0,"max_hp_loss":0.0,"gold_gain":0.0,"event_name":"Scrap Ooze","player_choice":"Success","floor":6.0,"gold_loss":0.0,"damage_taken":7.0,"relics_obtained":["Frozen Egg 2"]}],"is_beta":false,"boss_relics":[{"not_picked":["Velvet Choker","Empty Cage"],"picked":"Cursed Key"},{"not_picked":["Coffee Dripper","Astrolabe"],"picked":"Fusion Hammer"}],"items_purged_floors":[13,37],"is_endless":false,"potions_floor_spawned":[2,8,9,13,14,15,16,19,23,26,27,28,29,31,32,33,36,37,39,42,44,46,49],"ascension_level":1}}