{"host":"xxl27ehzxw6j4k3y","time":1613215859,"event":{"mods":["Act Like it!","Alarm Clock","Aspiration","BaseMod","Better Altar","Better Match","Better Note","Better Sensory Stone","Better Skull","Better Third Choice","BetterRewards","Card Forge","Conspire","Displayed Cursed Tome","Hermit","Hubris","Minty Spire (QoL Compilation)","Quick Restart","Shop Mod","Spicy Shops","StSLib","SuperFastMode","Transform Curses"],"gold_per_floor":[113,188,199,31,42,42,72,72,140,140,140,55,87,87,87,87,87],"floor_reached":16,"language":"ENG","playtime":521,"items_purged":[],"score":312,"play_id":"31247ad6-dc29-4168-a6e6-032964c665d0","local_time":"20210213123059","is_ascension_mode":true,"campfire_choices":[{"data":"Dualcast","floor":6,"key":"SMITH"},{"data":"Zap","floor":8,"key":"SMITH"},{"data":"Apotheosis","floor":15,"key":"SMITH"}],"circlet_count":0,"master_deck":["AscendersBane","Strike_B","Strike_B","Strike_B","Strike_B","Defend_B","Defend_B","Defend_B","Defend_B","Zap+1","Dualcast+1","Cold Snap","Coolheaded","Coolheaded","Gash","aspiration:Polymerization","Storm","Hologram","Apotheosis+1"],"relics":["Cracked Core","Hammer of Thor","Seething Fire","Anvil of the Gods","Sling","Blood Vial","Boot","Orichalcum","PreservedInsect","conspire:Dentures","hubris:Towel","aspiration:Lifesprig"],"acts_visited":["Exordium"],"potions_floor_usage":[7],"damage_taken":[{"damage":0,"enemies":"Small Slimes","floor":1,"turns":2},{"damage":0,"enemies":"2 Louse","floor":3,"turns":2},{"damage":0,"enemies":"Cultist","floor":5,"turns":3},{"damage":2,"enemies":"3 Sentries","floor":7,"turns":8},{"damage":16,"enemies":"Gremlin Nob","floor":13,"turns":4},{"damage":48,"enemies":"Hexaghost","floor":16,"turns":14}],"seed_played":"5933183716007285793","potions_obtained":[{"floor":1,"key":"FocusPotion"}],"is_trial":false,"path_per_floor":["M","?","M","$","M","R","E","R","T","?","?","$","E","?","R","B"],"character_chosen":"DEFECT","items_purchased":["Sling","Blood Vial","Boot","Orichalcum","Storm"],"campfire_rested":0,"item_purchase_floors":[0,0,0,4,12],"current_hp_per_floor":[66,55,57,57,59,59,59,59,59,59,59,59,45,45,45,0,0],"gold":87,"neow_bonus":"","is_daily":false,"chose_seed":false,"campfire_upgraded":3,"win_rate":0.0,"timestamp":1613215859,"path_taken":["M","?","M","$","M","R","E","R","T","?","?","$","E","?","R","BOSS"],"items_purchased_type":["Relic","Relic","Relic","Relic","Card"],"build_version":"2020-12-22","purchased_purges":0,"victory":false,"max_hp_per_floor":[71,71,71,71,71,71,71,71,71,71,71,71,71,71,71,71,71],"card_choices":[{"not_picked":["Lockon","Heatsinks"],"picked":"Cold Snap","floor":1},{"not_picked":["Leap","Streamline"],"picked":"Coolheaded","floor":3},{"not_picked":["Turbo","Heatsinks"],"picked":"Coolheaded","floor":5},{"not_picked":["FTL","Stack"],"picked":"Gash","floor":7},{"not_picked":["Undo","Recycle"],"picked":"aspiration:Polymerization","floor":10},{"not_picked":["Consume","Leap"],"picked":"Hologram","floor":13},{"not_picked":["conspire:Banana","Flash of Steel"],"picked":"Apotheosis","floor":14}],"player_experience":571577,"relics_obtained":[{"floor":7,"key":"PreservedInsect"},{"floor":9,"key":"conspire:Dentures"},{"floor":13,"key":"aspiration:Lifesprig"}],"event_choices":[{"damage_healed":0,"gold_gain":75,"player_choice":"Gold","damage_taken":11,"max_hp_gain":0,"max_hp_loss":0,"event_name":"betterThird:BetterGoop","floor":2,"gold_loss":0},{"damage_healed":0,"gold_gain":0,"player_choice":"1","damage_taken":0,"max_hp_gain":0,"max_hp_loss":0,"event_name":"betterMatch:BetterMatch","floor":10,"gold_loss":0,"cards_obtained":["betterMatch:UncommonCard"]},{"damage_healed":0,"gold_gain":1,"player_choice":"1","damage_taken":0,"max_hp_gain":0,"max_hp_loss":0,"event_name":"betterStone:BetterStone","floor":14,"gold_loss":0}],"is_beta":false,"boss_relics":[],"items_purged_floors":[],"is_endless":false,"potions_floor_spawned":[1],"killed_by":"Hexaghost","ascension_level":20}}