{"host":"y2eyj0v2fex095jm","time":1613223630,"event":{"mods":["100% Spire Juice","ATMod(°¢èªMod)","Aspiration","BaseMod","Conspire","Energized Spire","FutureSeer","Good Game Mod","Googly Eyes","Lobotomy","LobotomyExtend","Luminous","Minty Spire (QoL Compilation)","Prisma Mod","Replay The Spire","SIMod","Shop Mod","StSLib","TestMod","The Bug Knight","Waifu the Spire","noobMod","²ÐÁôÖ®Îï"],"gold_per_floor":[112,126,126,3,15,15,15,15,15,15,49,67,67,78,78,183,183,202,253,268,268,268,268,280,280,280,280,299,331,331,331,331,426,426,440,490,490,524,539,539,551,551,551,563,152,162,197,197,197,209,209,209,209],"floor_reached":54,"language":"ZHS","playtime":9319,"items_purged":["PrismaMod:ChloeCommonDefend","PrismaMod:ChloeCommonDefend"],"score":960,"play_id":"c09231e1-3b0d-4875-8aff-6c15f7534dbf","local_time":"20210213214030","is_ascension_mode":false,"campfire_choices":[{"data":"PrismaMod:ChloeGaeBolg","floor":6.0,"key":"SMITH"},{"data":"PrismaMod:ChloeCaladbolg","floor":8.0,"key":"SMITH"},{"data":"PrismaMod:ChloeGreatTracePools","floor":15.0,"key":"SMITH"},{"data":"PrismaMod:ChloeExhaustTwo","floor":23.0,"key":"SMITH"},{"data":"PrismaMod:ChloeCheapDefend","floor":27.0,"key":"SMITH"},{"floor":30.0,"key":"REST"},{"data":"PrismaMod:ChloeUncommonDefend","floor":42,"key":"SMITH"},{"floor":51,"key":"DIG"}],"circlet_count":0,"master_deck":["PrismaMod:ChloeCommonAttack","PrismaMod:ChloeCommonAttack","PrismaMod:ChloeCommonAttack","PrismaMod:ChloeCommonAttack","PrismaMod:ChloeCommonDefend","PrismaMod:ChloeCommonDefend","PrismaMod:ChloeCheapAttack","PrismaMod:ChloeCheapDefend","PrismaMod:ChloeGaeBolg+1","PrismaMod:ChloeCaladbolg+1","PrismaMod:ChloeCheapDefend+1","PrismaMod:ChloeExhaustTwo+1","PrismaMod:IllyaUncommonAOEAttack+1","PrismaMod:ChloeUncommonDefend+1","PrismaMod:ChloeExcalibur+1","PrismaMod:ChloeCarnivalAttack+1","PrismaMod:ChloeExcalibur+1","PrismaMod:ChloeUncommonAttack+1","PrismaMod:ChloeGaeBolg+1","PrismaMod:ChloeEyeOfTheEuryale+1","PrismaMod:ChloeCarnivalAttack+1","PrismaMod:ChloeCommonAttack+1","PrismaMod:ChloeCommonAttack+1","PrismaMod:ChloeCommonAttack+1","PrismaMod:ChloeCommonAttack+1","PrismaMod:ChloeCommonAttack+1","PrismaMod:ChloeCommonDefend","PrismaMod:ChloeCommonDefend","PrismaMod:ChloeCommonDefend","PrismaMod:ChloeCommonDefend","PrismaMod:ChloeCheapAttack+1","PrismaMod:ChloeCheapDefend","PrismaMod:ChloeGaeBolg+1","PrismaMod:ChloeCaladbolg+1","PrismaMod:ChloeCheapDefend","PrismaMod:ChloeExhaustTwo+1","PrismaMod:IllyaUncommonAOEAttack+1","PrismaMod:ChloeGreatTracePools+1","PrismaMod:ChloeUncommonDefend+1","PrismaMod:ChloeExcalibur+1","PrismaMod:ChloeCarnivalAttack+1","PrismaMod:ChloeExcalibur+1","PrismaMod:ChloeUncommonAttack+1","PrismaMod:ChloeGaeBolg+1","PrismaMod:ChloeEyeOfTheEuryale+1","PrismaMod:ChloeCarnivalAttack+1","PrismaMod:ChloeRuleBreaker+1","AT_EmpoweredMortalDraw+1","PrismaMod:ChloeEyeOfTheEuryale+1","PrismaMod:ChloeChristmas+1","PrismaMod:ChloeCarnivalAOEAttack+1","PrismaMod:ChloeCarnivalAOEAttack+1"],"relics":["PrismaMod:PrismaTraceOn","testmod-TestBox","REME:ComplimentaryCards","ice","AT_ATBox","aspiration:Nostalgia","LetterFromLob","Pyrelight","Molten Egg 2","AT_ChloranthyRing","energizedSpire:DeadBattery","HornCleat","AT_TimeSand","testmod-InfectionSource","AT_DeathDance","LaetitiaHeart","AT_MortalBlade","testmod-Maize","Replay:PocketPolymizer","Guide Book","MerchantsRug","Shuriken","Blood Vial"],"acts_visited":["Exordium","TheCity","TheBeyond"],"potions_floor_usage":[],"damage_taken":[{"damage":0.0,"enemies":"Jaw Worm","floor":1.0,"turns":5.0},{"damage":0.0,"enemies":"conspire:RoseBush","floor":2.0,"turns":3.0},{"damage":0.0,"enemies":"Cultist","floor":5.0,"turns":3.0},{"damage":9.0,"enemies":"Replay:BlueRogue","floor":11.0,"turns":5.0},{"damage":0.0,"enemies":"Large Slime","floor":12.0,"turns":4.0},{"damage":0.0,"enemies":"Exordium Thugs","floor":14.0,"turns":4.0},{"damage":33.0,"enemies":"Fading Forest","floor":16.0,"turns":11.0},{"damage":18.0,"enemies":"conspire:FuzzyDice","floor":18.0,"turns":5.0},{"damage":7.0,"enemies":"Chosen","floor":20.0,"turns":2.0},{"damage":3.0,"enemies":"Centurion and Healer","floor":24.0,"turns":2.0},{"damage":0.0,"enemies":"3 Cultists","floor":28.0,"turns":4.0},{"damage":0.0,"enemies":"Book of Stabbing","floor":29.0,"turns":3.0},{"damage":0.0,"enemies":"conspire:MysteriousRune","floor":33.0,"turns":5.0},{"damage":0.0,"enemies":"Orb Walker","floor":35.0,"turns":2.0},{"damage":0.0,"enemies":"Mind Bloom Boss Battle","floor":36.0,"turns":3.0},{"damage":0,"enemies":"conspire:MimicChest","floor":38,"turns":3},{"damage":2,"enemies":"3 Shapes","floor":39,"turns":2},{"damage":0,"enemies":"Maw","floor":41,"turns":4},{"damage":0,"enemies":"Spire Growth","floor":44,"turns":4},{"damage":0,"enemies":"Sphere and 2 Shapes","floor":46,"turns":2},{"damage":0,"enemies":"Reptomancer","floor":47,"turns":3},{"damage":0,"enemies":"Writhing Mass","floor":50,"turns":2},{"damage":64,"enemies":"Time Eater","floor":52,"turns":7}],"seed_played":"6478396248314136463","potions_obtained":[{"floor":1.0,"key":"Explosive Potion"},{"floor":5.0,"key":"DuplicationPotion"},{"floor":18.0,"key":"Strength Potion"},{"floor":35.0,"key":"ColorlessPotion"},{"floor":44,"key":"Energy Potion"},{"floor":46,"key":"AttackPotion"}],"is_trial":false,"path_per_floor":["M","M","?","$","M","R","?","R","T","?","E","M","?","M","R","B",null,"M","?","M","T","?","R","M","?","T","R","M","E","R","M","R","B",null,"M","?","?","?","M","?","M","R","T","M","$","M","E","PTL","PTL","M","R","B",null,null],"character_chosen":"CHLOE","items_purchased":["PrismaMod:ChloeCheapDefend","Guide Book","PrismaMod:ChloeCarnivalAOEAttack+1","MerchantsRug"],"campfire_rested":1,"item_purchase_floors":[4,45,45,45],"current_hp_per_floor":[75,75,75,75,75,75,75,75,75,75,66,66,74,74,74,60,75,57,39,32,32,25,25,22,22,22,22,22,22,44,44,66,66,75,75,75,75,75,73,85,85,85,85,85,85,85,85,85,85,85,85,21,21],"gold":209,"neow_bonus":"NOSTALGIA","is_daily":false,"chose_seed":false,"campfire_upgraded":6,"win_rate":0.0,"timestamp":1613223630,"path_taken":["M","M","?","$","M","R","?","R","T","?","E","?","?","M","R","BOSS","M","?","?","?","?","R","?","?","T","R","M","E","R","M","R","BOSS","M","?","?","?","?","?","M","R","T","M","$","?","E","PTL","PTL","M","R","BOSS"],"items_purchased_type":["Card","Relic","Card","Relic"],"build_version":"2020-12-22","purchased_purges":2,"victory":true,"max_hp_per_floor":[75,75,75,75,75,75,75,75,75,75,75,75,75,75,75,75,75,75,75,75,75,75,75,75,75,75,75,75,75,75,75,75,75,75,75,75,75,75,75,85,85,85,85,85,85,85,85,85,85,85,85,85,85],"card_choices":[{"not_picked":["PrismaMod:ChloeCommonAOEAttack","PrismaMod:ChloeExhaustOne"],"picked":"PrismaMod:ChloeGaeBolg","floor":1.0},{"not_picked":["PrismaMod:ChloeCheapAttackTwo","PrismaMod:ChloeDiscardRecovery"],"picked":"PrismaMod:ChloeCaladbolg","floor":2.0},{"not_picked":["PrismaMod:ChloeUncommonAOEAttack","PrismaMod:ChloeCheapDefendTwo"],"picked":"PrismaMod:ChloeExhaustTwo","floor":5.0},{"not_picked":["PrismaMod:ChloeCommonAOEAttack+1","PrismaMod:ChloeRuleBreaker+1"],"picked":"PrismaMod:ChloeGreatTracePools","floor":11.0},{"not_picked":["PrismaMod:ChloeCommonAOEAttack+1","PrismaMod:ChloeCheapDefend"],"picked":"PrismaMod:ChloeUncommonDefend","floor":12.0},{"not_picked":["PrismaMod:ChloeCheapAttackTwo+1","PrismaMod:ChloeEyeOfTheEuryale+1"],"picked":"PrismaMod:ChloeExcalibur+1","floor":14.0},{"not_picked":["PrismaMod:ChloeAnyCommonTrace","PrismaMod:ChloeCarnivalDefend"],"picked":"PrismaMod:ChloeCarnivalAttack+1","floor":16.0},{"not_picked":["PrismaMod:ChloeChristmas","PrismaMod:ChloeUncommonDefend"],"picked":"PrismaMod:ChloeExcalibur+1","floor":18.0},{"not_picked":["PrismaMod:ChloeDiscardRecovery","PrismaMod:ChloeCommonAOEAttack+1"],"picked":"PrismaMod:ChloeUncommonAttack+1","floor":19.0},{"not_picked":["PrismaMod:ChloeDemonicTutor","PrismaMod:ChloeCheapDefendTwo"],"picked":"PrismaMod:ChloeGaeBolg+1","floor":19.0},{"not_picked":["PrismaMod:ChloeUncommonAOEAttack+1","PrismaMod:ChloeDiscardRecovery"],"picked":"PrismaMod:ChloeEyeOfTheEuryale+1","floor":20.0},{"not_picked":["PrismaMod:ChloeCheapAttackTwo+1","PrismaMod:ChloeCheapAttack+1"],"picked":"PrismaMod:ChloeCarnivalAttack+1","floor":24.0},{"not_picked":["PrismaMod:ChloeCommonAOEAttack+1","PrismaMod:ChloeMordred"],"picked":"PrismaMod:ChloeRuleBreaker+1","floor":28.0},{"not_picked":["PrismaMod:ChloeExhaustTwo","PrismaMod:ChloeDiscardRecovery","PrismaMod:ChloeCheapDefendTwo"],"picked":"SKIP","floor":29.0},{"not_picked":["PrismaMod:ChloeCheapDefend","PrismaMod:ChloeUncommonAttack+1","PrismaMod:ChloeCommonAOEAttack+1"],"picked":"SKIP","floor":35.0},{"not_picked":["PrismaMod:ChloeCheapDefendTwo","PrismaMod:ChloeCheapAttack+1"],"picked":"PrismaMod:ChloeEyeOfTheEuryale+1","floor":36.0},{"not_picked":["PrismaMod:ChloeDiscardRecovery","PrismaMod:ChloeCheapDefendTwo","PrismaMod:ChloeCommonAOEAttack+1"],"picked":"SKIP","floor":39},{"not_picked":["PrismaMod:ChloeDiscardRecovery+1","PrismaMod:ChloeBetterTracePools","PrismaMod:ChloeCheapDefendTwo+1"],"picked":"SKIP","floor":41},{"not_picked":["PrismaMod:ChloeUncommonDefend","PrismaMod:ChloeDemonicTutor+1","PrismaMod:ChloeCaladbolg+1"],"picked":"SKIP","floor":44},{"not_picked":["PrismaMod:ChloeExhaustOne+1","PrismaMod:ChloeUncommonDefend","PrismaMod:ChloeDiscardRecovery+1"],"picked":"SKIP","floor":46},{"not_picked":["PrismaMod:ChloeDemonicTutor+1","PrismaMod:ChloeExhaustOne","PrismaMod:ChloeExhaustTwo"],"picked":"SKIP","floor":47},{"not_picked":["PrismaMod:ChloeBetterTracePools+1","PrismaMod:ChloeCheapDefendTwo+1","PrismaMod:ChloeCommonAOEAttack+1"],"picked":"SKIP","floor":50}],"player_experience":87497,"relics_obtained":[{"floor":1.0,"key":"LetterFromLob"},{"floor":11.0,"key":"AT_ChloranthyRing"},{"floor":19.0,"key":"HornCleat"},{"floor":21.0,"key":"AT_TimeSand"},{"floor":26.0,"key":"testmod-InfectionSource"},{"floor":29.0,"key":"AT_DeathDance"},{"floor":36.0,"key":"testmod-Maize"},{"floor":38,"key":"Replay:PocketPolymizer"},{"floor":43,"key":"Replay:Multitool"},{"floor":47,"key":"Shuriken"},{"floor":51,"key":"Blood Vial"}],"event_choices":[{"cards_removed":["Injury"],"damage_healed":0.0,"max_hp_gain":0.0,"max_hp_loss":0.0,"gold_gain":0.0,"event_name":"Purifier","player_choice":"Purged","floor":10.0,"gold_loss":0.0,"damage_taken":0.0},{"damage_healed":0.0,"max_hp_gain":0.0,"max_hp_loss":0.0,"gold_gain":0.0,"event_name":"Wheel of Change","player_choice":"Damaged","floor":22.0,"gold_loss":0.0,"damage_taken":7.0},{"damage_healed":0.0,"max_hp_gain":0.0,"max_hp_loss":0.0,"gold_gain":0.0,"event_name":"MindBloom","player_choice":"Fight","floor":36.0,"gold_loss":0.0,"damage_taken":0.0},{"damage_healed":0.0,"max_hp_gain":0.0,"max_hp_loss":0.0,"gold_gain":0.0,"event_name":"Tomb of Lord Red Mask","player_choice":"Ignored","floor":37.0,"gold_loss":0.0,"damage_taken":0.0},{"cards_removed":["PrismaMod:ChloeGreatTracePools"],"damage_healed":2,"gold_gain":0,"player_choice":"Offered Rare","damage_taken":0,"max_hp_gain":10,"max_hp_loss":0,"event_name":"Bonfire Elementals","floor":40,"gold_loss":0}],"is_beta":false,"boss_relics":[{"not_picked":["conspire:RoyalGoblet","energizedSpire:OgreHead"],"picked":"energizedSpire:DeadBattery"},{"not_picked":["Tiny House","Kintsugi"],"picked":"AT_MortalBlade"}],"items_purged_floors":[4,45],"is_endless":false,"potions_floor_spawned":[1,5,18,20,24,35,44,46],"ascension_level":0}}