{"host":"kaame4qwxxqnygv7","time":1613210128,"event":{"mods":["AchievementEnabler","BaseMod","Better Match","Better Skull","Better Third Choice","Block Reminder","DeckTracker","Energized Spire","GungeonMod","Minty Spire (QoL Compilation)","Quick Restart","Red Circlet Mod","StSLib","SuperFastMode","The Blue Laboratory"],"gold_per_floor":[119,119,119,194,205,205,217,217,217,232,44,44,44,70,70,173,173,141,141,158,11,11,11,11],"floor_reached":23,"language":"KOR","playtime":708,"items_purged":["Strike_B"],"score":224,"play_id":"bb83e7d9-8a1b-4855-a35e-f70b05bc0866","local_time":"20210213185528","is_ascension_mode":true,"campfire_choices":[{"floor":6.0,"key":"REST"},{"data":"Hologram","floor":8.0,"key":"SMITH"},{"floor":13.0,"key":"REST"},{"floor":15.0,"key":"REST"}],"circlet_count":0,"master_deck":["Strike_B","Strike_B","Defend_B","Defend_B","Defend_B","Defend_B","Zap","Dualcast+1","Hologram+1","Coolheaded","Defragment","Creative AI","Gash","Loop","Self Repair","Capacitor"],"relics":["Cracked Core","Ancient Tea Set","Toy Ornithopter","DemoMod:GnawedKey","DemoMod:WeirdEgg","DemoMod:WaxWing"],"acts_visited":["Exordium","TheCity"],"potions_floor_usage":[18],"damage_taken":[{"damage":6.0,"enemies":"Cultist","floor":1.0,"turns":3.0},{"damage":2.0,"enemies":"Jaw Worm","floor":5.0,"turns":3.0},{"damage":0.0,"enemies":"2 Louse","floor":7.0,"turns":2.0},{"damage":31.0,"enemies":"Exordium Thugs","floor":10.0,"turns":6.0},{"damage":18.0,"enemies":"Lagavulin","floor":14.0,"turns":8.0},{"damage":26.0,"enemies":"The Guardian","floor":16.0,"turns":14.0},{"damage":9,"enemies":"2 Thieves","floor":18,"turns":5},{"damage":23,"enemies":"Shell Parasite","floor":20,"turns":9},{"damage":46,"enemies":"Gremlin Leader","floor":23,"turns":8}],"seed_played":"79185936968536643","potions_obtained":[{"floor":7.0,"key":"Explosive Potion"},{"floor":10.0,"key":"SkillPotion"},{"floor":14.0,"key":"blueLaboratory:PyrophylliteBrew"}],"is_trial":false,"path_per_floor":["M","?","?","?","M","R","M","R","T","M","$","?","R","E","R","B",null,"M","?","M","$","?","E"],"character_chosen":"DEFECT","items_purchased":["DemoMod:GnawedKey","Defragment","Capacitor"],"campfire_rested":3,"item_purchase_floors":[11,11,21],"current_hp_per_floor":[69,51,44,33,31,53,53,53,53,22,22,22,44,31,53,27,75,71,71,48,48,48,2,2],"gold":11,"neow_bonus":"RANDOM_COMMON_RELIC","is_daily":false,"chose_seed":false,"campfire_upgraded":1,"win_rate":0.0,"timestamp":1613210128,"path_taken":["M","?","?","?","?","R","M","R","T","M","$","?","R","E","R","BOSS","M","?","M","$","?","E"],"items_purchased_type":["Relic","Card","Card"],"build_version":"2020-12-22","purchased_purges":1,"victory":false,"max_hp_per_floor":[75,75,75,75,75,75,75,75,75,75,75,75,75,75,75,75,75,75,75,75,75,75,75,75],"card_choices":[{"not_picked":["Steam","Auto Shields","Self Repair"],"picked":"SKIP","floor":1.0},{"not_picked":["Conserve Battery","Hello World","Go for the Eyes"],"picked":"SKIP","floor":5.0},{"not_picked":["Go for the Eyes","Compile Driver"],"picked":"Hologram","floor":7.0},{"not_picked":["Self Repair","Reprogram"],"picked":"Coolheaded","floor":10.0},{"not_picked":["Hello World","Undo","Machine Learning"],"picked":"SKIP","floor":14.0},{"not_picked":["Hyperbeam","Thunder Strike"],"picked":"Creative AI","floor":16.0},{"not_picked":["Stack","Blizzard"],"picked":"Gash","floor":18},{"not_picked":["Reprogram","Streamline"],"picked":"Self Repair","floor":20}],"player_experience":284021,"relics_obtained":[{"floor":14.0,"key":"DemoMod:WeirdEgg"}],"event_choices":[{"damage_healed":0.0,"max_hp_gain":0.0,"max_hp_loss":0.0,"gold_gain":0.0,"event_name":"betterThird:BetterScrap","player_choice":"Relic ","floor":2.0,"gold_loss":0.0,"damage_taken":18.0,"cards_obtained":["Bloodletting"]},{"cards_removed":["Strike_B"],"damage_healed":0.0,"max_hp_gain":0.0,"max_hp_loss":0.0,"gold_gain":0.0,"event_name":"Golden Wing","player_choice":"Card Removal","floor":3.0,"gold_loss":0.0,"damage_taken":7.0},{"damage_healed":0.0,"max_hp_gain":0.0,"max_hp_loss":0.0,"gold_gain":75.0,"event_name":"betterThird:BetterGoop","player_choice":"Gold","floor":4.0,"gold_loss":0.0,"damage_taken":11.0},{"damage_healed":0.0,"max_hp_gain":0.0,"max_hp_loss":0.0,"gold_gain":0.0,"event_name":"Living Wall","player_choice":"Grow","floor":12.0,"gold_loss":0.0,"damage_taken":0.0,"cards_upgraded":["Dualcast"]},{"damage_healed":0,"gold_gain":0,"player_choice":"Read","damage_taken":0,"max_hp_gain":0,"max_hp_loss":0,"event_name":"The Library","floor":19,"gold_loss":0,"cards_obtained":["Loop"]},{"damage_healed":0,"gold_gain":0,"player_choice":"Ignored","damage_taken":0,"max_hp_gain":0,"max_hp_loss":0,"event_name":"Vampires","floor":22,"gold_loss":0}],"is_beta":false,"boss_relics":[{"not_picked":["Empty Cage","Philosopher\u0027s Stone"],"picked":"DemoMod:WaxWing"}],"items_purged_floors":[21],"is_endless":false,"potions_floor_spawned":[7,10,14],"killed_by":"Gremlin Leader","ascension_level":4}}