{"host":"LaserWall","time":1613185723,"event":{"mods":["BaseMod","Minty Spire (QoL Compilation)","Relic Stats"],"gold_per_floor":[361,371,371,9,9,9,9,41,89,103,103,129,36,55,55,156,156,167,167,134,134],"floor_reached":20,"language":"ENG","playtime":815,"items_purged":["Strike_B"],"score":266,"play_id":"461681cb-53f8-4bdc-9d5d-795a5ac64178","local_time":"20210212220843","is_ascension_mode":true,"campfire_choices":[{"floor":6.0,"key":"REST"},{"floor":11.0,"key":"REST"},{"floor":15.0,"key":"REST"}],"circlet_count":0,"master_deck":["Strike_B","Strike_B","Defend_B","Defend_B","Defend_B","Defend_B","Zap","Dualcast","Sunder","Consume+1","Defragment","Steam","Chill","Melter","Go for the Eyes","Doom and Gloom","Seek","Chill"],"relics":["FrozenCore","Membership Card","Bottled Lightning","Letter Opener","Ancient Tea Set","Odd Mushroom"],"acts_visited":["Exordium","TheCity"],"potions_floor_usage":[],"damage_taken":[{"damage":8.0,"enemies":"Jaw Worm","floor":1.0,"turns":4.0},{"damage":0.0,"enemies":"2 Louse","floor":2.0,"turns":2.0},{"damage":28.0,"enemies":"Gremlin Nob","floor":8.0,"turns":4.0},{"damage":0.0,"enemies":"Cultist","floor":10.0,"turns":3.0},{"damage":4.0,"enemies":"The Mushroom Lair","floor":12.0,"turns":4.0},{"damage":7.0,"enemies":"2 Fungi Beasts","floor":14.0,"turns":3.0},{"damage":0.0,"enemies":"Slime Boss","floor":16.0,"turns":6.0},{"damage":1,"enemies":"Spheric Guardian","floor":18,"turns":3},{"damage":13,"enemies":"2 Thieves","floor":20,"turns":5}],"seed_played":"6030798796065846169","potions_obtained":[{"floor":8.0,"key":"FocusPotion"},{"floor":10.0,"key":"Weak Potion"}],"is_trial":false,"path_per_floor":["M","M","?","$","?","R","?","E","T","M","R","?","$","M","R","B",null,"M","?","M"],"character_chosen":"DEFECT","items_purchased":["Membership Card","Bottled Lightning","Defragment","Steam","Doom and Gloom","EntropicBrew"],"campfire_rested":3,"item_purchase_floors":[4,4,4,4,13,13],"current_hp_per_floor":[46,46,39,39,39,61,66,38,38,38,62,58,58,51,75,75,80,79,64,51,51],"gold":134,"neow_bonus":"TWO_FIFTY_GOLD","is_daily":false,"chose_seed":false,"campfire_upgraded":0,"win_rate":0.0,"timestamp":1613185723,"path_taken":["M","M","?","$","?","R","?","E","T","M","R","?","?","M","R","BOSS","M","?","M"],"items_purchased_type":["Relic","Relic","Card","Card","Card","Potion"],"build_version":"2020-12-18","purchased_purges":1,"victory":false,"max_hp_per_floor":[75,75,75,75,75,75,80,80,80,80,80,80,80,80,80,80,80,80,85,85,85],"relic_stats":{"counters":[9,34],"Letter Opener":[47],"obtain_stats":[{"Membership Card":4,"Bottled Lightning":4,"Letter Opener":8,"Odd Mushroom":12,"Cracked Core":0,"Ancient Tea Set":9,"FrozenCore":17},{"Membership Card":2,"Bottled Lightning":2,"Letter Opener":3,"Odd Mushroom":5,"Cracked Core":0,"Ancient Tea Set":3,"FrozenCore":7},{"Membership Card":6,"Bottled Lightning":6,"Letter Opener":10,"Odd Mushroom":17,"Cracked Core":0,"Ancient Tea Set":10,"FrozenCore":26}],"FrozenCore":[2]},"card_choices":[{"not_picked":["Barrage","Blizzard"],"picked":"Sunder","floor":1.0},{"not_picked":["Sweeping Beam","Redo"],"picked":"Consume","floor":2.0},{"not_picked":["Multi-Cast","Machine Learning"],"picked":"Chill","floor":8.0},{"not_picked":["Stack","Turbo"],"picked":"Melter","floor":10.0},{"not_picked":["Steam","Gash"],"picked":"Go for the Eyes","floor":12.0},{"not_picked":["Conserve Battery","Aggregate","Rebound"],"picked":"SKIP","floor":14.0},{"not_picked":["Creative AI","Multi-Cast"],"picked":"Seek","floor":16.0},{"not_picked":["Gash","Doom and Gloom"],"picked":"Chill","floor":18}],"player_experience":231974,"relics_obtained":[{"floor":8.0,"key":"Letter Opener"},{"floor":9.0,"key":"Ancient Tea Set"},{"floor":12.0,"key":"Odd Mushroom"}],"event_choices":[{"cards_removed":["Strike_B"],"damage_healed":0.0,"max_hp_gain":0.0,"max_hp_loss":0.0,"gold_gain":0.0,"event_name":"Golden Wing","player_choice":"Card Removal","floor":3.0,"gold_loss":0.0,"damage_taken":7.0},{"damage_healed":0.0,"max_hp_gain":0.0,"max_hp_loss":0.0,"gold_gain":0.0,"event_name":"Living Wall","player_choice":"Grow","floor":5.0,"gold_loss":0.0,"damage_taken":0.0,"cards_upgraded":["Consume"]},{"damage_healed":0.0,"max_hp_gain":5.0,"max_hp_loss":0.0,"gold_gain":0.0,"event_name":"Big Fish","player_choice":"Donut","floor":7.0,"gold_loss":0.0,"damage_taken":0.0},{"damage_healed":0.0,"max_hp_gain":0.0,"max_hp_loss":0.0,"gold_gain":0.0,"event_name":"Mushrooms","player_choice":"Fought Mushrooms","floor":12.0,"gold_loss":0.0,"damage_taken":0.0},{"damage_healed":0,"gold_gain":0,"player_choice":"Shed Blood","damage_taken":20,"max_hp_gain":5,"max_hp_loss":0,"event_name":"Forgotten Altar","floor":19,"gold_loss":0}],"is_beta":true,"boss_relics":[{"not_picked":["Coffee Dripper","Ectoplasm"],"picked":"FrozenCore"}],"items_purged_floors":[4],"is_endless":false,"potions_floor_spawned":[8,10,20],"killed_by":"2 Thieves","ascension_level":4}}