{"host":"ox77rn1xcurm2t5a","time":1613179960,"event":{"mods":["2.2 Compatiblity","AchievementEnabler","Act Like it!","Aspiration","BaseMod","Best Route Mod","Better Match","Better Note","Better Sensory Stone","Block Reminder","Colored Map","Colored Powertips","Conjunction","Conspire","Custom Start","Energized Spire","GifTheSpireLib","Gold Saver","Gremlin Skip","Halation","Highlight Path","Hubris","Infinite Spire","Minty Spire (QoL Compilation)","Pale of the Ancients","Quick Restart","Replay The Spire","Reworked Bosses","ShortenTheSpire","Spire Exporter","StSLib","Stuff the Spire","Wandering Minibosses"],"gold_per_floor":[914,931,467,477,496,527,527,228,279,279,294,294,328,347,347,443,443,461,461,481,481,481,481,25,50,50,65,93,45,45,76,76,181,181,192,42,42,62,62,62,62,62],"floor_reached":41,"language":"ENG","playtime":877,"items_purged":["Defend_R","Defend_R","Defend_R","Injury"],"score":503,"play_id":"7bd0b56e-cf4e-43be-a692-17475bc15bc9","local_time":"20210213033240","is_ascension_mode":true,"campfire_choices":[{"floor":7.0,"key":"RECALL"},{"data":"Flex","floor":12.0,"key":"SMITH"},{"data":"Demon Form","floor":15.0,"key":"SMITH"},{"data":"Limit Break","floor":23.0,"key":"SMITH"},{"data":"Spot Weakness","floor":30.0,"key":"SMITH"},{"floor":32.0,"key":"REST"},{"floor":40,"key":"REST"}],"circlet_count":0,"master_deck":["Strike_R","Strike_R","Strike_R","Strike_R","Strike_R","Defend_R","Bash","Inflame","Rampage","Heavy Blade","Clash","Perfected Strike","Demon Form+1","Limit Break+1","Clash+1","Sword Boomerang+1","Clash+1","hubris:SharpeningStone","Cleave+1","Spot Weakness+1","Anger+1","Anger+1","Metallicize","Berserk","Thunderclap+1"],"relics":["Burning Blood","NeowsBlessing","Anchor","Red Skull","Juzu Bracelet","Molten Egg 2","ReplayTheSpireMod:Spearhead","infinitespire:Cupcake","ReplayTheSpireMod:Lightbulb","hubris:MysteriousPyramids","hubris:DisguiseKit","ReplayTheSpireMod:Shallot","Question Card"],"acts_visited":["Exordium","TheCity","TheBeyond"],"potions_floor_usage":[33,38],"damage_taken":[{"damage":0.0,"enemies":"2 Louse","floor":1.0,"turns":1.0},{"damage":0.0,"enemies":"Cultist","floor":2.0,"turns":1.0},{"damage":0.0,"enemies":"Jaw Worm","floor":4.0,"turns":1.0},{"damage":0.0,"enemies":"2 Fungi Beasts","floor":5.0,"turns":2.0},{"damage":18.0,"enemies":"Lagavulin","floor":6.0,"turns":3.0},{"damage":5.0,"enemies":"Lots of Slimes","floor":11.0,"turns":4.0},{"damage":30.0,"enemies":"Gremlin Nob","floor":13.0,"turns":4.0},{"damage":0.0,"enemies":"Looter","floor":14.0,"turns":2.0},{"damage":13.0,"enemies":"Fading Forest","floor":16.0,"turns":11.0},{"damage":23.0,"enemies":"Shell Parasite","floor":18.0,"turns":4.0},{"damage":0.0,"enemies":"Spheric Guardian","floor":20.0,"turns":1.0},{"damage":8.0,"enemies":"Gremlin Leader","floor":25.0,"turns":5.0},{"damage":21.0,"enemies":"Chosen and Byrds","floor":27.0,"turns":6.0},{"damage":39.0,"enemies":"Book of Stabbing","floor":28.0,"turns":4.0},{"damage":5.0,"enemies":"Gremlin Leader","floor":31.0,"turns":3.0},{"damage":36,"enemies":"conspire:MysteriousRune","floor":33,"turns":5},{"damage":17,"enemies":"Orb Walker","floor":35,"turns":3},{"damage":50,"enemies":"3 Darklings","floor":38,"turns":3},{"damage":55,"enemies":"Nemesis","floor":41,"turns":4}],"seed_played":"1265994202841471578","potions_obtained":[{"floor":1.0,"key":"ElixirPotion"},{"floor":2.0,"key":"ElixirPotion"},{"floor":4.0,"key":"Strength Potion"},{"floor":6.0,"key":"PowerPotion"},{"floor":13.0,"key":"Regen Potion"},{"floor":16.0,"key":"FearPotion"},{"floor":21.0,"key":"Fire Potion"},{"floor":21.0,"key":"LifebloodPotion"},{"floor":21.0,"key":"Adrenaline Potion"},{"floor":27.0,"key":"Toxic Potion"},{"floor":31.0,"key":"Venom Potion"},{"floor":33,"key":"SteroidPotion"},{"floor":38,"key":"Fire Potion"}],"is_trial":false,"path_per_floor":["M","M","$","M","M","E","R","$","T","?","M","R","E","M","R","B",null,"M","?","M","?","?","R","$","E","T","M","E","$","R","E","R","B",null,"M","$","?","M","?","R","E"],"character_chosen":"IRONCLAD","items_purchased":["Anchor","DistilledChaos","Rampage","Heavy Blade","Flex","Perfected Strike","Juzu Bracelet","Clash+1","ReplayTheSpireMod:Lightbulb","hubris:SharpeningStone","Anger+1"],"campfire_rested":2,"item_purchase_floors":[3,3,3,3,3,8,8,24,24,24,29],"current_hp_per_floor":[80,80,80,80,80,68,68,68,68,68,69,69,45,51,51,77,80,63,63,69,69,69,69,69,67,67,52,19,19,19,20,44,14,80,69,69,69,25,25,49,0,0],"gold":62,"neow_bonus":"THREE_ENEMY_KILL","is_daily":false,"chose_seed":false,"campfire_upgraded":4,"win_rate":0.0,"timestamp":1613179960,"path_taken":["M","M","$","M","M","E","R","$","T","?","M","R","E","M","R","BOSS","M","?","M","?","?","R","$","E","T","M","E","$","R","E","R","BOSS","M","$","?","M","?","R","E"],"items_purchased_type":["Relic","Potion","Card","Card","Card","Card","Relic","Card","Relic","Card","Card"],"build_version":"2020-12-22","purchased_purges":4,"victory":false,"max_hp_per_floor":[80,80,80,80,80,80,80,80,80,80,80,80,80,80,80,80,80,80,80,80,80,80,80,80,80,80,80,80,80,80,80,80,80,80,80,80,80,80,80,80,80,80],"card_choices":[{"not_picked":["True Grit","Massacre","Shockwave"],"picked":"SKIP","floor":1.0},{"not_picked":["StuffTheSpire:RockThrow","ReplayTheSpireMod:Strike From Hell"],"picked":"Inflame","floor":2.0},{"not_picked":["Warcry","StuffTheSpire:RockThrow"],"picked":"Clash","floor":4.0},{"not_picked":["Run Through","Sever Soul","Shrug It Off"],"picked":"SKIP","floor":5.0},{"not_picked":["Flex","Life Link","Heavy Blade"],"picked":"SKIP","floor":6.0},{"not_picked":["Dual Wield","Second Wind","Power Through"],"picked":"SKIP","floor":11.0},{"not_picked":["Bloodletting","Run Through+1","Replay:Undeath\u0027s Touch+1"],"picked":"SKIP","floor":13.0},{"not_picked":["StuffTheSpire:BloodClot","Perfected Strike+1"],"picked":"Demon Form","floor":14.0},{"not_picked":["Impervious","Corruption"],"picked":"Limit Break","floor":16.0},{"not_picked":["Metallicize+1","Wild Strike+1"],"picked":"Clash+1","floor":18.0},{"not_picked":["Sentinel","Iron Wave+1"],"picked":"Sword Boomerang+1","floor":20.0},{"not_picked":["Hemokinesis+1","Shrug It Off"],"picked":"Cleave+1","floor":25.0},{"not_picked":["Hemokinesis+1","Run Through+1","Ball Lightning"],"picked":"Spot Weakness","floor":27.0},{"not_picked":["Ghostly Armor","Run Through+1","Conserve Battery"],"picked":"Anger+1","floor":28.0},{"not_picked":["Dark Embrace+1","ReplayTheSpireMod:Muscle Training","Multi-Cast"],"picked":"Metallicize","floor":31.0},{"not_picked":["Double Tap","Exhume","hubris:StunningStrike+1","Biased Cognition"],"picked":"Berserk","floor":33},{"not_picked":["Entrench+1","Heavy Blade+1","Sentinel+1","Ball Lightning"],"picked":"Thunderclap+1","floor":35},{"not_picked":["ReplayTheSpireMod:Strike From Hell+1","hubris:ReadiedAction","Warcry+1","Burning Pact+1","Panic Button"],"picked":"SKIP","floor":38}],"player_experience":3095302,"relics_obtained":[{"floor":6.0,"key":"Red Skull"},{"floor":13.0,"key":"ReplayTheSpireMod:Spearhead"},{"floor":25.0,"key":"hubris:MysteriousPyramids"},{"floor":26.0,"key":"hubris:DisguiseKit"},{"floor":28.0,"key":"ReplayTheSpireMod:Shallot"},{"floor":31.0,"key":"Question Card"}],"event_choices":[{"damage_healed":0.0,"max_hp_gain":0.0,"max_hp_loss":0.0,"gold_gain":0.0,"event_name":"FaceTrader","player_choice":"Leave","floor":19.0,"gold_loss":0.0,"damage_taken":0.0},{"damage_healed":0.0,"max_hp_gain":0.0,"max_hp_loss":0.0,"gold_gain":0.0,"event_name":"Lab","player_choice":"Got Potions","floor":21.0,"gold_loss":0.0,"damage_taken":0.0},{"damage_healed":0.0,"max_hp_gain":0.0,"max_hp_loss":0.0,"gold_gain":0.0,"event_name":"betterNote:BetterNote","player_choice":"Ignored","floor":22.0,"gold_loss":0.0,"damage_taken":0.0,"cards_obtained":["Strike_P"]},{"cards_removed":["Flex"],"damage_healed":0,"gold_gain":0,"player_choice":"Removed Skill","damage_taken":0,"max_hp_gain":0,"max_hp_loss":0,"event_name":"Falling","floor":37,"gold_loss":0},{"damage_healed":0,"gold_gain":0,"player_choice":"Leave","damage_taken":0,"max_hp_gain":0,"max_hp_loss":0,"event_name":"conspire:Investor","floor":39,"gold_loss":0}],"is_beta":false,"boss_relics":[{"not_picked":["ChewingGum","Velvet Choker"],"picked":"infinitespire:Cupcake"},{"not_picked":["Astrolabe","hubris:Stopwatch","Replay:Wanted Poster"]}],"items_purged_floors":[3,8,24,36],"is_endless":false,"potions_floor_spawned":[1,2,4,6,13,16,27,31,33,38],"killed_by":"Nemesis","ascension_level":2}}