{"host":"k919bq8mkuzdqhzi","time":1613180354,"event":{"mods":["AchievementEnabler","BaseMod","Colored Map","Colored Powertips","DeckTracker","Minty Spire (QoL Compilation)","Relic Sorter","SuperFastMode"],"gold_per_floor":[118,118,134,37,52,52,67,67,149,149,149,165,197,48,48,153,153,169,179,197,6,25,25,58,72,72,72,92,92,106,6,6,108,108,118,418,47,57,67,67,85,85,112,334,334,346,446,456,456,456],"floor_reached":51,"language":"ENG","playtime":1950,"items_purged":["Strike_B","Strike_B","Strike_B"],"score":676,"play_id":"787c7aeb-e6d5-4ada-9f91-2bd6168fae44","local_time":"20210212203914","is_ascension_mode":false,"campfire_choices":[{"data":"Zap","floor":6,"key":"SMITH"},{"data":"Dualcast","floor":8,"key":"SMITH"},{"data":"Redo","floor":10,"key":"SMITH"},{"floor":15,"key":"REST"},{"data":"Apotheosis","floor":23,"key":"SMITH"},{"data":"Beam Cell","floor":27,"key":"SMITH"},{"floor":29,"key":"REST"},{"data":"Electrodynamics","floor":32,"key":"SMITH"},{"data":"Consume","floor":40,"key":"SMITH"},{"data":"Echo Form","floor":42,"key":"SMITH"},{"data":"Capacitor","floor":45,"key":"SMITH"},{"floor":49,"key":"REST"}],"circlet_count":0,"master_deck":["Defend_B","Zap+1","Dualcast+1","Ball Lightning","Genetic Algorithm","Redo+1","Streamline","Defragment+1","Cold Snap","Leap","Self Repair","Melter","Electrodynamics+1","Compile Driver","Beam Cell+1","Aggregate+1","Apotheosis+1","Steam","Scrape","Capacitor+1","Sweeping Beam+1","Conserve Battery+1","Echo Form+1","Gash+1","Self Repair+1","All For One+1","Redo+1","Consume+1","Chill+1","Storm"],"relics":["Cracked Core","Bronze Scales","Bottled Lightning","Oddly Smooth Stone","Velvet Choker","Red Mask","Regal Pillow","Astrolabe","Toy Ornithopter","Blood Vial"],"acts_visited":["Exordium","TheCity","TheBeyond"],"potions_floor_usage":[16,33,33,33,39,50],"damage_taken":[{"damage":7,"enemies":"2 Louse","floor":1,"turns":2},{"damage":1,"enemies":"Jaw Worm","floor":3,"turns":3},{"damage":4,"enemies":"Cultist","floor":5,"turns":4},{"damage":13,"enemies":"Lots of Slimes","floor":7,"turns":3},{"damage":3,"enemies":"2 Fungi Beasts","floor":12,"turns":3},{"damage":13,"enemies":"3 Sentries","floor":13,"turns":5},{"damage":4,"enemies":"Slime Boss","floor":16,"turns":8},{"damage":0,"enemies":"Chosen","floor":18,"turns":3},{"damage":0,"enemies":"3 Byrds","floor":19,"turns":3},{"damage":14,"enemies":"Centurion and Healer","floor":20,"turns":6},{"damage":10,"enemies":"Sentry and Sphere","floor":22,"turns":5},{"damage":14,"enemies":"Masked Bandits","floor":24,"turns":3},{"damage":14,"enemies":"Chosen and Byrds","floor":25,"turns":5},{"damage":9,"enemies":"Snake Plant","floor":28,"turns":3},{"damage":0,"enemies":"3 Cultists","floor":30,"turns":3},{"damage":45,"enemies":"Collector","floor":33,"turns":8},{"damage":0,"enemies":"3 Darklings","floor":35,"turns":3},{"damage":0,"enemies":"3 Shapes","floor":38,"turns":4},{"damage":0,"enemies":"Transient","floor":39,"turns":5},{"damage":20,"enemies":"3 Darklings","floor":41,"turns":6},{"damage":26,"enemies":"Maw","floor":46,"turns":7},{"damage":0,"enemies":"Sphere and 2 Shapes","floor":48,"turns":4},{"damage":68,"enemies":"Time Eater","floor":50,"turns":13}],"seed_played":"-4285922058992593631","potions_obtained":[{"floor":1,"key":"SteroidPotion"},{"floor":5,"key":"Energy Potion"},{"floor":12,"key":"SmokeBomb"},{"floor":13,"key":"Dexterity Potion"},{"floor":19,"key":"DistilledChaos"},{"floor":20,"key":"SkillPotion"},{"floor":24,"key":"Explosive Potion"},{"floor":39,"key":"SmokeBomb"},{"floor":41,"key":"SteroidPotion"}],"is_trial":false,"path_per_floor":["M","?","M","$","M","R","M","R","T","R","?","M","E","$","R","B",null,"M","M","M","$","M","R","?","M","T","R","M","R","M","$","R","B",null,"M","?","$","M","M","R","M","R","T","?","R","M","?","M","R","B",null],"character_chosen":"DEFECT","items_purchased":["Redo","Self Repair","Melter","Apotheosis","Steam","Toy Ornithopter","FocusPotion","Fire Potion"],"campfire_rested":3,"item_purchase_floors":[4,14,14,21,21,37,37,37],"current_hp_per_floor":[68,61,60,60,56,56,43,43,43,43,43,40,27,27,49,52,75,75,75,68,68,65,65,58,51,51,51,49,75,75,75,75,37,75,75,75,75,75,75,75,75,75,75,75,75,59,59,61,75,22],"gold":456,"neow_bonus":"RANDOM_COMMON_RELIC","is_daily":false,"chose_seed":false,"campfire_upgraded":9,"win_rate":0.0,"timestamp":1613180354,"path_taken":["M","?","M","$","M","R","M","R","T","R","?","?","E","$","R","BOSS","M","?","M","?","M","R","?","M","T","R","M","R","M","$","R","BOSS","M","?","$","?","M","R","M","R","T","?","R","M","?","M","R","BOSS"],"items_purchased_type":["Card","Card","Card","Card","Card","Relic","Potion","Potion"],"build_version":"2020-12-22","purchased_purges":3,"victory":true,"max_hp_per_floor":[75,75,75,75,75,75,75,75,75,75,75,75,75,75,75,75,75,75,75,75,75,75,75,75,75,75,75,75,75,75,75,75,75,75,75,75,75,75,75,75,75,75,75,75,75,75,75,75,75,75],"card_choices":[{"not_picked":["Reinforced Body","Turbo"],"picked":"Ball Lightning","floor":1},{"not_picked":["Chaos","Steam"],"picked":"Genetic Algorithm","floor":3},{"not_picked":["Sunder","Force Field"],"picked":"Streamline","floor":5},{"not_picked":["Heatsinks","Lockon"],"picked":"Defragment","floor":7},{"not_picked":["Coolheaded","Genetic Algorithm"],"picked":"Cold Snap","floor":12},{"not_picked":["Force Field","Streamline"],"picked":"Leap","floor":13},{"not_picked":["Buffer","Rainbow"],"picked":"Electrodynamics","floor":16},{"not_picked":["Self Repair","Steam Power"],"picked":"Compile Driver","floor":18},{"not_picked":["Hologram","Lockon"],"picked":"Beam Cell","floor":19},{"not_picked":["Stack","Go for the Eyes"],"picked":"Aggregate+1","floor":20},{"not_picked":["Streamline","Machine Learning"],"picked":"Scrape","floor":22},{"not_picked":["Beam Cell+1","Barrage"],"picked":"Capacitor","floor":24},{"not_picked":["Glacier","Self Repair"],"picked":"Sweeping Beam+1","floor":25},{"not_picked":["Rip and Tear","Turbo"],"picked":"Conserve Battery+1","floor":28},{"not_picked":["Genetic Algorithm","Turbo","Coolheaded"],"picked":"SKIP","floor":30},{"not_picked":["Multi-Cast","Seek"],"picked":"Echo Form","floor":33},{"not_picked":["Streamline+1","Recycle+1"],"picked":"Redo+1","floor":35},{"not_picked":["Rebound","Leap+1"],"picked":"Consume","floor":38},{"not_picked":["Self Repair+1","Compile Driver"],"picked":"Chill+1","floor":39},{"not_picked":["Turbo","Streamline+1"],"picked":"Storm","floor":41},{"not_picked":["Ball Lightning+1","Streamline","Barrage"],"picked":"SKIP","floor":46},{"not_picked":["Hologram+1","Rip and Tear+1","Turbo"],"picked":"SKIP","floor":48}],"player_experience":149781,"relics_obtained":[{"floor":9,"key":"Bottled Lightning"},{"floor":13,"key":"Oddly Smooth Stone"},{"floor":24,"key":"Red Mask"},{"floor":26,"key":"Regal Pillow"},{"floor":43,"key":"Blood Vial"}],"event_choices":[{"cards_removed":["Strike_B"],"damage_healed":0,"gold_gain":0,"player_choice":"Card Removal","damage_taken":7,"max_hp_gain":0,"max_hp_loss":0,"event_name":"Golden Wing","floor":2,"gold_loss":0},{"damage_healed":0,"gold_gain":0,"player_choice":"Upgraded","damage_taken":0,"max_hp_gain":0,"max_hp_loss":0,"event_name":"Upgrade Shrine","floor":11,"gold_loss":0,"cards_upgraded":["Defragment"]},{"damage_healed":0,"gold_gain":0,"player_choice":"Fought Bandits","damage_taken":0,"max_hp_gain":0,"max_hp_loss":0,"event_name":"Masked Bandits","floor":24,"gold_loss":0},{"damage_healed":0,"gold_gain":300,"player_choice":"Gold","damage_taken":0,"max_hp_gain":0,"max_hp_loss":0,"event_name":"Wheel of Change","floor":36,"gold_loss":0},{"damage_healed":0,"gold_gain":222,"player_choice":"Wore Mask","damage_taken":0,"max_hp_gain":0,"max_hp_loss":0,"event_name":"Tomb of Lord Red Mask","floor":44,"gold_loss":0},{"damage_healed":0,"gold_gain":100,"player_choice":"Pray","damage_taken":0,"max_hp_gain":0,"max_hp_loss":0,"event_name":"Golden Shrine","floor":47,"gold_loss":0}],"is_beta":false,"boss_relics":[{"not_picked":["Snecko Eye","Runic Pyramid"],"picked":"Velvet Choker"},{"not_picked":["Black Star","Nuclear Battery"],"picked":"Astrolabe"}],"items_purged_floors":[4,31,37],"is_endless":false,"potions_floor_spawned":[1,5,12,13,19,20,24,30,39,41],"ascension_level":0}}