{"host":"b5mzvg96njlg7ry9","time":1613202088,"event":{"mods":["AlwaysNeverKeys","BaseMod","Colored Map","Colored Powertips","Downfall","Highlight Path","Minty Spire (QoL Compilation)","Quick Restart","Relic Sorter","StSLib","SuperFastMode","everything is the same but u backflip on backflip"],"gold_per_floor":[299,316,69,125,143,156,181,3,37,149,191,203,241,271,294,407,469,481,524,536,572,571,610,622,634,646,609,631,666,666,697,721,838,838,838,868,894,914,914,930,930,930,1030,690,733,758,758,780,816,819,819,881,520,520,552,587],"floor_reached":57,"language":"ENG","playtime":4840,"items_purged":["sneckomod:Strike","sneckomod:Strike","Pride","bronze:TinkerersToolbox"],"score":1546,"play_id":"c932bede-e1f5-43e3-bb72-7b540f9acc8b","local_time":"20210213084128","is_ascension_mode":true,"campfire_choices":[{"data":"sneckomod:Restock","floor":12.0,"key":"SMITH"},{"data":"Apotheosis","floor":30.0,"key":"SMITH"},{"data":"sneckomod:DiceBoulder+1","floor":42,"key":"SMITH"}],"circlet_count":0,"master_deck":["sneckomod:Strike","sneckomod:Defend","sneckomod:Defend+1","sneckomod:TailWhip","sneckomod:SnekBite","Guardian:StasisStrike","sneckomod:Restock+1","expansioncontent:QuickStudy+1","sneckomod:RainOfDice+1","sneckomod:GlitteringGambit","sneckomod:SnakeSap+1","Guardian:ConstructionForm","Guardian:FuturePlans","Apotheosis+1","sneckomod:DiceBoulder+2","champ:CheapShot+1","sneckomod:SerpentIdol+1","sneckomod:SnakeSap+1","sneckomod:UnknownClassGUARDIAN","sneckomod:UnknownRareSkill","expansioncontent:StudyTheSpire","champ:GladiatorStyle"],"relics":["sneckomod:SneckoSoul","downfall:HeartBlessingRed","downfall:HeartBlessingBlue","downfall:HeartBlessingGreen","HandDrill","Toy Ornithopter","Vajra","MawBank","Molten Egg 2","Mercury Hourglass","Tiny House","Singing Bowl","Red Mask","Bronze Scales","Membership Card","Tiny Chest","Bottled Lightning","Happy Flower","Bag of Preparation","Runic Pyramid","Anchor","sneckomod:SneckoCommon","Strange Spoon","bronze:BronzeIdol","Nunchaku","War Paint","Gambling Chip"],"acts_visited":["Exordium","TheCity","TheBeyond","TheEnding"],"potions_floor_usage":[50,50,55,55,56],"damage_taken":[{"damage":0.0,"enemies":"Cultist","floor":2.0,"turns":2.0},{"damage":7.0,"enemies":"downfall:FleeingMerchant","floor":3.0,"turns":4.0},{"damage":9.0,"enemies":"Lagavulin Event","floor":4.0,"turns":5.0},{"damage":7.0,"enemies":"2 Louse","floor":5.0,"turns":2.0},{"damage":1.0,"enemies":"Jaw Worm","floor":6.0,"turns":4.0},{"damage":2.0,"enemies":"downfall:FleeingMerchant","floor":8.0,"turns":4.0},{"damage":20.0,"enemies":"Gremlin Nob","floor":9.0,"turns":4.0},{"damage":10.0,"enemies":"3 Sentries","floor":11.0,"turns":6.0},{"damage":0.0,"enemies":"Lagavulin","floor":13.0,"turns":5.0},{"damage":6.0,"enemies":"2 Fungi Beasts","floor":14.0,"turns":2.0},{"damage":8.0,"enemies":"3 Louse","floor":15.0,"turns":2.0},{"damage":9.0,"enemies":"IC_STATUS_ARCHETYPE","floor":16.0,"turns":5.0},{"damage":6.0,"enemies":"3 Byrds","floor":19.0,"turns":2.0},{"damage":7.0,"enemies":"Shell Parasite","floor":21.0,"turns":3.0},{"damage":0.0,"enemies":"downfall:FleeingMerchant","floor":22.0,"turns":4.0},{"damage":0.0,"enemies":"Masked Bandits","floor":23.0,"turns":2.0},{"damage":9.0,"enemies":"downfall:FleeingMerchant","floor":27.0,"turns":4.0},{"damage":21.0,"enemies":"Centurion and Healer","floor":28.0,"turns":7.0},{"damage":13.0,"enemies":"Book of Stabbing","floor":29.0,"turns":4.0},{"damage":16.0,"enemies":"Gremlin Leader","floor":31.0,"turns":5.0},{"damage":10.0,"enemies":"Shelled Parasite and Fungi","floor":32.0,"turns":4.0},{"damage":17.0,"enemies":"SI_MIRROR_ARCHETYPE","floor":33.0,"turns":6.0},{"damage":29.0,"enemies":"3 Darklings","floor":36.0,"turns":3.0},{"damage":0.0,"enemies":"3 Shapes","floor":37.0,"turns":4.0},{"damage":0.0,"enemies":"Maw","floor":38.0,"turns":5.0},{"damage":15.0,"enemies":"Writhing Mass","floor":40.0,"turns":4.0},{"damage":0,"enemies":"3 Darklings","floor":45,"turns":4},{"damage":0,"enemies":"Reptomancer","floor":46,"turns":4},{"damage":10,"enemies":"4 Shapes","floor":48,"turns":4},{"damage":0,"enemies":"Maw","floor":49,"turns":5},{"damage":0,"enemies":"WA_ARCHETYPE_DIVINITY","floor":50,"turns":7},{"damage":0,"enemies":"downfall:CharBossMerchant","floor":52,"turns":5},{"damage":0,"enemies":"downfall:NeowBoss","floor":55,"turns":10},{"damage":49,"enemies":"downfall:NeowBossFinal","floor":56,"turns":9}],"seed_played":"4024867918218813779","potions_obtained":[{"floor":2.0,"key":"EssenceOfSteel"},{"floor":5.0,"key":"EssenceOfSteel"},{"floor":11.0,"key":"PowerPotion"},{"floor":13.0,"key":"LiquidMemories"},{"floor":16.0,"key":"hexamod:SoulburnPotion"},{"floor":17.0,"key":"CultistPotion"},{"floor":19.0,"key":"sneckomod:CheatPotion"},{"floor":23.0,"key":"Strength Potion"},{"floor":28.0,"key":"Weak Potion"},{"floor":31.0,"key":"sneckomod:MuddlingPotion"},{"floor":37.0,"key":"Dexterity Potion"},{"floor":52,"key":"Fire Potion"}],"is_trial":false,"path_per_floor":["R","M","$","?","M","M","T","$","E","?","E","R","E","M","M","B",null,"R","M","?","M","$","?","T","?","R","$","M","E","R","E","M","B",null,"R","M","M","M","?","M","T","R","?","$","M","E","R","M","M","B",null,"E","$","R","B","B",null],"character_chosen":"THE_SNECKO","items_purchased":["HandDrill","expansioncontent:QuickStudy","Membership Card","Tiny Chest","Apotheosis","sneckomod:DiceBoulder+1","sneckomod:SneckoCommon","Strange Spoon","bronze:BronzeIdol","PowerPotion","Swift Potion","Gambling Chip","expansioncontent:StudyTheSpire","ColorlessPotion","Energy Potion"],"campfire_rested":0,"item_purchase_floors":[3,8,27,27,27,27,44,44,44,44,44,53,53,53,53],"current_hp_per_floor":[100,100,98,89,82,81,81,84,64,64,54,54,54,48,40,41,105,105,99,99,99,101,108,108,85,85,76,57,51,51,37,39,39,126,126,97,99,99,99,86,86,86,86,86,88,90,90,80,82,92,136,136,136,136,136,87],"gold":587,"neow_bonus":"TRANSFORM_CARD","is_daily":false,"chose_seed":false,"campfire_upgraded":3,"win_rate":0.0,"timestamp":1613202088,"path_taken":["R","M","$","?","M","M","T","$","E","?","E","R","E","M","M","BOSS","R","M","?","M","$","?","T","?","R","$","M","E","R","E","M","BOSS","R","M","M","M","?","M","T","R","?","$","?","E","R","M","M","BOSS","E","$","R","BOSS","BOSS"],"items_purchased_type":["Relic","Card","Relic","Relic","Card","Card","Relic","Relic","Relic","Potion","Potion","Relic","Card","Potion","Potion"],"build_version":"2020-12-22","purchased_purges":4,"victory":true,"max_hp_per_floor":[100,100,100,100,100,100,100,100,100,100,100,100,100,100,100,100,105,105,105,105,107,109,111,111,116,116,116,118,120,120,122,124,126,126,126,126,128,128,128,130,130,130,130,130,132,134,134,134,136,136,136,136,136,136,136,136],"card_choices":[{"not_picked":["sneckomod:RainOfDice","sneckomod:DiceBlock"],"picked":"sneckomod:UnknownUncommonPower","floor":2.0},{"not_picked":["sneckomod:Unknown1Cost","sneckomod:QuickMove"],"picked":"sneckomod:Restock","floor":3.0},{"not_picked":["sneckomod:UnendingSupply","sneckomod:UnknownExhaust","sneckomod:UnknownDraw"],"picked":"SKIP","floor":5.0},{"not_picked":["sneckomod:UnknownDraw","sneckomod:SoulDraw","sneckomod:MixItUp"],"picked":"SKIP","floor":6.0},{"not_picked":["sneckomod:IronFang","sneckomod:QuickBite","sneckomod:UnknownDraw"],"picked":"SKIP","floor":8.0},{"not_picked":["sneckomod:RainOfDice","sneckomod:QuickMove","sneckomod:UnknownStrike"],"picked":"SKIP","floor":9.0},{"not_picked":["sneckomod:Unknown1Cost","sneckomod:ImprovisedGuard"],"picked":"sneckomod:RainOfDice+1","floor":11.0},{"not_picked":["sneckomod:Unknown2Cost","sneckomod:DefensiveFlair","sneckomod:SoulCleanse"],"picked":"SKIP","floor":13.0},{"not_picked":["sneckomod:DefensiveFlair","sneckomod:UnknownCommonSkill"],"picked":"sneckomod:Unknown3Cost","floor":14.0},{"not_picked":["sneckomod:SoulDraw","sneckomod:QuickMove","sneckomod:UnknownCommonAttack+1"],"picked":"SKIP","floor":15.0},{"not_picked":["sneckomod:Unknown3Cost","sneckomod:UnknownBoss"],"picked":"sneckomod:GlitteringGambit","floor":16.0},{"not_picked":["sneckomod:SoulDraw","sneckomod:SlitherStrike+1"],"picked":"sneckomod:SnakeSap+1","floor":17.0},{"not_picked":["sneckomod:WideSting+1","sneckomod:IronFang+1","sneckomod:SnekBeam+1"],"picked":"SKIP","floor":19.0},{"not_picked":["sneckomod:UnknownClassTHE_BRONZE_AUTOMATON","sneckomod:MixItUp+1","sneckomod:UnknownClassGUARDIAN+1"],"picked":"Singing Bowl","floor":21.0},{"not_picked":["sneckomod:DiceCrush+1","sneckomod:WideSting+1","sneckomod:UnknownDexterity"],"picked":"Singing Bowl","floor":22.0},{"not_picked":["sneckomod:QuickBite+1","sneckomod:SoulDraw","sneckomod:Nope"],"picked":"Singing Bowl","floor":23.0},{"not_picked":["sneckomod:IronFang+1","sneckomod:UnknownClassTHE_BRONZE_AUTOMATON+1"],"picked":"sneckomod:UnknownRareAttack+1","floor":27.0},{"not_picked":["sneckomod:UnknownWeak+1","sneckomod:SoulRoll+1","sneckomod:RainOfDice+1"],"picked":"Singing Bowl","floor":28.0},{"not_picked":["sneckomod:UnknownClassTHE_BRONZE_AUTOMATON","sneckomod:UnknownDexterity","sneckomod:Cheat"],"picked":"Singing Bowl","floor":29.0},{"not_picked":["sneckomod:WideSting+1","sneckomod:UnendingSupply+1","sneckomod:ImprovisedGuard+1"],"picked":"Singing Bowl","floor":31.0},{"not_picked":["sneckomod:DiceCrush+1","sneckomod:TrashToTreasure+1","sneckomod:ImprovisedAttack+1"],"picked":"Singing Bowl","floor":32.0},{"not_picked":["sneckomod:DangerNoodle+1","sneckomod:SerpentMind","sneckomod:Unknown3Cost"],"picked":"Singing Bowl","floor":33.0},{"not_picked":["sneckomod:UnknownDraw","sneckomod:QuickBite+1"],"picked":"sneckomod:SerpentIdol","floor":36.0},{"not_picked":["sneckomod:UnknownClassTHE_BRONZE_AUTOMATON","sneckomod:UnknownExhaust+1","sneckomod:WideSting+1"],"picked":"Singing Bowl","floor":37.0},{"not_picked":["sneckomod:UnknownBlock","sneckomod:Rotation"],"picked":"sneckomod:SnakeSap+1","floor":38.0},{"not_picked":["sneckomod:UnknownDraw+1","sneckomod:UnknownClassGUARDIAN","sneckomod:UnknownCommonAttack+1"],"picked":"Singing Bowl","floor":40.0},{"not_picked":["sneckomod:IronFang+1","sneckomod:PureSnecko+1","sneckomod:RainOfDice+1"],"picked":"Singing Bowl","floor":45},{"not_picked":["sneckomod:RainOfDice+1","sneckomod:MixItUp+1","sneckomod:MasterEye+1"],"picked":"Singing Bowl","floor":46},{"not_picked":["sneckomod:UnknownBlock","sneckomod:TrashToTreasure+1"],"picked":"sneckomod:UnknownRareSkill","floor":48},{"not_picked":["sneckomod:WideSting+1","sneckomod:UnknownCommonSkill","sneckomod:TrashToTreasure"],"picked":"Singing Bowl","floor":49},{"not_picked":["sneckomod:UnknownClassTHE_CHAMP_GRAY+1","sneckomod:DiceBlock"],"picked":"sneckomod:UnknownStrength","floor":52}],"player_experience":834680,"relics_obtained":[{"floor":4.0,"key":"Toy Ornithopter"},{"floor":7.0,"key":"Vajra"},{"floor":9.0,"key":"MawBank"},{"floor":11.0,"key":"Molten Egg 2"},{"floor":13.0,"key":"Mercury Hourglass"},{"floor":23.0,"key":"Red Mask"},{"floor":24.0,"key":"Bronze Scales"},{"floor":29.0,"key":"Happy Flower"},{"floor":31.0,"key":"Bag of Preparation"},{"floor":41.0,"key":"Anchor"},{"floor":46,"key":"Nunchaku"},{"floor":52,"key":"War Paint"}],"event_choices":[{"damage_healed":0.0,"max_hp_gain":0.0,"max_hp_loss":0.0,"gold_gain":0.0,"event_name":"Addict","player_choice":"Stole Relic","floor":20.0,"gold_loss":0.0,"damage_taken":0.0,"relics_obtained":["Singing Bowl"],"cards_obtained":["Pride"]},{"damage_healed":0.0,"max_hp_gain":0.0,"max_hp_loss":0.0,"gold_gain":0.0,"event_name":"Masked Bandits","player_choice":"Fought Bandits","floor":23.0,"gold_loss":0.0,"damage_taken":0.0},{"cards_removed":["sneckomod:Unknown"],"damage_healed":0.0,"max_hp_gain":0.0,"max_hp_loss":0.0,"gold_gain":0.0,"event_name":"Falling","player_choice":"Removed Skill","floor":39.0,"gold_loss":0.0,"damage_taken":0.0}],"is_beta":false,"boss_relics":[{"not_picked":["Fusion Hammer","Astrolabe"],"picked":"Tiny House"},{"not_picked":["Pandora\u0027s Box","Black Star"],"picked":"Runic Pyramid"}],"items_purged_floors":[3,27,44,53],"is_endless":false,"potions_floor_spawned":[2,5,11,13,16,19,23,28,31,32,37,48,49,52],"ascension_level":2}}