{"host":"biwm9xxhmg58tdpv","time":1613202648,"event":{"mods":["BaseMod","Minty Spire (QoL Compilation)","Relic Stats"],"gold_per_floor":[112,126,126,146,163,198,198,232,232,232,267,46,94,127,127,231,231,250,250,26,43,43,43,76,95,95,127,145,163,175,207,207,303,303,315,325,118,129,147,174,199,211,223,265,288,300,68,102,102,102],"floor_reached":51,"language":"ENG","playtime":4481,"items_purged":["Strike_P","Pain","WindmillStrike","EmptyFist"],"score":1416,"play_id":"3994a594-db46-40e9-91da-ddb79724b21c","local_time":"20210213155048","is_ascension_mode":true,"campfire_choices":[{"data":"BowlingBash","floor":7,"key":"SMITH"},{"floor":10,"key":"REST"},{"data":"Blasphemy","floor":15,"key":"SMITH"},{"data":"TalkToTheHand","floor":23,"key":"SMITH"},{"floor":32,"key":"REST"},{"floor":42,"key":"REST"},{"floor":49,"key":"REST"}],"circlet_count":0,"master_deck":["AscendersBane","Eruption","Vigilance+1","PathToVictory","Wallop","BowlingBash+1","Tantrum","Blasphemy+1","InnerPeace+1","Vault","EmptyFist","Indignation","EmptyMind","Fasting2","FollowUp","FearNoEvil","TalkToTheHand+1","PathToVictory","PathToVictory+1","WaveOfTheHand+1","Scrawl+1","Adaptation","ThirdEye+1","Perseverance+1","EmptyBody+1","Protect+1","JustLucky","EmptyBody+1","PathToVictory+1"],"relics":["Velvet Choker","Letter Opener","Nunchaku","HornCleat","Pocketwatch","Bag of Preparation","PreservedInsect","Blood Vial","Pandora\u0027s Box","WarpedTongs","Toxic Egg 2","Akabeko","Bird Faced Urn","Fusion Hammer","MawBank","Smiling Mask","TungstenRod","War Paint","Singing Bowl"],"acts_visited":["Exordium","TheCity","TheBeyond"],"potions_floor_usage":[6,24,40,50,50,50,50,50],"damage_taken":[{"damage":0,"enemies":"Cultist","floor":1,"turns":2},{"damage":2,"enemies":"Jaw Worm","floor":2,"turns":4},{"damage":0,"enemies":"Small Slimes","floor":4,"turns":3},{"damage":25,"enemies":"Exordium Thugs","floor":5,"turns":6},{"damage":24,"enemies":"Gremlin Nob","floor":6,"turns":5},{"damage":22,"enemies":"Lagavulin","floor":8,"turns":3},{"damage":0,"enemies":"Gremlin Nob","floor":11,"turns":3},{"damage":0,"enemies":"Lagavulin","floor":14,"turns":4},{"damage":25,"enemies":"The Guardian","floor":16,"turns":8},{"damage":5,"enemies":"2 Thieves","floor":18,"turns":2},{"damage":0,"enemies":"Spheric Guardian","floor":21,"turns":2},{"damage":0,"enemies":"Slavers","floor":24,"turns":3},{"damage":12,"enemies":"Shelled Parasite and Fungi","floor":25,"turns":3},{"damage":0,"enemies":"Gremlin Leader","floor":27,"turns":3},{"damage":0,"enemies":"Centurion and Healer","floor":28,"turns":3},{"damage":0,"enemies":"Cultist and Chosen","floor":29,"turns":4},{"damage":10,"enemies":"Snake Plant","floor":30,"turns":2},{"damage":3,"enemies":"Slavers","floor":31,"turns":3},{"damage":11,"enemies":"Automaton","floor":33,"turns":7},{"damage":11,"enemies":"Orb Walker","floor":35,"turns":2},{"damage":7,"enemies":"3 Darklings","floor":36,"turns":3},{"damage":0,"enemies":"Sphere and 2 Shapes","floor":38,"turns":3},{"damage":0,"enemies":"4 Shapes","floor":39,"turns":6},{"damage":31,"enemies":"Nemesis","floor":40,"turns":4},{"damage":0,"enemies":"Transient","floor":41,"turns":6},{"damage":0,"enemies":"Reptomancer","floor":44,"turns":2},{"damage":7,"enemies":"Writhing Mass","floor":45,"turns":6},{"damage":28,"enemies":"Nemesis","floor":48,"turns":5},{"damage":24,"enemies":"Donu and Deca","floor":50,"turns":8}],"seed_played":"6906622031302966713","potions_obtained":[{"floor":5,"key":"Ancient Potion"},{"floor":6,"key":"FairyPotion"},{"floor":16,"key":"Block Potion"},{"floor":18,"key":"Weak Potion"},{"floor":21,"key":"LiquidMemories"},{"floor":25,"key":"EntropicBrew"},{"floor":31,"key":"LiquidMemories"},{"floor":40,"key":"Fire Potion"}],"is_trial":false,"path_per_floor":["M","M","?","M","M","E","R","E","T","R","E","$","T","E","R","B",null,"M","?","$","M","$","R","E","M","T","E","M","M","M","E","R","B",null,"M","M","$","M","M","E","M","R","T","E","M","?","$","E","R","B",null],"character_chosen":"WATCHER","items_purchased":["Bag of Preparation","TalkToTheHand","AttackPotion","Adaptation","War Paint","EmptyBody+1"],"campfire_rested":4,"item_purchase_floors":[12,20,20,37,47,47],"current_hp_per_floor":[65,63,63,63,38,14,14,21,21,42,42,42,42,42,42,19,59,56,56,56,58,58,58,60,50,50,52,54,56,48,47,68,61,69,60,57,57,61,67,41,45,66,66,70,69,69,69,46,67,49],"gold":102,"neow_bonus":"BOSS_RELIC","is_daily":false,"chose_seed":false,"campfire_upgraded":3,"win_rate":0.0,"timestamp":1613202648,"path_taken":["M","M","?","M","M","E","R","E","T","R","E","$","?","E","R","BOSS","M","?","$","M","?","R","E","M","T","E","M","M","M","E","R","BOSS","M","M","$","M","M","E","M","R","T","E","M","?","$","E","R","BOSS"],"items_purchased_type":["Relic","Card","Potion","Card","Relic","Card"],"build_version":"2020-12-22","purchased_purges":4,"victory":true,"max_hp_per_floor":[72,72,72,72,72,72,72,72,72,72,72,72,72,72,72,72,72,72,72,72,72,72,72,72,72,72,72,72,72,72,72,72,72,72,72,72,72,72,72,72,72,72,72,72,72,72,72,72,72,72],"relic_stats":{"Singing Bowl":0,"counters":[29,115],"PreservedInsect":322,"Bag of Preparation":[44],"Letter Opener":[89],"War Paint":["Vigilance","InnerPeace"],"MawBank":84,"Smiling Mask":100,"WarpedTongs":[75],"Blood Vial":42,"Nunchaku":[15],"Bird Faced Urn":[28],"Pandora\u0027s Box":["EmptyFist","Indignation","EmptyMind","Fasting2","FollowUp","EmptyFist","WindmillStrike"],"obtain_stats":[{"Singing Bowl":48,"Velvet Choker":0,"PreservedInsect":13,"Bag of Preparation":12,"Letter Opener":6,"War Paint":47,"MawBank":40,"Smiling Mask":43,"Akabeko":27,"WarpedTongs":19,"Blood Vial":14,"Nunchaku":8,"HornCleat":9,"Bird Faced Urn":31,"Pandora\u0027s Box":17,"Fusion Hammer":34,"PureWater":0,"Toxic Egg 2":24,"TungstenRod":44,"Pocketwatch":11},{"Singing Bowl":28,"Velvet Choker":0,"PreservedInsect":7,"Bag of Preparation":7,"Letter Opener":5,"War Paint":27,"MawBank":24,"Smiling Mask":25,"Akabeko":14,"WarpedTongs":10,"Blood Vial":8,"Nunchaku":6,"HornCleat":6,"Bird Faced Urn":18,"Pandora\u0027s Box":9,"Fusion Hammer":19,"PureWater":0,"Toxic Egg 2":12,"TungstenRod":26,"Pocketwatch":7},{"Singing Bowl":107,"Velvet Choker":0,"PreservedInsect":26,"Bag of Preparation":26,"Letter Opener":20,"War Paint":102,"MawBank":88,"Smiling Mask":94,"Akabeko":51,"WarpedTongs":40,"Blood Vial":30,"Nunchaku":23,"HornCleat":23,"Bird Faced Urn":63,"Pandora\u0027s Box":38,"Fusion Hammer":70,"PureWater":0,"Toxic Egg 2":45,"TungstenRod":96,"Pocketwatch":26}],"TungstenRod":5,"Pocketwatch":[120]},"card_choices":[{"not_picked":["CrushJoints","Crescendo"],"picked":"BowlingBash","floor":1},{"not_picked":["Crescendo","JustLucky"],"picked":"PathToVictory","floor":2},{"not_picked":["ClearTheMind","Perseverance","FlyingSleeves"],"picked":"SKIP","floor":4},{"not_picked":["ClearTheMind","Study"],"picked":"BowlingBash","floor":5},{"not_picked":["Consecrate","DeceiveReality"],"picked":"Tantrum","floor":6},{"not_picked":["FlyingSleeves","CutThroughFate"],"picked":"Blasphemy","floor":8},{"not_picked":["ClearTheMind","BowlingBash"],"picked":"InnerPeace","floor":11},{"not_picked":["SandsOfTime","Weave","Indignation"],"picked":"SKIP","floor":14},{"not_picked":["SpiritShield","Devotion"],"picked":"Vault","floor":16},{"not_picked":["Tantrum+1","WheelKick+1"],"picked":"FearNoEvil","floor":18},{"not_picked":["Fasting2","Protect"],"picked":"PathToVictory","floor":21},{"not_picked":["Worship+1","Halt+1","CutThroughFate"],"picked":"SKIP","floor":24},{"not_picked":["SignatureMove","Worship+1"],"picked":"PathToVictory+1","floor":25},{"not_picked":["Vengeance+1","CutThroughFate","EmptyFist"],"picked":"SKIP","floor":27},{"not_picked":["ClearTheMind+1","FollowUp"],"picked":"WaveOfTheHand+1","floor":28},{"not_picked":["Halt+1","LessonLearned","FearNoEvil"],"picked":"SKIP","floor":29},{"not_picked":["InnerPeace+1","ForeignInfluence+1","BowlingBash"],"picked":"SKIP","floor":30},{"not_picked":["BowlingBash+1","Vengeance+1","SashWhip"],"picked":"SKIP","floor":31},{"not_picked":["DevaForm","LessonLearned"],"picked":"Scrawl+1","floor":33},{"not_picked":["InnerPeace+1","Evaluate+1","ReachHeaven+1"],"picked":"SKIP","floor":35},{"not_picked":["FlyingSleeves","BowlingBash","Prostrate+1"],"picked":"SKIP","floor":36},{"not_picked":["FlyingSleeves","Crescendo+1"],"picked":"ThirdEye+1","floor":38},{"not_picked":["Brilliance","FollowUp+1","EmptyFist+1"],"picked":"SKIP","floor":39},{"not_picked":["Worship+1","FlurryOfBlows"],"picked":"Perseverance+1","floor":40},{"not_picked":["CutThroughFate+1","Indignation+1"],"picked":"EmptyBody+1","floor":41},{"not_picked":["Prostrate+1","Worship+1"],"picked":"Protect+1","floor":44},{"not_picked":["Consecrate","JustLucky","Pray+1"],"picked":"SKIP","floor":45},{"not_picked":["Evaluate+1","Alpha+1"],"picked":"PathToVictory+1","floor":48}],"player_experience":421843,"relics_obtained":[{"floor":6,"key":"Letter Opener"},{"floor":8,"key":"Nunchaku"},{"floor":9,"key":"HornCleat"},{"floor":11,"key":"Pocketwatch"},{"floor":13,"key":"PreservedInsect"},{"floor":14,"key":"Blood Vial"},{"floor":24,"key":"Toxic Egg 2"},{"floor":27,"key":"Akabeko"},{"floor":31,"key":"Bird Faced Urn"},{"floor":40,"key":"MawBank"},{"floor":43,"key":"Smiling Mask"},{"floor":44,"key":"TungstenRod"},{"floor":48,"key":"Singing Bowl"}],"event_choices":[{"damage_healed":0,"gold_gain":0,"player_choice":"1 cards matched","damage_taken":0,"max_hp_gain":0,"max_hp_loss":0,"event_name":"Match and Keep!","floor":3,"gold_loss":0,"cards_obtained":["Wallop"]},{"damage_healed":0,"gold_gain":0,"player_choice":"Rummage","damage_taken":0,"relics_obtained":["WarpedTongs"],"max_hp_gain":0,"max_hp_loss":0,"event_name":"Accursed Blacksmith","floor":19,"gold_loss":0,"cards_obtained":["Pain"]},{"damage_healed":0,"gold_gain":0,"cards_transformed":["BowlingBash"],"player_choice":"Transformed","damage_taken":0,"max_hp_gain":0,"max_hp_loss":0,"event_name":"Transmorgrifier","floor":46,"gold_loss":0,"cards_obtained":["JustLucky"]}],"is_beta":false,"boss_relics":[{"not_picked":["Tiny House","Philosopher\u0027s Stone"],"picked":"Pandora\u0027s Box"},{"not_picked":["Sozu","Calling Bell"],"picked":"Fusion Hammer"}],"items_purged_floors":[12,20,37,47],"is_endless":false,"potions_floor_spawned":[5,6,16,18,21,25,30,31,33,39,40,41,44],"ascension_level":10}}