{"host":"4t0z2wyk4ymtbfy7","time":1613219631,"event":{"mods":["AchievementEnabler","BaseMod","Colored Map","Colored Powertips","DeckTracker","Keyboard Shortcuts","Marisa£¨Ùöéë¡¡Øª×âÞÞ£©","Minty Spire (QoL Compilation)","SuperFastMode","Td1madao Mod"],"gold_per_floor":[219,219,294,294,294,294,304,304,331,359,336,370,389,403,403,403,403],"floor_reached":16,"language":"KOR","playtime":397,"items_purged":[],"score":151,"play_id":"b5a09d11-0aae-4257-95a1-efe1b3ff1a14","local_time":"20210213213351","is_ascension_mode":true,"campfire_choices":[{"floor":6,"key":"REST"},{"floor":8,"key":"REST"},{"floor":15,"key":"REST"}],"circlet_count":0,"master_deck":["Strike_G","Strike_G","Strike_G","Strike_G","Strike_G","Defend_G","Defend_G","Defend_G","Defend_G","Defend_G","Survivor","Neutralize","Backstab","Slice","Poisoned Stab","Blade Dance","Blade Dance"],"relics":["Ring of the Snake","Centennial Puzzle","Pear","Tiny Chest","Singing Bowl","Toy Ornithopter"],"acts_visited":["Exordium"],"potions_floor_usage":[12,16,16,16,16,16],"damage_taken":[{"damage":7,"enemies":"Jaw Worm","floor":1,"turns":4},{"damage":0,"enemies":"Small Slimes","floor":7,"turns":3},{"damage":22,"enemies":"3 Sentries","floor":10,"turns":12},{"damage":32,"enemies":"Gremlin Nob","floor":12,"turns":5},{"damage":0,"enemies":"2 Louse","floor":13,"turns":2},{"damage":6,"enemies":"Looter","floor":14,"turns":2},{"damage":56,"enemies":"Hexaghost","floor":16,"turns":12}],"seed_played":"4854572873598599339","potions_obtained":[{"floor":1,"key":"Block Potion"},{"floor":7,"key":"ColorlessPotion"},{"floor":14,"key":"EntropicBrew"}],"is_trial":false,"path_per_floor":["M","?","?","?","T","R","M","R","T","E","$","E","M","M","R","B"],"character_chosen":"THE_SILENT","items_purchased":["Poisoned Stab"],"campfire_rested":3,"item_purchase_floors":[11],"current_hp_per_floor":[56,56,45,3,13,37,37,61,61,41,41,9,11,5,30,0,0],"gold":403,"neow_bonus":"HUNDRED_GOLD","is_daily":false,"chose_seed":false,"campfire_upgraded":0,"win_rate":0.0,"timestamp":1613219631,"path_taken":["M","?","?","?","?","R","?","R","T","E","$","E","M","M","R","BOSS"],"items_purchased_type":["Card"],"build_version":"2020-12-22","purchased_purges":0,"victory":false,"max_hp_per_floor":[70,70,70,70,80,80,80,80,80,82,82,82,84,84,84,84,84],"card_choices":[{"not_picked":["Dagger Throw","Concentrate"],"picked":"Backstab","floor":1},{"not_picked":["Crippling Poison","All Out Attack"],"picked":"Slice","floor":7},{"not_picked":["All Out Attack","Outmaneuver","Envenom"],"picked":"Singing Bowl","floor":10},{"not_picked":["Dagger Spray","Deadly Poison"],"picked":"Blade Dance","floor":12},{"not_picked":["Escape Plan","Distraction","Poisoned Stab"],"picked":"Singing Bowl","floor":13},{"not_picked":["Dodge and Roll","Quick Slash"],"picked":"Blade Dance","floor":14}],"player_experience":103761,"relics_obtained":[{"floor":5,"key":"Pear"},{"floor":9,"key":"Tiny Chest"},{"floor":10,"key":"Singing Bowl"},{"floor":12,"key":"Toy Ornithopter"}],"event_choices":[{"damage_healed":0,"gold_gain":0,"player_choice":"Leave","damage_taken":0,"max_hp_gain":0,"max_hp_loss":0,"event_name":"The Cleric","floor":2,"gold_loss":0},{"damage_healed":0,"gold_gain":75,"player_choice":"Gather Gold","damage_taken":11,"max_hp_gain":0,"max_hp_loss":0,"event_name":"World of Goop","floor":3,"gold_loss":0},{"damage_healed":0,"gold_gain":0,"player_choice":"Success","damage_taken":42,"relics_obtained":["Centennial Puzzle"],"max_hp_gain":0,"max_hp_loss":0,"event_name":"Scrap Ooze","floor":4,"gold_loss":0}],"is_beta":false,"boss_relics":[],"items_purged_floors":[],"is_endless":false,"potions_floor_spawned":[1,7,14],"killed_by":"Hexaghost","ascension_level":8}}