{"host":"xp5rvh2jwe2ejyfm","time":1613223995,"event":{"mods":["2.2 Compatiblity","Aspiration","BaseMod","Better Altar","Better Match","Better Note","Better Sensory Stone","Better Skull","BetterRewards","Colored Powertips","Conspire","Downfall","GifTheSpireLib","Gremlin Mod","GungeonMod","Hermit","Hubris","Jorbs\u0027s Wanderer Trilogy","Minty Spire (QoL Compilation)","Potionbrewer","Quick Restart","Replay The Spire","Robot Space Explorer","Shade Mod","Somnambulant","StSLib","The Bug Knight","The Clintock","The Construct","The Cursed","The Disciple","The Forsaken","The Hierophant","The Necromancer","The Runesmith","The Servant 0.9.4","The Valiant","The Witch","TheFirefly","thorton"],"gold_per_floor":[116,116,130,141,151,151,168,168,168,200,57,57,69,89,89,192,192,203,219,219,10,28,38,61,61,61,86,96,116,116,126,126,221,221,245,245,245,271,271,271,291,291,318,19,59,72,96,130,130,161,161,161,14,60,84,84],"floor_reached":55,"language":"ENG","playtime":2262,"items_purged":[],"score":775,"play_id":"54bf037e-d2d0-44b2-a946-262eb0376e71","local_time":"20210213084635","is_ascension_mode":false,"campfire_choices":[{"floor":6,"key":"REST"},{"floor":8,"key":"RECALL"},{"floor":12,"key":"REST"},{"floor":15,"key":"REST"},{"data":"hermit:Showdown","floor":25,"key":"SMITH"},{"floor":30,"key":"REST"},{"data":"hermit:Combo","floor":32,"key":"SMITH"},{"floor":40,"key":"REST"},{"data":"hermit:Grudge","floor":42,"key":"SMITH"},{"floor":49,"key":"REST"},{"data":"hermit:Horror","floor":52,"key":"SMITH"}],"circlet_count":0,"master_deck":["hermit:Strike_Hermit","hermit:Strike_Hermit","hermit:Strike_Hermit","hermit:Strike_Hermit","hermit:Defend_Hermit","hermit:Defend_Hermit","hermit:Defend_Hermit","hermit:Defend_Hermit","hermit:Snapshot","hermit:Covet","hermit:Combo+1","hermit:TrackingShot","hermit:Headshot","hermit:Showdown+1","hermit:Glare","hermit:Headshot","hermit:HoleUp","hermit:Horror+1","hermit:Grudge+1","hermit:DeadMansHand","hermit:Grudge","hermit:HeroicBravado","Injury","CommonCold","CurseOfTheBell","hermit:Quickdraw","hermit:DeadMansHand+1","hermit:Quickdraw","hermit:Vantage+1","hermit:Scavenge+1","hermit:Headshot","hermit:Headshot","hermit:CalledShot+1","hermit:Showdown+1","hermit:Glare+1","hermit:Gambit+1","hermit:GoldenBullet+1","hermit:Vantage+1","Parasite","hermit:Grudge+1","hermit:FullyLoaded+1","hermit:EyeOfTheStorm+1","hermit:SprayPray+1","hermit:FlashPowder+1"],"relics":["hermit:Momento","potionbrewer:Keyblade","DemoMod:AgedBell","Strawberry","Boot","Replay:Ancient Bell","Regal Pillow","Toxic Egg 2","DemoMod:VorpalBullet","theForsaken:Lifeblossom","DemoMod:ClearGuonStone","Frozen Egg 2","Replay:Wax Seal","theForsaken:PaleLantern","ReplayTheSpireMod:TigerMarble","Gremlin Horn","Blood Vial","Replay:Bandana","Pet Ghost","DemoMod:MonsterBlood"],"acts_visited":["Exordium","TheCity","TheBeyond","TheEnding"],"potions_floor_usage":[10,16,27,29,33,41,45,50,50,54],"damage_taken":[{"damage":0,"enemies":"2 Louse","floor":1,"turns":3},{"damage":0,"enemies":"Cultist","floor":3,"turns":2},{"damage":20,"enemies":"Small Slimes","floor":4,"turns":5},{"damage":9,"enemies":"Looter","floor":5,"turns":2},{"damage":18,"enemies":"Exordium Wildlife","floor":7,"turns":4},{"damage":19,"enemies":"Lagavulin","floor":10,"turns":4},{"damage":12,"enemies":"Blue Slaver","floor":13,"turns":3},{"damage":4,"enemies":"Gremlin Gang","floor":14,"turns":2},{"damage":21,"enemies":"The Guardian","floor":16,"turns":8},{"damage":11,"enemies":"Chosen","floor":18,"turns":4},{"damage":1,"enemies":"Spheric Guardian","floor":19,"turns":3},{"damage":19,"enemies":"3 Cultists","floor":22,"turns":5},{"damage":0,"enemies":"Centurion and Healer","floor":23,"turns":2},{"damage":9,"enemies":"Snake Plant","floor":24,"turns":4},{"damage":6,"enemies":"Slavers","floor":27,"turns":2},{"damage":7,"enemies":"Sentry and Sphere","floor":28,"turns":3},{"damage":14,"enemies":"3 Cultists","floor":29,"turns":4},{"damage":10,"enemies":"Centurion and Healer","floor":31,"turns":3},{"damage":27,"enemies":"conspire:MysteriousRune","floor":33,"turns":9},{"damage":41,"enemies":"3 Darklings","floor":35,"turns":5},{"damage":11,"enemies":"3 Shapes","floor":38,"turns":3},{"damage":25,"enemies":"Writhing Mass","floor":41,"turns":5},{"damage":9,"enemies":"Giant Head","floor":45,"turns":3},{"damage":7,"enemies":"Transient","floor":46,"turns":5},{"damage":3,"enemies":"4 Shapes","floor":48,"turns":3},{"damage":35,"enemies":"Replay:Hell Engine","floor":50,"turns":10},{"damage":22,"enemies":"Shield and Spear","floor":54,"turns":6},{"damage":76,"enemies":"The Heart","floor":55,"turns":6}],"seed_played":"-5497949634390183352","potions_obtained":[{"floor":5,"key":"DemoMod:LeadSkinPotion"},{"floor":10,"key":"DemoMod:LeadSkinPotion"},{"floor":14,"key":"champ:CounterPotion"},{"floor":16,"key":"potionbrewer:AcidPotion"},{"floor":19,"key":"potionbrewer:AcidPotion"},{"floor":24,"key":"Explosive Potion"},{"floor":28,"key":"Explosive Potion"},{"floor":31,"key":"Fire Potion"},{"floor":35,"key":"BlessingOfTheForge"},{"floor":45,"key":"Block Potion"}],"is_trial":false,"path_per_floor":["M","?","M","M","M","R","M","R","T","E","$","R","M","M","R","B",null,"M","M","?","$","M","M","M","R","T","E","M","M","R","M","R","B",null,"M","?","?","M","?","R","M","R","T","$","E","M","T","M","R","B",null,"R","$","E","B"],"character_chosen":"HERMIT","items_purchased":["potionbrewer:Keyblade","hermit:Combo","hermit:Horror","hermit:Grudge","DemoMod:ClearGuonStone","hermit:Quickdraw","Gremlin Horn","PowerPotion","Pet Ghost"],"campfire_rested":6,"item_purchase_floors":[0,0,11,11,21,21,44,44,53],"current_hp_per_floor":[57,48,48,28,19,43,25,25,25,6,6,30,18,14,38,17,82,71,70,70,70,57,60,57,57,57,54,52,44,82,74,74,53,82,44,44,44,38,38,77,58,58,58,58,54,55,55,60,83,51,83,83,83,68,0,0],"gold":84,"neow_bonus":"","is_daily":false,"chose_seed":false,"campfire_upgraded":4,"win_rate":0.0,"timestamp":1613223995,"path_taken":["M","?","M","M","M","R","M","R","T","E","$","R","?","M","R","BOSS","M","M","?","?","M","M","M","R","T","E","M","?","R","M","R","BOSS","M","?","?","M","?","R","M","R","T","$","E","M","?","M","R","BOSS","R","$","E","BOSS"],"items_purchased_type":["Relic","Card","Card","Card","Relic","Card","Relic","Potion","Relic"],"build_version":"2020-12-22","purchased_purges":0,"victory":false,"max_hp_per_floor":[75,82,82,82,82,82,82,82,82,82,82,82,82,82,82,82,82,82,82,82,82,82,82,82,82,82,82,82,82,82,82,82,82,82,82,82,82,82,82,82,82,82,82,82,82,82,82,83,83,83,83,83,83,90,90,90],"card_choices":[{"not_picked":["hermit:Roulette","hermit:HighCaliber"],"picked":"hermit:TrackingShot","floor":1},{"not_picked":["hermit:LuckOfTheDraw","hermit:Manifest"],"picked":"hermit:Headshot","floor":3},{"not_picked":["hermit:CalledShot","hermit:EyeOfTheStorm"],"picked":"hermit:Showdown","floor":4},{"not_picked":["hermit:HeroicBravado","hermit:NoHoldsBarred"],"picked":"hermit:Glare","floor":5},{"not_picked":["hermit:HighCaliber","hermit:HoleUp"],"picked":"hermit:Headshot","floor":7},{"not_picked":["hermit:Feint","hermit:Ricochet"],"picked":"hermit:HoleUp","floor":10},{"not_picked":["hermit:Gestalt","hermit:CalledShot"],"picked":"hermit:DeadMansHand","floor":13},{"not_picked":["hermit:Determination","hermit:Dive"],"picked":"hermit:Grudge","floor":14},{"not_picked":["hermit:FatalDesire","hermit:BlackWind"],"picked":"hermit:HeroicBravado","floor":16},{"not_picked":["Delirium","TheCursedMod:Dregs"],"picked":"Injury","floor":17},{"not_picked":["hubris:Sloth","Decay"],"picked":"CommonCold","floor":17},{"not_picked":["downfall:Haunted","hubris:Despair"],"picked":"CurseOfTheBell","floor":17},{"not_picked":["hermit:CalledShot","hermit:HighCaliber"],"picked":"hermit:Quickdraw","floor":18},{"not_picked":["hermit:Desperado","hermit:Dive+1"],"picked":"hermit:DeadMansHand+1","floor":19},{"not_picked":["hermit:Ricochet","hermit:Shortfuse"],"picked":"hermit:Vantage+1","floor":22},{"not_picked":["hermit:ItchyTrigger","hermit:SprayPray"],"picked":"hermit:Scavenge+1","floor":23},{"not_picked":["hermit:FinalCanter","hermit:Gestalt+1"],"picked":"hermit:Headshot","floor":24},{"not_picked":["hermit:HeroicBravado+1","hermit:TakeCover+1"],"picked":"hermit:Headshot","floor":27},{"not_picked":["hermit:Desperado","hermit:LowProfile+1"],"picked":"hermit:CalledShot+1","floor":28},{"not_picked":["hermit:Midnight+1","hermit:Desperado"],"picked":"hermit:Showdown+1","floor":29},{"not_picked":["hermit:Desperado","hermit:Dive+1"],"picked":"hermit:Glare+1","floor":31},{"not_picked":["hermit:OverwhelmingPower+1","hermit:DeadOrAlive"],"picked":"hermit:Gambit+1","floor":33},{"not_picked":["hermit:Spite","hermit:Ricochet+1"],"picked":"hermit:GoldenBullet+1","floor":35},{"not_picked":["hermit:Desperado","hermit:Feint+1"],"picked":"hermit:Vantage+1","floor":38},{"not_picked":["hermit:ShadowCloak+1","hermit:Midnight+1"],"picked":"hermit:Grudge+1","floor":41},{"not_picked":["hermit:Snipe+1","hermit:Quickdraw+1"],"picked":"hermit:FullyLoaded+1","floor":45},{"not_picked":["hermit:Combo+1","hermit:CursedWeapon+1"],"picked":"hermit:EyeOfTheStorm+1","floor":46},{"not_picked":["hermit:ShadowCloak+1","hermit:Misfire+1"],"picked":"hermit:SprayPray+1","floor":48},{"not_picked":["hermit:Magnum","hermit:Headshot"],"picked":"hermit:FlashPowder+1","floor":54}],"player_experience":492004,"relics_obtained":[{"floor":10,"key":"Boot"},{"floor":26,"key":"Frozen Egg 2"},{"floor":27,"key":"Replay:Wax Seal"},{"floor":43,"key":"ReplayTheSpireMod:TigerMarble"},{"floor":45,"key":"Blood Vial"},{"floor":47,"key":"Replay:Bandana"},{"floor":54,"key":"DemoMod:MonsterBlood"}],"event_choices":[{"damage_healed":0,"gold_gain":0,"player_choice":"RE ","damage_taken":18,"relics_obtained":["Strawberry"],"max_hp_gain":0,"max_hp_loss":0,"event_name":"betterSkull:BetterSkull","floor":2,"gold_loss":0,"cards_upgraded":[]},{"damage_healed":0,"gold_gain":0,"player_choice":"Gave Potion","damage_taken":0,"relics_obtained":["theForsaken:Lifeblossom"],"max_hp_gain":0,"max_hp_loss":0,"event_name":"WeMeetAgain","floor":20,"gold_loss":0},{"damage_healed":0,"gold_gain":0,"player_choice":"Ignored","damage_taken":0,"max_hp_gain":0,"max_hp_loss":0,"event_name":"Tomb of Lord Red Mask","floor":39,"gold_loss":0}],"is_beta":false,"boss_relics":[{"not_picked":["hubris:TerracottaHorce","Painkiller Herb"],"picked":"Replay:Ancient Bell"},{"not_picked":["ReplayTheSpireMod:Lightbulb","DemoMod:Metronome"],"picked":"Regal Pillow"},{"not_picked":["aspiration:SeaSaltIceCream","potionbrewer:BottledElixir"],"picked":"Toxic Egg 2"},{"not_picked":["hubris:Teleporter","Replay:Multitool"],"picked":"DemoMod:VorpalBullet"},{"not_picked":["conspire:RoyalGoblet","Replay:Wanted Poster"],"picked":"theForsaken:PaleLantern"}],"items_purged_floors":[],"is_endless":false,"potions_floor_spawned":[5,10,14,16,19,24,28,31,35,45,46,48],"killed_by":"The Heart","ascension_level":0}}