{"host":"6nqy62k7v1jh46lb","time":1613253327,"event":{"mods":["AchievementEnabler","BaseMod","Bestiary","Block Reminder","Colored Powertips","Highlight Path","Minty Spire (QoL Compilation)","Relic Stats"],"gold_per_floor":[111,111,130,8,22,54,2,28,28,28,59,73,102,112,112,209,209,193,23,40,57,68,68,80,80,158,169,169,169,169,169,169,271,271,288,27,41,61,61,61,22,52,75,87,100,116,116,116,116,116],"floor_reached":51,"language":"ENG","playtime":5595,"items_purged":["Strike_B"],"score":813,"play_id":"d2a52fc6-f98a-4241-82b0-e96c337700d4","local_time":"20210213225527","is_ascension_mode":true,"campfire_choices":[{"floor":10,"key":"REST"},{"floor":15,"key":"REST"},{"floor":23,"key":"REST"},{"floor":25,"key":"REST"},{"floor":32,"key":"REST"},{"floor":40,"key":"REST"},{"floor":49,"key":"REST"}],"circlet_count":0,"master_deck":["Strike_B","Strike_B","Defend_B","Defend_B","Defend_B","Defend_B","Zap+1","Dualcast","Stack","Darkness","Streamline","Conserve Battery","Capacitor","Coolheaded","Tempest+1","Doom and Gloom","Double Energy","Leap","Echo Form","Redo","Static Discharge","Go for the Eyes","Steam+1","Self Repair","Hologram","Hello World","Electrodynamics","Reinforced Body","Chaos+1","Loop","Sweeping Beam+1","Beam Cell+1","Forethought"],"relics":["Fusion Hammer","Bird Faced Urn","Shuriken","Letter Opener","Bottled Tornado","Strawberry","Busted Crown","Matryoshka","Pear","Pocketwatch","Thread and Needle","War Paint","Nuclear Battery","Kunai","Ornamental Fan","Art of War"],"acts_visited":["Exordium","TheCity","TheBeyond"],"potions_floor_usage":[6,13,16,18,22,22,31,35,42,42,46],"damage_taken":[{"damage":1,"enemies":"2 Louse","floor":1,"turns":2},{"damage":0,"enemies":"Cultist","floor":3,"turns":4},{"damage":1,"enemies":"Jaw Worm","floor":5,"turns":3},{"damage":7,"enemies":"Gremlin Nob","floor":6,"turns":4},{"damage":15,"enemies":"Lagavulin","floor":8,"turns":7},{"damage":14,"enemies":"Gremlin Nob","floor":11,"turns":3},{"damage":16,"enemies":"Exordium Wildlife","floor":12,"turns":4},{"damage":10,"enemies":"Lagavulin","floor":13,"turns":5},{"damage":8,"enemies":"Blue Slaver","floor":14,"turns":5},{"damage":41,"enemies":"Hexaghost","floor":16,"turns":11},{"damage":22,"enemies":"2 Thieves","floor":18,"turns":4},{"damage":18,"enemies":"Spheric Guardian","floor":20,"turns":4},{"damage":33,"enemies":"Shelled Parasite and Fungi","floor":21,"turns":6},{"damage":9,"enemies":"3 Cultists","floor":22,"turns":4},{"damage":30,"enemies":"Snake Plant","floor":24,"turns":4},{"damage":19,"enemies":"Centurion and Healer","floor":27,"turns":7},{"damage":15,"enemies":"Gremlin Leader","floor":31,"turns":4},{"damage":16,"enemies":"Automaton","floor":33,"turns":10},{"damage":35,"enemies":"3 Darklings","floor":35,"turns":4},{"damage":11,"enemies":"Orb Walker","floor":37,"turns":4},{"damage":31,"enemies":"Spire Growth","floor":38,"turns":6},{"damage":38,"enemies":"Giant Head","floor":42,"turns":12},{"damage":15,"enemies":"3 Darklings","floor":44,"turns":3},{"damage":26,"enemies":"4 Shapes","floor":45,"turns":4},{"damage":16,"enemies":"Jaw Worm Horde","floor":46,"turns":3},{"damage":84,"enemies":"Awakened One","floor":50,"turns":16}],"seed_played":"-6587801430634335335","potions_obtained":[{"floor":3,"key":"EssenceOfSteel"},{"floor":8,"key":"SkillPotion"},{"floor":13,"key":"PotionOfCapacity"},{"floor":14,"key":"AttackPotion"},{"floor":16,"key":"EssenceOfSteel"},{"floor":18,"key":"EssenceOfDarkness"},{"floor":21,"key":"Energy Potion"},{"floor":33,"key":"Dexterity Potion"},{"floor":37,"key":"Swift Potion"},{"floor":38,"key":"SpeedPotion"},{"floor":45,"key":"DuplicationPotion"}],"is_trial":false,"path_per_floor":["M","?","M","$","M","E","$","E","T","R","E","M","E","M","R","B",null,"M","$","M","M","M","R","M","R","T","M","?","T","T","E","R","B",null,"M","$","M","M","?","R","$","E","T","M","M","M","?","?","R","B",null],"character_chosen":"DEFECT","items_purchased":["SmokeBomb","Streamline","Coolheaded","Static Discharge","Go for the Eyes","Kunai","Loop"],"campfire_rested":7,"item_purchase_floors":[4,4,7,19,19,36,41],"current_hp_per_floor":[74,74,74,74,73,66,66,53,53,75,61,47,46,40,64,25,82,60,60,48,21,25,49,34,58,58,63,63,73,73,66,92,76,92,69,69,77,63,63,90,90,61,61,54,40,55,55,55,81,18],"gold":116,"neow_bonus":"BOSS_RELIC","is_daily":false,"chose_seed":false,"campfire_upgraded":0,"win_rate":0.0,"timestamp":1613253327,"path_taken":["M","?","M","$","M","E","?","E","T","R","E","M","E","M","R","BOSS","M","$","M","M","M","R","M","R","T","M","?","?","?","E","R","BOSS","M","$","M","M","?","R","$","E","T","M","M","?","?","?","R","BOSS"],"items_purchased_type":["Potion","Card","Card","Card","Card","Relic","Card"],"build_version":"2020-12-22","purchased_purges":1,"victory":true,"max_hp_per_floor":[75,75,75,75,75,75,75,75,75,75,75,75,82,82,82,82,82,82,82,82,82,82,82,82,82,82,82,82,92,92,92,92,92,92,92,92,92,92,92,92,92,92,92,92,92,92,92,87,87,87],"relic_stats":{"Busted Crown":30,"counters":[26,143],"Shuriken":[9],"Ornamental Fan":[8],"Bird Faced Urn":[127],"Art of War":[8],"Letter Opener":[405],"Kunai":[5],"War Paint":["Steam","Zap"],"obtain_stats":[{"Pear":29,"Thread and Needle":30,"Letter Opener":9,"Bottled Tornado":11,"War Paint":30,"Nuclear Battery":34,"Busted Crown":17,"Matryoshka":26,"Shuriken":8,"Ornamental Fan":42,"Bird Faced Urn":6,"Strawberry":13,"Fusion Hammer":0,"Art of War":43,"Kunai":36,"Cracked Core":0,"Pocketwatch":29},{"Pear":16,"Thread and Needle":16,"Letter Opener":5,"Bottled Tornado":6,"War Paint":16,"Nuclear Battery":18,"Busted Crown":10,"Matryoshka":15,"Shuriken":5,"Ornamental Fan":22,"Bird Faced Urn":4,"Strawberry":8,"Fusion Hammer":0,"Art of War":22,"Kunai":19,"Cracked Core":0,"Pocketwatch":16},{"Pear":77,"Thread and Needle":77,"Letter Opener":20,"Bottled Tornado":23,"War Paint":77,"Nuclear Battery":91,"Busted Crown":48,"Matryoshka":70,"Shuriken":20,"Ornamental Fan":117,"Bird Faced Urn":13,"Strawberry":32,"Fusion Hammer":0,"Art of War":117,"Kunai":95,"Cracked Core":0,"Pocketwatch":77}],"Pocketwatch":[21]},"card_choices":[{"not_picked":["Turbo","Rebound"],"picked":"Stack","floor":1},{"not_picked":["Rebound","Sweeping Beam"],"picked":"Darkness","floor":3},{"not_picked":["Gash","Rebound"],"picked":"Conserve Battery","floor":5},{"not_picked":["White Noise","Scrape"],"picked":"Capacitor","floor":6},{"not_picked":["Conserve Battery","Melter"],"picked":"Tempest","floor":8},{"not_picked":["Steam","Steam Power"],"picked":"Doom and Gloom","floor":11},{"not_picked":["Cold Snap","Darkness"],"picked":"Double Energy","floor":12},{"not_picked":["Barrage","Hologram","All For One"],"picked":"SKIP","floor":13},{"not_picked":["Turbo","Hologram"],"picked":"Leap","floor":14},{"not_picked":["Hyperbeam","Fission"],"picked":"Echo Form","floor":16},{"not_picked":[],"picked":"Redo","floor":18},{"not_picked":[],"picked":"Steam","floor":20},{"not_picked":[],"picked":"Self Repair","floor":21},{"not_picked":["Turbo+1"],"picked":"SKIP","floor":22},{"not_picked":[],"picked":"Hologram","floor":24},{"not_picked":[],"picked":"Hello World","floor":27},{"not_picked":[],"picked":"Electrodynamics","floor":33},{"not_picked":[],"picked":"Reinforced Body","floor":35},{"not_picked":[],"picked":"Chaos+1","floor":37},{"not_picked":["Rebound+1"],"picked":"SKIP","floor":38},{"not_picked":[],"picked":"Sweeping Beam+1","floor":42},{"not_picked":["Turbo"],"picked":"SKIP","floor":44},{"not_picked":[],"picked":"Beam Cell+1","floor":45},{"not_picked":["Hologram+1"],"picked":"SKIP","floor":46},{"not_picked":[],"picked":"Forethought","floor":47}],"player_experience":208324,"relics_obtained":[{"floor":6,"key":"Bird Faced Urn"},{"floor":8,"key":"Shuriken"},{"floor":9,"key":"Letter Opener"},{"floor":11,"key":"Bottled Tornado"},{"floor":13,"key":"Strawberry"},{"floor":26,"key":"Matryoshka"},{"floor":29,"key":"Pear"},{"floor":29,"key":"Pocketwatch"},{"floor":30,"key":"Thread and Needle"},{"floor":30,"key":"War Paint"},{"floor":42,"key":"Ornamental Fan"},{"floor":43,"key":"Art of War"}],"event_choices":[{"damage_healed":0,"gold_gain":0,"player_choice":"Leave","damage_taken":0,"max_hp_gain":0,"max_hp_loss":0,"event_name":"FaceTrader","floor":2,"gold_loss":0},{"cards_removed":["Strike_B"],"damage_healed":0,"gold_gain":0,"player_choice":"Elegance","damage_taken":0,"max_hp_gain":0,"max_hp_loss":0,"event_name":"Back to Basics","floor":28,"gold_loss":0},{"damage_healed":0,"gold_gain":0,"player_choice":"Upgraded","damage_taken":0,"max_hp_gain":0,"max_hp_loss":0,"event_name":"Upgrade Shrine","floor":39,"gold_loss":0,"cards_upgraded":["Tempest"]},{"damage_healed":0,"gold_gain":0,"player_choice":"Memory 1","damage_taken":0,"max_hp_gain":0,"max_hp_loss":0,"event_name":"SensoryStone","floor":47,"gold_loss":0},{"damage_healed":0,"gold_gain":0,"player_choice":"Max HP","damage_taken":0,"max_hp_gain":0,"max_hp_loss":5,"event_name":"Winding Halls","floor":48,"gold_loss":0}],"is_beta":false,"boss_relics":[{"not_picked":["Philosopher\u0027s Stone","Tiny House"],"picked":"Busted Crown"},{"not_picked":["SacredBark","Empty Cage"],"picked":"Nuclear Battery"}],"items_purged_floors":[19],"is_endless":false,"potions_floor_spawned":[3,8,13,14,16,18,21,33,37,38,45],"ascension_level":1}}