{"host":"sav7uxregyirlf69","time":1613227154,"event":{"mods":["AchievementEnabler","BaseMod","Colored Map","DeckTracker","Keyboard Shortcuts","Minty Spire (QoL Compilation)","READ ME - Guardian Mod","StSLib","SuperFastMode"],"gold_per_floor":[19,19,19,38,38,38,54,104,128,139,155,171,171,190,190,265,265,284,284,189,218,133,133,156,156,225,251,151,175,190,204,204,204,204],"floor_reached":33,"language":"KOR","playtime":792,"items_purged":["Strike_B","Strike_B"],"score":586,"play_id":"9c74212b-3241-4c99-9d70-92c4821d8c47","local_time":"20210213233914","is_ascension_mode":true,"campfire_choices":[{"data":"Dualcast","floor":6,"key":"SMITH"},{"data":"Fusion","floor":15,"key":"SMITH"},{"data":"Capacitor","floor":23,"key":"SMITH"},{"data":"Coolheaded","floor":25,"key":"SMITH"},{"data":"Go for the Eyes","floor":32,"key":"SMITH"}],"circlet_count":0,"master_deck":["AscendersBane","Strike_B","Strike_B","Defend_B","Defend_B","Defend_B","Defend_B","Zap","Dualcast+1","Capacitor+1","Steam","Ball Lightning","Coolheaded+1","Fusion+1","Go for the Eyes+1","Compile Driver","Glacier","Echo Form","Hologram","Coolheaded+1"],"relics":["FrozenCore","WingedGreaves","WarpedTongs","Bag of Marbles","CeramicFish","Meat on the Bone","Letter Opener"],"acts_visited":["Exordium","TheCity"],"potions_floor_usage":[16,24,29,31,33],"damage_taken":[{"damage":2,"enemies":"Cultist","floor":1,"turns":4},{"damage":7,"enemies":"Jaw Worm","floor":4,"turns":3},{"damage":2,"enemies":"Small Slimes","floor":7,"turns":3},{"damage":1,"enemies":"Exordium Thugs","floor":10,"turns":4},{"damage":0,"enemies":"3 Louse","floor":11,"turns":3},{"damage":0,"enemies":"Looter","floor":12,"turns":2},{"damage":3,"enemies":"2 Fungi Beasts","floor":14,"turns":3},{"damage":0,"enemies":"The Guardian","floor":16,"turns":12},{"damage":11,"enemies":"Chosen","floor":18,"turns":7},{"damage":18,"enemies":"Shell Parasite","floor":21,"turns":7},{"damage":6,"enemies":"Shelled Parasite and Fungi","floor":24,"turns":9},{"damage":12,"enemies":"Centurion and Healer","floor":27,"turns":10},{"damage":20,"enemies":"Chosen and Byrds","floor":29,"turns":6},{"damage":0,"enemies":"Snake Plant","floor":30,"turns":8},{"damage":26,"enemies":"Sentry and Sphere","floor":31,"turns":13},{"damage":61,"enemies":"Automaton","floor":33,"turns":12}],"seed_played":"-4900380310540371185","potions_obtained":[{"floor":1,"key":"PowerPotion"},{"floor":4,"key":"EssenceOfDarkness"},{"floor":16,"key":"CultistPotion"},{"floor":18,"key":"Block Potion"},{"floor":29,"key":"Regen Potion"},{"floor":30,"key":"Block Potion"}],"is_trial":false,"path_per_floor":["M","?","$","M","?","R","M","?","T","M","M","M","?","M","R","B",null,"M","?","$","M","?","R","M","R","T","M","$","M","M","M","R","B"],"character_chosen":"DEFECT","items_purchased":["Compile Driver"],"campfire_rested":0,"item_purchase_floors":[20],"current_hp_per_floor":[62,62,62,55,55,55,53,53,53,52,52,52,47,44,44,44,64,53,53,53,35,35,35,41,41,41,41,41,33,45,46,46,0,0],"gold":204,"neow_bonus":"ONE_RARE_RELIC","is_daily":false,"chose_seed":false,"campfire_upgraded":5,"win_rate":0.0,"timestamp":1613227154,"path_taken":["M","?","?","?","?","R","M","?","T","?","M","M","?","M","R","BOSS","M","?","$","M","?","R","M","R","T","M","$","M","M","M","R","BOSS"],"items_purchased_type":["Card"],"build_version":"2020-12-22","purchased_purges":2,"victory":false,"max_hp_per_floor":[71,71,71,71,71,71,71,71,71,71,71,71,71,71,71,71,71,71,71,71,71,71,71,71,71,71,71,71,71,71,71,71,71,71],"card_choices":[{"not_picked":["Glacier","Beam Cell"],"picked":"Capacitor","floor":1},{"not_picked":["Static Discharge","Steam Power"],"picked":"Steam","floor":4},{"not_picked":["Steam","Leap"],"picked":"Ball Lightning","floor":7},{"not_picked":["Stack","Gash","All For One"],"picked":"SKIP","floor":10},{"not_picked":["Gash","Turbo","Redo"],"picked":"SKIP","floor":11},{"not_picked":["Conserve Battery","Scrape"],"picked":"Coolheaded","floor":12},{"not_picked":["Barrage","Streamline"],"picked":"Fusion","floor":14},{"not_picked":["Steam+1","Coolheaded"],"picked":"Go for the Eyes","floor":18},{"not_picked":["Beam Cell","Go for the Eyes"],"picked":"Glacier","floor":21},{"not_picked":["Barrage","Leap+1"],"picked":"Echo Form","floor":24},{"not_picked":["Sunder","Sweeping Beam"],"picked":"Hologram","floor":27},{"not_picked":["Hologram","Leap"],"picked":"Coolheaded+1","floor":29},{"not_picked":["Coolheaded","Conserve Battery","Darkness"],"picked":"SKIP","floor":30},{"not_picked":["Steam","Hologram+1","Glacier"],"picked":"SKIP","floor":31}],"player_experience":1564979,"relics_obtained":[{"floor":9,"key":"Bag of Marbles"},{"floor":26,"key":"Letter Opener"}],"event_choices":[{"damage_healed":0,"gold_gain":0,"player_choice":"Rummage","damage_taken":0,"relics_obtained":["WarpedTongs"],"max_hp_gain":0,"max_hp_loss":0,"event_name":"Accursed Blacksmith","floor":2,"gold_loss":0,"cards_obtained":["Pain"]},{"cards_removed":["Pain"],"damage_healed":0,"gold_gain":0,"player_choice":"Forget","damage_taken":0,"max_hp_gain":0,"max_hp_loss":0,"event_name":"Living Wall","floor":5,"gold_loss":0},{"damage_healed":0,"gold_gain":50,"player_choice":"Pray","damage_taken":0,"max_hp_gain":0,"max_hp_loss":0,"event_name":"Golden Shrine","floor":8,"gold_loss":0},{"damage_healed":0,"gold_gain":0,"player_choice":"Success","damage_taken":5,"relics_obtained":["CeramicFish"],"max_hp_gain":0,"max_hp_loss":0,"event_name":"Scrap Ooze","floor":13,"gold_loss":0},{"damage_healed":0,"gold_gain":0,"player_choice":"Ignored","damage_taken":0,"max_hp_gain":0,"max_hp_loss":0,"event_name":"Ghosts","floor":19,"gold_loss":0},{"damage_healed":0,"gold_gain":0,"player_choice":"Obtained Relic","damage_taken":0,"relics_obtained":["Meat on the Bone"],"max_hp_gain":0,"max_hp_loss":0,"event_name":"Addict","floor":22,"gold_loss":85}],"is_beta":false,"boss_relics":[{"not_picked":["Calling Bell","Coffee Dripper"],"picked":"FrozenCore"}],"items_purged_floors":[20,28],"is_endless":false,"potions_floor_spawned":[1,4,7,16,18,21,29,30],"killed_by":"Automaton","ascension_level":20}}