{"host":"knk89g45d3vzr5fm","time":1613242458,"event":{"mods":["2.2 Compatiblity","BaseMod","Downfall","Minty Spire (QoL Compilation)","Relic Stats","Reliquary","Replay The Spire","StSLib","The Marked"],"gold_per_floor":[99,112,128,128,144,144,144,10,44,44,78,93,105,140,159,254,254,254,269,289,42,60,77,102,116,148,164,199,199,212,212,212,212,212],"floor_reached":32,"language":"FRA","playtime":2310,"items_purged":[],"score":523,"play_id":"38ec31cc-bd94-44a4-b3a3-6de2a29d767a","local_time":"20210213195418","is_ascension_mode":true,"campfire_choices":[{"floor":18,"key":"DIG"},{"floor":29,"key":"RECALL"}],"circlet_count":0,"master_deck":["sneckomod:Defend","sneckomod:Defend","sneckomod:Defend","sneckomod:TailWhip","sneckomod:SnekBite","sneckomod:Unknown+1","sneckomod:UnknownUncommonPower","sneckomod:SoulCleanse","sneckomod:SoulCleanse+1","sneckomod:Rotation","sneckomod:SoulCleanse","sneckomod:UnknownUncommonPower","sneckomod:UnknownClassBLUE","sneckomod:ImprovisedGuard","sneckomod:Unknown1Cost","sneckomod:UnknownClassBLUE","sneckomod:UnknownColorless","sneckomod:QuickMove","sneckomod:SoulRoll","sneckomod:QuickBite","sneckomod:UnknownRarePower","sneckomod:UnknownUncommonAttack","sneckomod:UnknownDraw","sneckomod:SoulRoll","sneckomod:UnknownClassGREEN+1","expansioncontent:InvincibleStrength","sneckomod:SnakeSap","sneckomod:UnknownDexterity","sneckomod:Restock","sneckomod:UnknownClassRED","sneckomod:UnknownClassHEXA_GHOST_PURPLE+1","sneckomod:UnlimitedRolls","sneckomod:SoulRoll+1","sneckomod:UnknownUncommonPower","sneckomod:Rotation"],"relics":["sneckomod:SneckoTalon","downfall:ShatteredFragment","Mercury Hourglass","reliquary:ExpiredCoupon","sneckomod:SneckoCommon","Simple Rune","Prayer Wheel","Replay:Drink Me","Centennial Puzzle","Oddly Smooth Stone","War Paint","Gremlin Food","Prayer Wheel","Replay:Mystery Machine"],"acts_visited":["Exordium","TheCity"],"potions_floor_usage":[11,11,15,16,16,26,28,28],"damage_taken":[{"damage":5,"enemies":"Jaw Worm","floor":2,"turns":2},{"damage":1,"enemies":"Cultist","floor":3,"turns":3},{"damage":2,"enemies":"2 Louse","floor":5,"turns":3},{"damage":0,"enemies":"downfall:FleeingMerchant","floor":8,"turns":4},{"damage":15,"enemies":"3 Sentries","floor":9,"turns":4},{"damage":7,"enemies":"Gremlin Nob","floor":11,"turns":3},{"damage":10,"enemies":"Gremlin Gang","floor":12,"turns":3},{"damage":21,"enemies":"Blue Slaver","floor":13,"turns":3},{"damage":16,"enemies":"Lagavulin","floor":14,"turns":5},{"damage":1,"enemies":"Large Slime","floor":15,"turns":5},{"damage":26,"enemies":"IC_STATUS_ARCHETYPE","floor":16,"turns":8},{"damage":0,"enemies":"3 Byrds","floor":19,"turns":5},{"damage":0,"enemies":"Chosen","floor":20,"turns":4},{"damage":0,"enemies":"downfall:FleeingMerchant","floor":21,"turns":4},{"damage":0,"enemies":"Snecko","floor":22,"turns":5},{"damage":0,"enemies":"Cultist and Chosen","floor":23,"turns":5},{"damage":0,"enemies":"Centurion and Healer","floor":25,"turns":5},{"damage":10,"enemies":"Book of Stabbing","floor":26,"turns":6},{"damage":10,"enemies":"Sentry and Sphere","floor":27,"turns":5},{"damage":0,"enemies":"Slavers","floor":28,"turns":4},{"damage":29,"enemies":"Snake Plant","floor":30,"turns":4},{"damage":35,"enemies":"Cultist and Chosen","floor":32,"turns":7}],"seed_played":"1942665351478244688","potions_obtained":[{"floor":5,"key":"Strength Potion"},{"floor":9,"key":"Regen Potion"},{"floor":12,"key":"sneckomod:MuddlingPotion"},{"floor":13,"key":"Strength Potion"},{"floor":14,"key":"Regen Potion"},{"floor":15,"key":"BlessingOfTheForge"},{"floor":20,"key":"SkillPotion"},{"floor":23,"key":"AttackPotion"},{"floor":27,"key":"Explosive Potion"}],"is_trial":false,"path_per_floor":["R","M","M","?","M","?","T","$","E","?","E","M","M","E","M","B",null,"R","M","M","$","M","M","T","M","E","M","E","R","M","?","M"],"character_chosen":"THE_SNECKO","items_purchased":["sneckomod:UnknownUncommonPower","sneckomod:UnknownClassBLUE","Oddly Smooth Stone","expansioncontent:InvincibleStrength"],"campfire_rested":0,"item_purchase_floors":[8,8,21,21],"current_hp_per_floor":[90,85,84,84,82,61,61,61,46,46,48,38,17,17,28,2,52,52,52,52,52,52,52,52,52,42,32,32,32,3,25,0,0,0],"gold":212,"neow_bonus":"BOSS_RELIC","is_daily":false,"chose_seed":false,"campfire_upgraded":0,"win_rate":0.0,"timestamp":1613242458,"path_taken":["R","M","M","?","?","?","T","$","E","?","E","M","M","E","M","BOSS","R","M","M","$","?","M","T","M","E","M","E","R","M","?","M"],"items_purchased_type":["Card","Card","Relic","Card"],"build_version":"2020-12-22","purchased_purges":0,"victory":false,"max_hp_per_floor":[90,90,90,90,90,90,90,90,90,90,90,90,90,90,90,90,68,68,68,68,68,68,68,68,68,68,68,68,68,68,68,68,68,68],"relic_stats":{"Centennial Puzzle":[12],"counters":[22,96],"Prayer Wheel":7,"War Paint":["sneckomod:Unknown","sneckomod:UnknownClassGREEN"],"obtain_stats":[{"Gremlin Food":26,"downfall:ShatteredFragment":6,"sneckomod:SneckoCommon":11,"Oddly Smooth Stone":21,"War Paint":24,"Replay:Mystery Machine":28,"sneckomod:SneckoSoul":0,"sneckomod:SneckoTalon":0,"Mercury Hourglass":7,"reliquary:ExpiredCoupon":9,"Centennial Puzzle":18,"Simple Rune":14,"Prayer Wheel":16,"Replay:Drink Me":17},{"Gremlin Food":18,"downfall:ShatteredFragment":3,"sneckomod:SneckoCommon":6,"Oddly Smooth Stone":14,"War Paint":16,"Replay:Mystery Machine":20,"sneckomod:SneckoSoul":0,"sneckomod:SneckoTalon":0,"Mercury Hourglass":3,"reliquary:ExpiredCoupon":5,"Centennial Puzzle":11,"Simple Rune":9,"Prayer Wheel":11,"Replay:Drink Me":11},{"Gremlin Food":76,"downfall:ShatteredFragment":8,"sneckomod:SneckoCommon":19,"Oddly Smooth Stone":55,"War Paint":65,"Replay:Mystery Machine":85,"sneckomod:SneckoSoul":0,"sneckomod:SneckoTalon":0,"Mercury Hourglass":8,"reliquary:ExpiredCoupon":16,"Centennial Puzzle":42,"Simple Rune":29,"Prayer Wheel":36,"Replay:Drink Me":42}],"Mercury Hourglass":[336]},"card_choices":[{"not_picked":["sneckomod:SerpentIdol","sneckomod:IronFang"],"picked":"sneckomod:UnknownUncommonPower","floor":2},{"not_picked":["sneckomod:DefensiveFlair","sneckomod:DiceBoulder"],"picked":"sneckomod:SoulCleanse","floor":3},{"not_picked":["sneckomod:UnknownClassGUARDIAN","sneckomod:UnknownCommonSkill"],"picked":"sneckomod:Rotation","floor":5},{"not_picked":["sneckomod:UnknownClassGUARDIAN","sneckomod:SnekBeam"],"picked":"sneckomod:SoulCleanse","floor":8},{"not_picked":["sneckomod:UnknownClassGUARDIAN","sneckomod:SnekBeam"],"picked":"sneckomod:ImprovisedGuard","floor":9},{"not_picked":["sneckomod:UnknownClassMARKED_PURPLE_COLOR","sneckomod:UnknownClassTHE_CHAMP_GRAY"],"picked":"sneckomod:Unknown1Cost","floor":11},{"not_picked":["sneckomod:UnknownClassTHE_CHAMP_GRAY","sneckomod:UnknownClassSLIMEBOUND"],"picked":"sneckomod:UnknownColorless","floor":11},{"not_picked":["sneckomod:RainOfDice","sneckomod:UnknownDraw"],"picked":"sneckomod:QuickMove","floor":12},{"not_picked":["sneckomod:IronFang","sneckomod:DiceBoulder"],"picked":"sneckomod:SoulRoll","floor":13},{"not_picked":["sneckomod:ImprovisedGuard","sneckomod:UnknownCommonSkill"],"picked":"sneckomod:QuickBite","floor":14},{"not_picked":["sneckomod:QuickBite","sneckomod:SnekBeam","sneckomod:DiceBlock"],"picked":"SKIP","floor":15},{"not_picked":["sneckomod:UnknownBoss","sneckomod:Cheat"],"picked":"sneckomod:UnknownRarePower","floor":16},{"not_picked":["sneckomod:UnknownClassMARKED_PURPLE_COLOR","sneckomod:RainOfDice"],"picked":"sneckomod:UnknownUncommonAttack","floor":19},{"not_picked":["sneckomod:UnknownColorless","sneckomod:UnknownCommonAttack+1","sneckomod:UnknownClassGUARDIAN"],"picked":"SKIP","floor":19},{"not_picked":["sneckomod:WideSting","sneckomod:Nope"],"picked":"sneckomod:UnknownDraw","floor":20},{"not_picked":["sneckomod:SoulDraw","sneckomod:UnknownClassTHE_BRONZE_AUTOMATON"],"picked":"sneckomod:SoulRoll","floor":20},{"not_picked":["sneckomod:UnknownClassTHE_CHAMP_GRAY+1","sneckomod:UnknownDexterity+1"],"picked":"sneckomod:UnknownClassGREEN","floor":21},{"not_picked":["sneckomod:WideSting","sneckomod:IronFang","sneckomod:Unknown1Cost"],"picked":"SKIP","floor":22},{"not_picked":["sneckomod:UnknownClassTHE_BRONZE_AUTOMATON","sneckomod:UnknownVulnerable","sneckomod:DiceCrush"],"picked":"SKIP","floor":22},{"not_picked":["sneckomod:UnknownClassHEXA_GHOST_PURPLE+1","sneckomod:DiceCrush"],"picked":"sneckomod:SnakeSap","floor":23},{"not_picked":["sneckomod:UnknownWeak","sneckomod:MixItUp"],"picked":"sneckomod:UnknownDexterity","floor":23},{"not_picked":["sneckomod:UnknownCommonAttack","sneckomod:UnknownClassSLIMEBOUND"],"picked":"sneckomod:Restock","floor":25},{"not_picked":["sneckomod:UnknownClassPURPLE","sneckomod:Unknown1Cost"],"picked":"sneckomod:UnknownClassRED","floor":25},{"not_picked":["sneckomod:RainOfDice","sneckomod:UnknownClassSLIMEBOUND"],"picked":"sneckomod:UnknownClassHEXA_GHOST_PURPLE+1","floor":26},{"not_picked":["sneckomod:SoulRoll","sneckomod:WideSting"],"picked":"sneckomod:UnlimitedRolls","floor":27},{"not_picked":["sneckomod:UnknownUncommonSkill","sneckomod:DiceBlock","sneckomod:UnknownClassSLIMEBOUND"],"picked":"SKIP","floor":27},{"not_picked":["sneckomod:Unknown1Cost","sneckomod:SoulDraw","sneckomod:SnakeSap"],"picked":"SKIP","floor":28},{"not_picked":["sneckomod:WideSting","sneckomod:UnknownClassTHE_CHAMP_GRAY"],"picked":"sneckomod:SoulRoll+1","floor":30},{"not_picked":["sneckomod:UnknownColorless","sneckomod:UnknownCommonSkill"],"picked":"sneckomod:UnknownUncommonPower","floor":30},{"not_picked":["sneckomod:UnknownClassBLUE","sneckomod:UnknownStrike"],"picked":"sneckomod:Rotation","floor":30}],"player_experience":2138648,"relics_obtained":[{"floor":7,"key":"Mercury Hourglass"},{"floor":9,"key":"reliquary:ExpiredCoupon"},{"floor":11,"key":"sneckomod:SneckoCommon"},{"floor":14,"key":"Simple Rune"},{"floor":18,"key":"Centennial Puzzle"},{"floor":24,"key":"War Paint"},{"floor":26,"key":"Gremlin Food"},{"floor":28,"key":"Replay:Mystery Machine"}],"event_choices":[{"cards_removed":["sneckomod:Strike"],"damage_healed":0,"gold_gain":0,"player_choice":"Offered Basic","damage_taken":0,"max_hp_gain":0,"max_hp_loss":0,"event_name":"Bonfire Elementals","floor":10,"gold_loss":0},{"damage_healed":22,"gold_gain":0,"player_choice":"Heal","damage_taken":0,"max_hp_gain":0,"max_hp_loss":0,"event_name":"The Library","floor":31,"gold_loss":0}],"is_beta":false,"boss_relics":[{"not_picked":["Busted Crown","Painkiller Herb"],"picked":"Replay:Drink Me"}],"items_purged_floors":[],"is_endless":false,"potions_floor_spawned":[5,9,12,13,14,15,20,23,27],"killed_by":"Cultist and Chosen","ascension_level":8}}