{"host":"re327vnqwpdy5ott","time":1613202754,"event":{"mods":["BaseMod","Conspire","Downfall","Hubris","Infinite Spire","Marisa????????","Minty Spire (QoL Compilation)","Replay The Spire","StSLib"],"gold_per_floor":[99,111,126,126,144,144,144,162,187,198,108,108,108,118,129,227,227,227,237,253,266,280,280,280,291,291,104,122,122,140,156,170,170,170,170],"floor_reached":33,"language":"ENG","playtime":2416,"items_purged":["conspire:Blindness","bronze:Strike"],"score":257,"play_id":"9bb76895-2a47-49f3-ba07-ef41afc9d30f","local_time":"20210212235234","is_ascension_mode":false,"campfire_choices":[{"data":"bronze:Goto","floor":1,"key":"SMITH"},{"floor":29,"key":"REST"}],"circlet_count":0,"master_deck":["bronze:Strike","bronze:Strike","bronze:Strike","bronze:Defend","bronze:Defend","bronze:Defend","bronze:Defend","bronze:Replicate+1","bronze:Goto+1","bronze:Fortify+1","bronze:Frontload+1","bronze:Branch","bronze:Boost+1","bronze:ChosenStrike","CurseOfTheBell","bronze:Terminator","bronze:Assembly","bronze:Optimize"],"relics":["bronze:BronzeCore","hubris:GlazedTorus","hubris:DeckOfHolding","hubris:SlimyHat","conspire:Dentures","Calling Bell","Art of War","Replay:Bottled Eggs","Gambling Chip","Enchiridion","Bottled Flame","hubris:Towel"],"acts_visited":["Exordium","TheCity"],"potions_floor_usage":[16,32],"damage_taken":[{"damage":7,"enemies":"Small Slimes","floor":2,"turns":4},{"damage":0,"enemies":"Cultist","floor":3,"turns":4},{"damage":7,"enemies":"2 Louse","floor":5,"turns":4},{"damage":11,"enemies":"Exordium Thugs","floor":8,"turns":4},{"damage":14,"enemies":"3 Sentries","floor":9,"turns":8},{"damage":0,"enemies":"Blue Slaver","floor":10,"turns":3},{"damage":0,"enemies":"downfall:FleeingMerchant","floor":11,"turns":4},{"damage":12,"enemies":"3 Louse","floor":14,"turns":4},{"damage":9,"enemies":"Large Slime","floor":15,"turns":5},{"damage":8,"enemies":"WA_ARCHETYPE_RETAIN","floor":16,"turns":8},{"damage":4,"enemies":"Spheric Guardian","floor":19,"turns":4},{"damage":15,"enemies":"Shell Parasite","floor":20,"turns":6},{"damage":0,"enemies":"Centurion and Healer","floor":21,"turns":6},{"damage":12,"enemies":"Cultist and Chosen","floor":22,"turns":4},{"damage":1,"enemies":"3 Cultists","floor":25,"turns":5},{"damage":4,"enemies":"downfall:FleeingMerchant","floor":27,"turns":4},{"damage":5,"enemies":"Snake Plant","floor":28,"turns":3},{"damage":7,"enemies":"Shelled Parasite and Fungi","floor":30,"turns":4},{"damage":2,"enemies":"conspire:HollyBat","floor":31,"turns":7},{"damage":15,"enemies":"Chosen and Byrds","floor":32,"turns":4},{"damage":12,"enemies":"SI_MIRROR_ARCHETYPE","floor":33,"turns":8}],"seed_played":"-912472760167582721","potions_obtained":[{"floor":2,"key":"PowerPotion"},{"floor":4,"key":"Weak Potion"},{"floor":4,"key":"FearPotion"},{"floor":16,"key":"Fire Potion"},{"floor":32,"key":"Fire Potion"}],"is_trial":false,"path_per_floor":["R","M","M","?","M","?","T","M","E","M","$","T","?","M","M","B",null,"R","M","M","M","M","?","T","M","?","$","M","R","M","M","M","B"],"character_chosen":"THE_AUTOMATON","items_purchased":["bronze:Optimize"],"campfire_rested":1,"item_purchase_floors":[27],"current_hp_per_floor":[70,63,63,63,56,56,56,45,31,31,31,31,31,19,10,2,70,54,50,35,35,23,23,23,22,22,18,13,34,27,25,10,0,0,0],"gold":170,"neow_bonus":"ONE_RARE_RELIC","is_daily":false,"chose_seed":false,"campfire_upgraded":1,"win_rate":0.0,"timestamp":1613202754,"path_taken":["R","M","M","?","?","?","T","?","E","M","?","?","?","M","M","BOSS","R","M","M","M","M","?","T","M","?","$","M","R","M","M","M","BOSS"],"items_purchased_type":["Card"],"build_version":"2020-12-22","purchased_purges":2,"victory":false,"max_hp_per_floor":[70,70,70,70,70,70,70,70,70,70,70,70,70,70,70,70,70,70,70,70,70,70,70,70,70,70,70,70,70,70,70,70,70,70,70],"card_choices":[{"not_picked":["bronze:CutThrough","bronze:ChildClass"],"picked":"bronze:Fortify","floor":2},{"not_picked":["bronze:WildBeam","bronze:Separator"],"picked":"bronze:Frontload","floor":3},{"not_picked":["bronze:ItsAFeature","bronze:BuggyMess"],"picked":"bronze:Branch","floor":5},{"not_picked":["bronze:WildBeam","bronze:BitShift","bronze:DigitalCarnage"],"picked":"SKIP","floor":8},{"not_picked":["bronze:DelayedSlice","bronze:Invalidate","bronze:Iterate"],"picked":"SKIP","floor":9},{"not_picked":["bronze:CloningBeam","bronze:Terminator"],"picked":"bronze:Boost","floor":10},{"not_picked":["bronze:Safeguard","bronze:FineTuning","bronze:WhirlingStrike"],"picked":"SKIP","floor":11},{"not_picked":["bronze:Verify","bronze:Invalidate"],"picked":"bronze:ChosenStrike","floor":14},{"not_picked":["bronze:ChosenStrike","bronze:MaxOutput","bronze:BitShift"],"picked":"SKIP","floor":15},{"not_picked":["bronze:FineTuning","bronze:Turbo","bronze:WildBeam+1"],"picked":"SKIP","floor":19},{"not_picked":["bronze:FineTuning","bronze:Turbo","bronze:WildBeam+1"],"picked":"SKIP","floor":19},{"not_picked":["bronze:BugBarrage","bronze:BuggyMess","bronze:Overheat"],"picked":"SKIP","floor":20},{"not_picked":["bronze:Constructor","bronze:WildBeam"],"picked":"bronze:Terminator","floor":21},{"not_picked":["bronze:Turbo","bronze:Repulsor"],"picked":"bronze:Assembly","floor":22},{"not_picked":["bronze:FineTuning","bronze:OilSpill","bronze:BuggyMess+1"],"picked":"SKIP","floor":25},{"not_picked":["bronze:DelayedGuard","bronze:Return","bronze:Invalidate"],"picked":"SKIP","floor":27},{"not_picked":["bronze:Return","bronze:Constructor","bronze:FineTuning"],"picked":"SKIP","floor":28},{"not_picked":["bronze:WhirlingStrike+1","bronze:Deprecate+1","bronze:Branch"],"picked":"SKIP","floor":30},{"not_picked":["bronze:DelayedGuard+1","bronze:WildBeam+1","bronze:Optimize"],"picked":"SKIP","floor":31},{"not_picked":["bronze:BronzeArmor","bronze:ClassDefault","bronze:Invalidate"],"picked":"SKIP","floor":32}],"player_experience":279375,"relics_obtained":[{"floor":7,"key":"hubris:DeckOfHolding"},{"floor":9,"key":"hubris:SlimyHat"},{"floor":12,"key":"conspire:Dentures"},{"floor":17,"key":"Art of War"},{"floor":17,"key":"Replay:Bottled Eggs"},{"floor":17,"key":"Gambling Chip"},{"floor":18,"key":"Enchiridion"},{"floor":24,"key":"Bottled Flame"}],"event_choices":[{"damage_healed":0,"gold_gain":0,"player_choice":"Got Potions","damage_taken":0,"max_hp_gain":0,"max_hp_loss":0,"event_name":"Lab","floor":4,"gold_loss":0},{"damage_healed":0,"gold_gain":0,"player_choice":"Ignored","damage_taken":0,"max_hp_gain":0,"max_hp_loss":0,"event_name":"Vampires","floor":23,"gold_loss":0}],"is_beta":false,"boss_relics":[{"not_picked":["hubris:Stopwatch","conspire:SeveredTorchhead"],"picked":"Calling Bell"}],"items_purged_floors":[11,27],"is_endless":false,"potions_floor_spawned":[2,5,9,15,16,20,21,30,31,32],"killed_by":"SI_MIRROR_ARCHETYPE","ascension_level":0}}