{"host":"ifvrsrzj00f2ebkn","time":1613230742,"event":{"mods":["BaseMod","Colored Map","Colored Powertips","Minty Spire (QoL Compilation)","Random Character Button","StSLib"],"gold_per_floor":[111,186,186,186,186,186,206,247,296,296,296,310,44,69,69,195,195,185,185,185,210,210,210,234,234,316,316,331,331,231,249,249,249,249],"floor_reached":33,"language":"ENG","playtime":2193,"items_purged":["Injury","Bite"],"score":268,"play_id":"1c982043-e4fd-4533-8cb2-253641512615","local_time":"20210213233902","is_ascension_mode":false,"campfire_choices":[{"data":"Defend_R","floor":6,"key":"SMITH"},{"floor":10,"key":"REST"},{"floor":15,"key":"REST"},{"data":"Inflame","floor":23,"key":"SMITH"},{"floor":25,"key":"REST"},{"floor":29,"key":"REST"},{"data":"Apotheosis","floor":32,"key":"SMITH"}],"circlet_count":0,"master_deck":["Defend_R+1","Defend_R+1","Defend_R+1","Defend_R+1","Headbutt","Inflame+1","Flex","Battle Trance","Apotheosis+1","Twin Strike","Twin Strike","Demon Form","CurseOfTheBell","Pummel+1","Bite","Bite","Bite","Bite","Hemokinesis","Necronomicurse","Pommel Strike","Hemokinesis","Cleave"],"relics":["Burning Blood","Pen Nib","Golden Idol","Dream Catcher","Matryoshka","Nunchaku","Juzu Bracelet","Red Skull","Calling Bell","Strawberry","Mummified Hand","Bird Faced Urn","Necronomicon","Paper Frog","Eternal Feather"],"acts_visited":["Exordium","TheCity"],"potions_floor_usage":[8,16,28,28,28],"damage_taken":[{"damage":5,"enemies":"Small Slimes","floor":1,"turns":6},{"damage":1,"enemies":"Jaw Worm","floor":7,"turns":5},{"damage":61,"enemies":"Gremlin Nob","floor":8,"turns":6},{"damage":0,"enemies":"2 Louse","floor":12,"turns":1},{"damage":2,"enemies":"Blue Slaver","floor":14,"turns":4},{"damage":42,"enemies":"Hexaghost","floor":16,"turns":8},{"damage":12,"enemies":"2 Thieves","floor":18,"turns":4},{"damage":23,"enemies":"Chosen","floor":21,"turns":5},{"damage":42,"enemies":"Snake Plant","floor":24,"turns":4},{"damage":12,"enemies":"3 Cultists","floor":28,"turns":4},{"damage":26,"enemies":"Centurion and Healer","floor":31,"turns":5},{"damage":71,"enemies":"Automaton","floor":33,"turns":6}],"seed_played":"326212735598801563","potions_obtained":[{"floor":1,"key":"SteroidPotion"},{"floor":14,"key":"Block Potion"},{"floor":16,"key":"EntropicBrew"},{"floor":24,"key":"Dexterity Potion"},{"floor":28,"key":"ColorlessPotion"}],"is_trial":false,"path_per_floor":["M","?","?","T","?","R","M","E","T","R","?","M","$","M","R","B",null,"M","?","?","M","?","R","M","R","T","?","M","R","$","M","R","B"],"character_chosen":"IRONCLAD","items_purchased":["Apotheosis"],"campfire_rested":4,"item_purchase_floors":[13],"current_hp_per_floor":[80,69,69,69,62,62,67,12,12,36,36,42,42,46,70,34,87,85,85,60,54,38,38,16,34,34,34,33,60,60,48,60,0,0],"gold":249,"neow_bonus":"RANDOM_COMMON_RELIC","is_daily":false,"chose_seed":false,"campfire_upgraded":3,"win_rate":0.0,"timestamp":1613230742,"path_taken":["M","?","?","?","?","R","M","E","T","R","?","M","?","M","R","BOSS","M","?","?","M","?","R","M","R","T","?","M","R","$","M","R","BOSS"],"items_purchased_type":["Card"],"build_version":"2020-12-22","purchased_purges":2,"victory":false,"max_hp_per_floor":[80,80,80,80,80,80,80,80,80,80,80,80,80,80,80,80,87,87,87,60,60,60,60,60,60,60,60,60,60,60,60,60,60,60],"card_choices":[{"not_picked":["Fire Breathing","Iron Wave"],"picked":"Headbutt","floor":1},{"not_picked":["Ghostly Armor","Iron Wave","Perfected Strike"],"picked":"SKIP","floor":7},{"not_picked":["Clash","Immolate"],"picked":"Inflame","floor":8},{"not_picked":["Uppercut","Wild Strike"],"picked":"Flex","floor":10},{"not_picked":["Burning Pact","Armaments"],"picked":"Battle Trance","floor":12},{"not_picked":["Headbutt","Fire Breathing"],"picked":"Twin Strike","floor":14},{"not_picked":["Headbutt","Carnage"],"picked":"Twin Strike","floor":15},{"not_picked":["Fiend Fire","Limit Break"],"picked":"Demon Form","floor":16},{"not_picked":["Dropkick+1","Thunderclap"],"picked":"Pummel+1","floor":18},{"not_picked":["Twin Strike+1","Sword Boomerang"],"picked":"Hemokinesis","floor":21},{"not_picked":["Barricade","Intimidate"],"picked":"Pommel Strike","floor":24},{"not_picked":["Clothesline","Iron Wave"],"picked":"Hemokinesis","floor":25},{"not_picked":["Heavy Blade","Armaments","Rage"],"picked":"SKIP","floor":28},{"not_picked":["Anger+1","Reckless Charge+1"],"picked":"Cleave","floor":29},{"not_picked":["Clothesline+1","Sword Boomerang","Warcry"],"picked":"SKIP","floor":31},{"not_picked":["Clothesline+1","Sword Boomerang","Warcry"],"picked":"SKIP","floor":31}],"player_experience":22779,"relics_obtained":[{"floor":4,"key":"Dream Catcher"},{"floor":8,"key":"Nunchaku"},{"floor":9,"key":"Juzu Bracelet"},{"floor":9,"key":"Red Skull"},{"floor":17,"key":"Strawberry"},{"floor":17,"key":"Mummified Hand"},{"floor":17,"key":"Bird Faced Urn"},{"floor":22,"key":"Necronomicon"},{"floor":26,"key":"Paper Frog"},{"floor":26,"key":"Eternal Feather"}],"event_choices":[{"damage_healed":0,"gold_gain":75,"player_choice":"Gather Gold","damage_taken":11,"max_hp_gain":0,"max_hp_loss":0,"event_name":"World of Goop","floor":2,"gold_loss":0},{"damage_healed":0,"gold_gain":0,"player_choice":"Take Wound","damage_taken":0,"relics_obtained":["Golden Idol"],"max_hp_gain":0,"max_hp_loss":0,"event_name":"Golden Idol","floor":3,"gold_loss":0,"cards_obtained":["Injury"]},{"damage_healed":0,"gold_gain":0,"player_choice":"Success","damage_taken":7,"relics_obtained":["Matryoshka"],"max_hp_gain":0,"max_hp_loss":0,"event_name":"Scrap Ooze","floor":5,"gold_loss":0},{"damage_healed":0,"gold_gain":0,"player_choice":"Ignored","damage_taken":0,"max_hp_gain":0,"max_hp_loss":0,"event_name":"Liars Game","floor":11,"gold_loss":0},{"damage_healed":0,"gold_gain":0,"player_choice":"Simplicity","damage_taken":0,"max_hp_gain":0,"max_hp_loss":0,"event_name":"Back to Basics","floor":19,"gold_loss":0,"cards_upgraded":["Strike_R","Strike_R","Strike_R","Strike_R","Strike_R","Defend_R","Defend_R","Defend_R"]},{"damage_healed":0,"gold_gain":0,"player_choice":"Became a vampire","damage_taken":0,"max_hp_gain":0,"max_hp_loss":27,"event_name":"Vampires","floor":20,"gold_loss":0,"cards_obtained":["Bite","Bite","Bite","Bite","Bite"]},{"damage_healed":0,"gold_gain":0,"player_choice":"Obtained Book","damage_taken":16,"max_hp_gain":0,"max_hp_loss":0,"event_name":"Cursed Tome","floor":22,"gold_loss":0},{"cards_removed":["Bash"],"damage_healed":0,"gold_gain":0,"player_choice":"Offered Basic","damage_taken":0,"max_hp_gain":0,"max_hp_loss":0,"event_name":"Bonfire Elementals","floor":27,"gold_loss":0}],"is_beta":false,"boss_relics":[{"not_picked":["Mark of Pain","Runic Dome"],"picked":"Calling Bell"}],"items_purged_floors":[13,30],"is_endless":false,"potions_floor_spawned":[1,14,16,24,28],"killed_by":"Automaton","ascension_level":0}}