{"host":"phapnj0danpxvjlm","time":1613253791,"event":{"mods":["BaseMod","Better Note","Better Third Choice","BetterRewards","Bossed Relics","Colored Powertips","Downfall","Hermit","Minty Spire (QoL Compilation)","Permanent Neow","Quick Restart","Rare Cards Sparkle","Spire Arcade","StSLib","The Animator","The Necromancer","The Wild Card"],"gold_per_floor":[99,112,112,112,212,227,227,238,38,57,71,90,90,15,35,134,134,84,184,234,284,346,21,76,126,176,190,140,174,124,184,202,306,306,256,271,284,223,292,362,362,114,127,77,93,112,128,189,206,206],"floor_reached":51,"language":"ENG","playtime":3572,"items_purged":["Slimebound:LeadByExample"],"score":742,"play_id":"51479515-80b2-45ef-8aab-35f880ed33d1","local_time":"20210213230311","is_ascension_mode":false,"campfire_choices":[{"floor":1.0,"key":"RECALL"},{"data":"Slimebound:SplitMire","floor":9.0,"key":"SMITH"},{"floor":13.0,"key":"REST"},{"data":"Slimebound:MassRepurpose","floor":18.0,"key":"SMITH"},{"data":"Slimebound:LevelUp","floor":28.0,"key":"SMITH"},{"floor":30.0,"key":"REST"},{"data":"Slimebound:MinionMaster","floor":35.0,"key":"SMITH"},{"floor":44.0,"key":"REST"}],"circlet_count":0,"master_deck":["Slimebound:Strike_Slimebound","Slimebound:Strike_Slimebound","Slimebound:Strike_Slimebound","Slimebound:Tackle","Slimebound:Defend_Slimebound","Slimebound:Defend_Slimebound","Slimebound:Defend_Slimebound","Slimebound:Defend_Slimebound","Slimebound:Split","Slimebound:CorrosiveSpit","Slimebound:LeadByExample","Slimebound:SplitMire+1","Slimebound:SplitBruiser","Slimebound:SplitBruiser","Slimebound:MassRepurpose+1","Slimebound:TagTeam+1","Slimebound:LevelUp+1","Slimebound:SlimeTap+1","Slimebound:ProtectTheBoss","Slimebound:MinionMaster+1","expansioncontent:PolyBeam","Slimebound:SplitBruiser+1","Slimebound:PressTheAttack+1"],"relics":["Slimebound:AbsorbEndCombat","downfall:HeartBlessingBlue","downfall:HeartBlessingRed","Slimebound:GreedOozeRelic","Pandora\u0027s Box","downfall:CloakOfManyFaces","CultistMask","FaceOfCleric","NlothsMask","GremlinMask","SsserpentHead","Torii","Thread and Needle","Astrolabe","ClockworkSouvenir","Bottled Flame","Singing Bowl"],"acts_visited":["Exordium","TheCity","TheBeyond"],"potions_floor_usage":[50,50],"damage_taken":[{"damage":11.0,"enemies":"Jaw Worm","floor":2.0,"turns":5.0},{"damage":17.0,"enemies":"Small Slimes","floor":6.0,"turns":5.0},{"damage":7.0,"enemies":"2 Louse","floor":8.0,"turns":4.0},{"damage":15.0,"enemies":"Red Slaver","floor":10.0,"turns":4.0},{"damage":8.0,"enemies":"2 Fungi Beasts","floor":11.0,"turns":4.0},{"damage":4.0,"enemies":"3 Louse","floor":12.0,"turns":3.0},{"damage":20.0,"enemies":"Exordium Thugs","floor":15.0,"turns":4.0},{"damage":45.0,"enemies":"DF_ARCHETYPE_STREAMLINE","floor":16.0,"turns":7.0},{"damage":10.0,"enemies":"downfall:FaceTrader","floor":19.0,"turns":5.0},{"damage":8.0,"enemies":"Chosen","floor":22.0,"turns":3.0},{"damage":0.0,"enemies":"downfall:FleeingMerchant","floor":23.0,"turns":4.0},{"damage":8.0,"enemies":"Snecko","floor":27.0,"turns":3.0},{"damage":48.0,"enemies":"Slavers","floor":29.0,"turns":3.0},{"damage":0.0,"enemies":"3 Cultists","floor":31.0,"turns":4.0},{"damage":14.0,"enemies":"Snake Plant","floor":32.0,"turns":3.0},{"damage":4.0,"enemies":"SI_MIRROR_ARCHETYPE","floor":33.0,"turns":6.0},{"damage":19.0,"enemies":"3 Shapes","floor":36.0,"turns":2.0},{"damage":39.0,"enemies":"3 Darklings","floor":37.0,"turns":4.0},{"damage":1.0,"enemies":"downfall:FleeingMerchant","floor":38.0,"turns":4.0},{"damage":1.0,"enemies":"Sphere and 2 Shapes","floor":39.0,"turns":4.0},{"damage":7.0,"enemies":"Writhing Mass","floor":40.0,"turns":3.0},{"damage":7.0,"enemies":"Spire Growth","floor":43.0,"turns":4.0},{"damage":0.0,"enemies":"Transient","floor":45.0,"turns":5.0},{"damage":0.0,"enemies":"Maw","floor":46.0,"turns":4.0},{"damage":16,"enemies":"3 Darklings","floor":47,"turns":3},{"damage":0,"enemies":"Transient","floor":48,"turns":5},{"damage":15,"enemies":"Spire Growth","floor":49,"turns":3},{"damage":36,"enemies":"IC_BLOCK_ARCHETYPE","floor":50,"turns":7}],"seed_played":"240159664819098574","potions_obtained":[{"floor":0.0,"key":"SkillPotion"},{"floor":0.0,"key":"DuplicationPotion"},{"floor":0.0,"key":"bronze:BurnAndBuffPotion"},{"floor":6.0,"key":"CultistPotion"},{"floor":8.0,"key":"Fruit Juice"},{"floor":15.0,"key":"hexamod:SoulburnPotion"},{"floor":16.0,"key":"PowerPotion"},{"floor":31.0,"key":"LiquidBronze"},{"floor":36.0,"key":"Swift Potion"},{"floor":39.0,"key":"GamblersBrew"},{"floor":46,"key":"Fire Potion"}],"is_trial":false,"path_per_floor":["R","M","?","?","?","M","T","M","R","M","M","M","R","?","M","B",null,"R","?","?","?","M","$","T","?","?","M","R","E","R","M","M","B",null,"R","M","M","$","M","M","T","$","M","R","M","M","M","M","M","B",null],"character_chosen":"SLIMEBOUND","items_purchased":["Torii","ClockworkSouvenir","expansioncontent:PolyBeam","Slimebound:SpawnSlimePotion","Singing Bowl"],"campfire_rested":3,"item_purchase_floors":[23,38,38,38,42],"current_hp_per_floor":[65,58,63,63,63,48,48,45,55,42,45,45,70,70,56,19,85,85,77,77,77,72,75,75,75,75,68,68,23,49,50,39,40,92,92,74,36,40,46,42,42,42,40,70,77,86,73,78,70,43],"gold":206,"neow_bonus":"THREE_SMALL_POTIONS","is_daily":false,"chose_seed":false,"campfire_upgraded":4,"win_rate":0.0,"timestamp":1613253791,"path_taken":["R","M","?","?","?","M","T","M","R","M","M","?","R","?","M","BOSS","R","?","?","?","?","$","T","?","?","M","R","E","R","?","M","BOSS","R","M","M","?","?","?","T","$","M","R","M","M","M","?","M","BOSS"],"items_purchased_type":["Relic","Relic","Card","Potion","Relic"],"build_version":"2020-12-22","purchased_purges":1,"victory":true,"max_hp_per_floor":[65,65,70,70,70,70,70,70,80,80,85,85,85,85,85,85,85,85,85,85,85,86,87,87,87,87,88,88,89,89,90,91,92,92,92,93,94,95,96,97,97,97,100,100,103,106,109,110,113,114],"card_choices":[{"not_picked":["Slimebound:PressTheAttack","Slimebound:SplitBruiser"],"picked":"Slimebound:LeadByExample","floor":2.0},{"not_picked":["Slimebound:SamplingLick","Slimebound:Schlurp","Slimebound:SpikyOuterGoop"],"picked":"SKIP","floor":6.0},{"not_picked":["Slimebound:PressTheAttack","Slimebound:RollThrough"],"picked":"Slimebound:SplitMire","floor":8.0},{"not_picked":["Slimebound:SamplingLick","Slimebound:GoopTackle"],"picked":"Slimebound:LeadByExample","floor":10.0},{"not_picked":["Slimebound:Dissolve","Slimebound:SamplingLick"],"picked":"Slimebound:SplitBruiser","floor":11.0},{"not_picked":["Slimebound:RollThrough","Slimebound:SlimeSpikes","Slimebound:SamplingLick"],"picked":"SKIP","floor":12.0},{"not_picked":["Slimebound:SlimeSlap","Slimebound:RejuvenatingLick"],"picked":"Slimebound:SplitBruiser","floor":15.0},{"not_picked":["Slimebound:DouseInSlime","Slimebound:PrepareCrush"],"picked":"Slimebound:MassRepurpose","floor":16.0},{"not_picked":["Slimebound:SplitBruiser","Slimebound:ServeAndProtect"],"picked":"Slimebound:LevelUp","floor":22.0},{"not_picked":["Slimebound:MassFeed","Slimebound:ServeAndProtect"],"picked":"Slimebound:SlimeTap+1","floor":23.0},{"not_picked":["Slimebound:RollThrough","Slimebound:LeechingTouch","Slimebound:FormOfPuddle"],"picked":"SKIP","floor":27.0},{"not_picked":["Slimebound:Repurpose","Slimebound:TongueLash+1"],"picked":"Slimebound:ProtectTheBoss","floor":29.0},{"not_picked":["Slimebound:Prepare","Slimebound:Dissolve","Slimebound:RainOfGoop"],"picked":"SKIP","floor":31.0},{"not_picked":["Slimebound:RollThrough","Slimebound:ComboTackle","Slimebound:LeechingTouch"],"picked":"SKIP","floor":32.0},{"not_picked":["Slimebound:RallyTheTroops","Slimebound:DuplicatedForm"],"picked":"Slimebound:MinionMaster","floor":33.0},{"not_picked":["Slimebound:SamplingLick","Slimebound:LeechEnergy+1","Slimebound:GrowthPunch+1"],"picked":"SKIP","floor":36.0},{"not_picked":["Slimebound:FinishingTackle","Slimebound:SplitBruiser","Slimebound:DisruptingSlam"],"picked":"SKIP","floor":37.0},{"not_picked":["Slimebound:GrowthPunch","Slimebound:LeechingTouch","Slimebound:LivingWall"],"picked":"SKIP","floor":38.0},{"not_picked":["Slimebound:SplitMire","Slimebound:GoopSpray+1"],"picked":"Slimebound:SplitBruiser+1","floor":39.0},{"not_picked":["Slimebound:LeechEnergy+1","Slimebound:SplitBruiser","Slimebound:SlimeSpikes+1"],"picked":"SKIP","floor":40.0},{"not_picked":["Slimebound:ComboTackle+1","Slimebound:SplitSpecialist+1","Slimebound:SplitMire+1"],"picked":"Singing Bowl","floor":43.0},{"not_picked":["Slimebound:PressTheAttack+1","Slimebound:RainOfGoop","Slimebound:SamplingLick"],"picked":"Singing Bowl","floor":45.0},{"not_picked":["Slimebound:GoopTackle+1","Slimebound:SplitBruiser+1","Slimebound:LeechingTouch+1"],"picked":"Singing Bowl","floor":46},{"not_picked":["Slimebound:Replication","Slimebound:Equalize+1","Slimebound:RejuvenatingLick+1"],"picked":"Singing Bowl","floor":47},{"not_picked":["Slimebound:RollThrough","Slimebound:SlimeTap+1"],"picked":"Slimebound:PressTheAttack+1","floor":48},{"not_picked":["Slimebound:SamplingLick","Slimebound:LeechEnergy+1","Slimebound:GrowthPunch+1"],"picked":"Singing Bowl","floor":49}],"player_experience":545846,"relics_obtained":[{"floor":19.0,"key":"downfall:CloakOfManyFaces"},{"floor":29.0,"key":"Thread and Needle"},{"floor":41.0,"key":"Bottled Flame"}],"event_choices":[{"damage_healed":0.0,"max_hp_gain":5.0,"max_hp_loss":0.0,"gold_gain":0.0,"event_name":"Big Fish","player_choice":"Donut","floor":3.0,"gold_loss":0.0,"damage_taken":0.0},{"cards_removed":["Slimebound:MassRepurpose"],"damage_healed":0.0,"max_hp_gain":0.0,"max_hp_loss":0.0,"gold_gain":0.0,"event_name":"betterNote:BetterNote","player_choice":"Take \u0026 Give","floor":20.0,"gold_loss":0.0,"damage_taken":0.0,"cards_obtained":["Slimebound:TagTeam"]}],"is_beta":false,"boss_relics":[{"not_picked":["Coffee Dripper","Philosopher\u0027s Stone"],"picked":"Pandora\u0027s Box"},{"not_picked":["Slimebound:TarBlob","Snecko Eye"],"picked":"Astrolabe"}],"items_purged_floors":[38],"is_endless":false,"potions_floor_spawned":[6,8,15,16,22,31,36,39,46,48],"ascension_level":0}}