{"host":"ugys05tpep779cl6","time":1613236489,"event":{"mods":["AchievementEnabler","Aspiration","BaseMod","Beaked The Cultist","CatGirl Mod","Colored Powertips","HololiveMod","Lobotomy","Minty Spire (QoL Compilation)","Quick Restart","Replay The Spire","Spicy Shops","StSLib","The Druid"],"gold_per_floor":[109,109,127,139,149,179,197,197,197,197,197,217,249,259,259,357,357,376,291,291,308,326,352,352,58,83,101,127,140,166,278,290,302,302],"floor_reached":33,"language":"ENG","playtime":1620,"items_purged":[],"score":344,"play_id":"88015cff-3b20-49cc-857b-d4c2696368f0","local_time":"20210213181449","is_ascension_mode":false,"campfire_choices":[{"data":"ReplayReversal","floor":8.0,"key":"SMITH"},{"data":"Bash","floor":10.0,"key":"SMITH"},{"data":"Defend_R","floor":15.0,"key":"SMITH"},{"data":"Body Slam","floor":24.0,"key":"SMITH"},{"floor":32,"key":"DIG"}],"circlet_count":0,"master_deck":["Strike_R+1","Strike_R+1","Strike_R+1","Strike_R+1","Strike_R+1","Defend_R+1","Defend_R+1","Defend_R+1","Defend_R+1","Bash+1","Warcry","ReplayTheSpireMod:Limb From Limb","ReplayReversal+1","Flex+1","Spot Weakness","Juggernaut","Exhume+1","Body Slam+1","Headbutt","Entrench+1"],"relics":["Burning Blood","aspiration:DSix","HornCleat","ReplayTheSpireMod:Ring of Exchange","Replay:Wax Seal","beaked:SacredDeck","Another Sword","Prayer Wheel","Juzu Bracelet","Anchor","Replay:Baseball","War Paint","MawBank","Shovel","Replay:Bottled Steam","Smiling Mask"],"acts_visited":["Exordium","TheCity"],"potions_floor_usage":[31,31],"damage_taken":[{"damage":1.0,"enemies":"Jaw Worm","floor":1.0,"turns":7.0},{"damage":0.0,"enemies":"Small Slimes","floor":3.0,"turns":4.0},{"damage":3.0,"enemies":"2 Louse","floor":4.0,"turns":3.0},{"damage":13.0,"enemies":"Blue Slaver","floor":5.0,"turns":6.0},{"damage":40.0,"enemies":"Lagavulin","floor":6.0,"turns":9.0},{"damage":0.0,"enemies":"2 Fungi Beasts","floor":7.0,"turns":4.0},{"damage":1.0,"enemies":"Exordium Thugs","floor":12.0,"turns":5.0},{"damage":12.0,"enemies":"3 Sentries","floor":13.0,"turns":9.0},{"damage":14.0,"enemies":"Lots of Slimes","floor":14.0,"turns":6.0},{"damage":30.0,"enemies":"Slime Boss","floor":16.0,"turns":11.0},{"damage":16.0,"enemies":"Spheric Guardian","floor":18.0,"turns":4.0},{"damage":2.0,"enemies":"Shell Parasite","floor":21.0,"turns":4.0},{"damage":20.0,"enemies":"Centurion and Healer","floor":22.0,"turns":5.0},{"damage":38.0,"enemies":"Slavers","floor":23.0,"turns":6.0},{"damage":0.0,"enemies":"Sentry and Sphere","floor":27.0,"turns":4.0},{"damage":0.0,"enemies":"Replay:Snechameleon","floor":28.0,"turns":5.0},{"damage":2,"enemies":"3 Cultists","floor":29,"turns":5},{"damage":15,"enemies":"Book of Stabbing","floor":30,"turns":4},{"damage":22,"enemies":"Colosseum Slavers","floor":31,"turns":5},{"damage":0,"enemies":"Colosseum Nobs","floor":31,"turns":3},{"damage":42,"enemies":"Collector","floor":33,"turns":6}],"seed_played":"6128858811592410852","potions_obtained":[{"floor":4.0,"key":"ColorlessPotion"},{"floor":6.0,"key":"Explosive Potion"},{"floor":7.0,"key":"SkillPotion"},{"floor":12.0,"key":"FearPotion"},{"floor":13.0,"key":"Adrenaline Potion"},{"floor":16.0,"key":"Ancient Potion"},{"floor":22.0,"key":"BlessingOfTheForge"},{"floor":27.0,"key":"Explosive Potion"},{"floor":28.0,"key":"HeartOfIron"},{"floor":31,"key":"ElixirPotion"}],"is_trial":false,"path_per_floor":["M","?","M","M","M","E","M","R","T","R","?","M","E","M","R","B",null,"M","?","?","M","M","E","R","$","T","M","E","M","E","?","R","B"],"character_chosen":"IRONCLAD","items_purchased":["Juzu Bracelet","Anchor"],"campfire_rested":0,"item_purchase_floors":[25,25],"current_hp_per_floor":[80,85,85,85,78,44,50,50,50,50,50,55,49,41,41,17,85,75,75,75,79,65,33,33,33,33,39,45,49,40,30,30,0,0],"gold":302,"neow_bonus":"DSIX","is_daily":false,"chose_seed":false,"campfire_upgraded":4,"win_rate":0.0,"timestamp":1613236489,"path_taken":["M","?","M","M","M","E","M","R","T","R","?","M","E","M","R","BOSS","M","?","?","M","M","E","R","$","T","M","E","M","E","?","R","BOSS"],"items_purchased_type":["Relic","Relic"],"build_version":"2020-12-22","purchased_purges":0,"victory":false,"max_hp_per_floor":[80,85,85,85,85,85,85,85,85,85,85,85,85,85,85,85,85,85,85,85,85,85,85,85,85,85,85,85,85,85,85,85,85,85],"card_choices":[{"not_picked":["Headbutt","Intimidate"],"picked":"Warcry","floor":1.0},{"not_picked":["ReplayTheSpireMod:Muscle Training","Pommel Strike","Shockwave"],"picked":"SKIP","floor":3.0},{"not_picked":["Hemokinesis","Perfected Strike"],"picked":"ReplayTheSpireMod:Limb From Limb","floor":4.0},{"not_picked":["Sword Boomerang","Twin Strike"],"picked":"ReplayReversal","floor":5.0},{"not_picked":["ReplayTheSpireMod:Strike From Hell","Headbutt"],"picked":"Flex","floor":6.0},{"not_picked":["Sword Boomerang","Wild Strike","Havoc"],"picked":"SKIP","floor":7.0},{"not_picked":["True Grit","Pummel"],"picked":"Spot Weakness","floor":12.0},{"not_picked":["Sword Boomerang","Seeing Red"],"picked":"Juggernaut","floor":13.0},{"not_picked":["Run Through","Defy Death","Hemokinesis"],"picked":"SKIP","floor":14.0},{"not_picked":["Offering","Impervious"],"picked":"Exhume","floor":16.0},{"not_picked":["Clash","Replay:Undeath\u0027s Touch","Flex"],"picked":"SKIP","floor":18.0},{"not_picked":["Warcry","Perfected Strike"],"picked":"Headbutt","floor":21.0},{"not_picked":["Battle Trance","Second Wind+1","Replay:Undeath\u0027s Touch"],"picked":"SKIP","floor":22.0},{"not_picked":["Spot Weakness","Whirlwind","Juggernaut"],"picked":"SKIP","floor":23.0},{"not_picked":["Ghostly Armor","Blood for Blood"],"picked":"Entrench+1","floor":27.0},{"not_picked":["Flex","Anger","Headbutt+1"],"picked":"SKIP","floor":27.0},{"not_picked":["Infernal Blade+1","ReplayTheSpireMod:Strike From Hell+1","Iron Wave"],"picked":"SKIP","floor":28.0},{"not_picked":["Heavy Blade","Iron Wave","Havoc"],"picked":"SKIP","floor":29},{"not_picked":["Second Wind","Flex","Perfected Strike"],"picked":"SKIP","floor":29},{"not_picked":["Feel No Pain+1","Dropkick","Corruption"],"picked":"SKIP","floor":30}],"player_experience":751272,"relics_obtained":[{"floor":6.0,"key":"HornCleat"},{"floor":11.0,"key":"ReplayTheSpireMod:Ring of Exchange"},{"floor":13.0,"key":"Replay:Wax Seal"},{"floor":23.0,"key":"Prayer Wheel"},{"floor":26.0,"key":"Replay:Baseball"},{"floor":28.0,"key":"War Paint"},{"floor":30,"key":"MawBank"},{"floor":31,"key":"Shovel"},{"floor":31,"key":"Replay:Bottled Steam"},{"floor":32,"key":"Smiling Mask"}],"event_choices":[{"damage_healed":0.0,"max_hp_gain":5.0,"max_hp_loss":0.0,"gold_gain":0.0,"event_name":"Big Fish","player_choice":"Donut","floor":2.0,"gold_loss":0.0,"damage_taken":0.0},{"damage_healed":0.0,"max_hp_gain":0.0,"max_hp_loss":0.0,"gold_gain":0.0,"event_name":"Addict","player_choice":"Obtained Relic","floor":19.0,"gold_loss":85.0,"damage_taken":0.0,"relics_obtained":["Another Sword"]},{"damage_healed":0.0,"max_hp_gain":0.0,"max_hp_loss":0.0,"gold_gain":0.0,"event_name":"Back to Basics","player_choice":"Simplicity","floor":20.0,"gold_loss":0.0,"damage_taken":0.0,"cards_upgraded":["Strike_R","Strike_R","Strike_R","Strike_R","Strike_R","Defend_R","Defend_R","Defend_R"]},{"damage_healed":0,"gold_gain":0,"player_choice":"Fight","damage_taken":0,"max_hp_gain":0,"max_hp_loss":0,"event_name":"Colosseum","floor":31,"gold_loss":0},{"damage_healed":0,"gold_gain":0,"player_choice":"Fought Nobs","damage_taken":0,"max_hp_gain":0,"max_hp_loss":0,"event_name":"Colosseum","floor":31,"gold_loss":0}],"is_beta":false,"boss_relics":[{"not_picked":["aspiration:KaomsHeart","Ooze Armor"],"picked":"beaked:SacredDeck"}],"items_purged_floors":[],"is_endless":false,"potions_floor_spawned":[4,6,7,12,13,16,22,27,28,29,30,31],"killed_by":"Collector","ascension_level":0}}