{"host":"gobyjzz6xbwq9f9i","time":1613194492,"event":{"mods":["AchievementEnabler","BaseMod","Bestiary","Colored Map","Minty Spire (QoL Compilation)","Relic Stats"],"gold_per_floor":[217,227,247,70,85,114,114,189,189,209,209,236,249,249,249,348,348,360,378,47,58,58,89,0,33,33,50,83,83,83,102,102,102,102],"floor_reached":33,"language":"ENG","playtime":1460,"items_purged":["Defend_R"],"score":526,"play_id":"a0851c14-2ddb-43f7-a1c1-08bdf16df967","local_time":"20210212213452","is_ascension_mode":true,"campfire_choices":[{"data":"Feed","floor":7,"key":"SMITH"},{"data":"Spot Weakness","floor":15,"key":"SMITH"},{"data":"Dark Embrace","floor":29,"key":"SMITH"},{"data":"Double Tap","floor":32,"key":"SMITH"}],"circlet_count":0,"master_deck":["AscendersBane","Strike_R","Strike_R","Strike_R","Strike_R","Defend_R","Defend_R","Defend_R","Bash","Spot Weakness+1","Shrug It Off","Pommel Strike","Shrug It Off","Headbutt","Feed+1","Iron Wave","Feel No Pain","Double Tap+1","Dark Embrace+1","Shrug It Off+1","Ghostly Armor","Exhume","Reckless Charge"],"relics":["Burning Blood","Pen Nib","Pantograph","Letter Opener","Bottled Lightning","Coffee Dripper","InkBottle","Torii","CaptainsWheel","Shuriken","Mercury Hourglass","Smiling Mask"],"acts_visited":["Exordium","TheCity"],"potions_floor_usage":[6,12,23,25,28,28,31],"damage_taken":[{"damage":1,"enemies":"Cultist","floor":1,"turns":4},{"damage":10,"enemies":"Small Slimes","floor":2,"turns":3},{"damage":5,"enemies":"2 Louse","floor":3,"turns":3},{"damage":18,"enemies":"2 Fungi Beasts","floor":5,"turns":6},{"damage":16,"enemies":"Gremlin Nob","floor":6,"turns":4},{"damage":17,"enemies":"Lots of Slimes","floor":10,"turns":3},{"damage":10,"enemies":"3 Sentries","floor":12,"turns":6},{"damage":1,"enemies":"Looter","floor":13,"turns":3},{"damage":61,"enemies":"The Guardian","floor":16,"turns":14},{"damage":12,"enemies":"Chosen","floor":18,"turns":6},{"damage":24,"enemies":"Spheric Guardian","floor":19,"turns":5},{"damage":7,"enemies":"Cultist and Chosen","floor":21,"turns":8},{"damage":2,"enemies":"Gremlin Leader","floor":23,"turns":6},{"damage":30,"enemies":"Book of Stabbing","floor":25,"turns":5},{"damage":6,"enemies":"Snake Plant","floor":27,"turns":4},{"damage":35,"enemies":"Gremlin Leader","floor":28,"turns":7},{"damage":6,"enemies":"Chosen and Byrds","floor":31,"turns":5},{"damage":45,"enemies":"Champ","floor":33,"turns":13}],"seed_played":"5412100390363640641","potions_obtained":[{"floor":1,"key":"Weak Potion"},{"floor":3,"key":"EssenceOfSteel"},{"floor":10,"key":"DistilledChaos"},{"floor":16,"key":"AttackPotion"},{"floor":18,"key":"BlessingOfTheForge"},{"floor":25,"key":"Weak Potion"},{"floor":28,"key":"EssenceOfSteel"}],"is_trial":false,"path_per_floor":["M","M","M","$","M","E","R","?","T","M","?","E","M","?","R","B",null,"M","M","$","M","$","E","?","E","T","M","E","R","?","M","R","B"],"character_chosen":"IRONCLAD","items_purchased":["Pen Nib","Shrug It Off","InkBottle"],"campfire_rested":0,"item_purchase_floors":[4,4,20],"current_hp_per_floor":[77,73,74,74,62,52,52,41,41,34,34,30,39,39,39,13,72,70,56,56,59,59,63,63,43,43,43,14,14,14,18,18,0,0],"gold":102,"neow_bonus":"HUNDRED_GOLD","is_daily":false,"chose_seed":false,"campfire_upgraded":4,"win_rate":0.0,"timestamp":1613194492,"path_taken":["M","M","?","$","M","E","R","?","T","M","?","E","M","?","R","BOSS","M","M","$","M","?","E","?","E","T","M","E","R","?","M","R","BOSS"],"items_purchased_type":["Relic","Card","Relic"],"build_version":"2020-12-22","purchased_purges":1,"victory":false,"max_hp_per_floor":[80,80,80,80,80,80,80,80,80,84,84,84,88,88,88,92,92,96,100,100,104,104,104,104,108,108,108,108,108,108,112,112,112,112],"relic_stats":{"Torii":22,"counters":[18,105],"Shuriken":[9],"Pantograph":50,"Pen Nib":[16],"Letter Opener":[97],"Smiling Mask":0,"obtain_stats":[{"CaptainsWheel":25,"Torii":23,"Shuriken":26,"Pantograph":6,"Pen Nib":4,"Coffee Dripper":17,"Letter Opener":9,"Bottled Lightning":12,"Smiling Mask":30,"Burning Blood":0,"InkBottle":20,"Mercury Hourglass":28},{"CaptainsWheel":14,"Torii":13,"Shuriken":14,"Pantograph":5,"Pen Nib":3,"Coffee Dripper":9,"Letter Opener":5,"Bottled Lightning":7,"Smiling Mask":16,"Burning Blood":0,"InkBottle":11,"Mercury Hourglass":16},{"CaptainsWheel":76,"Torii":71,"Shuriken":76,"Pantograph":20,"Pen Nib":10,"Coffee Dripper":46,"Letter Opener":20,"Bottled Lightning":29,"Smiling Mask":87,"Burning Blood":0,"InkBottle":57,"Mercury Hourglass":87}],"Burning Blood":102,"InkBottle":[17],"Mercury Hourglass":[24]},"card_choices":[{"not_picked":["Rage","Blood for Blood"],"picked":"Spot Weakness","floor":1},{"not_picked":["Warcry","Bloodletting"],"picked":"Shrug It Off","floor":2},{"not_picked":["Iron Wave","Armaments"],"picked":"Pommel Strike","floor":3},{"not_picked":["Iron Wave","Dual Wield"],"picked":"Headbutt","floor":5},{"not_picked":["Anger","Iron Wave"],"picked":"Feed","floor":6},{"not_picked":["Headbutt","Flex"],"picked":"Iron Wave","floor":10},{"not_picked":["Juggernaut","Iron Wave","Anger"],"picked":"SKIP","floor":12},{"not_picked":["Clash","Headbutt"],"picked":"Feel No Pain","floor":13},{"not_picked":["Barricade","Brutality"],"picked":"Double Tap","floor":16},{"not_picked":["Havoc","Searing Blow+1"],"picked":"Dark Embrace","floor":18},{"not_picked":["Clothesline","True Grit"],"picked":"Shrug It Off+1","floor":19},{"not_picked":["Flex","Wild Strike","Shrug It Off"],"picked":"SKIP","floor":21},{"not_picked":["Fire Breathing","Dropkick","Havoc"],"picked":"SKIP","floor":23},{"not_picked":["Reckless Charge","Combust+1"],"picked":"Ghostly Armor","floor":25},{"not_picked":["Warcry","Flex+1"],"picked":"Exhume","floor":27},{"not_picked":["Havoc","Rupture+1"],"picked":"Reckless Charge","floor":28},{"not_picked":["Cleave","Headbutt","Anger"],"picked":"SKIP","floor":31}],"player_experience":1350846,"relics_obtained":[{"floor":6,"key":"Pantograph"},{"floor":9,"key":"Letter Opener"},{"floor":12,"key":"Bottled Lightning"},{"floor":23,"key":"Torii"},{"floor":25,"key":"CaptainsWheel"},{"floor":26,"key":"Shuriken"},{"floor":28,"key":"Mercury Hourglass"}],"event_choices":[{"damage_healed":0,"gold_gain":75,"player_choice":"Gather Gold","damage_taken":11,"max_hp_gain":0,"max_hp_loss":0,"event_name":"World of Goop","floor":8,"gold_loss":0},{"damage_healed":0,"gold_gain":0,"player_choice":"Ignored","damage_taken":0,"max_hp_gain":0,"max_hp_loss":0,"event_name":"Golden Idol","floor":11,"gold_loss":0},{"cards_removed":["Strike_R"],"damage_healed":0,"gold_gain":0,"player_choice":"Purged","damage_taken":0,"max_hp_gain":0,"max_hp_loss":0,"event_name":"Purifier","floor":14,"gold_loss":0},{"damage_healed":0,"gold_gain":0,"player_choice":"Paid Fearfully","damage_taken":0,"max_hp_gain":0,"max_hp_loss":0,"event_name":"Masked Bandits","floor":24,"gold_loss":89},{"damage_healed":0,"gold_gain":0,"player_choice":"Opened","damage_taken":0,"relics_obtained":["Smiling Mask"],"max_hp_gain":0,"max_hp_loss":0,"event_name":"The Mausoleum","floor":30,"gold_loss":0}],"is_beta":false,"boss_relics":[{"not_picked":["Runic Dome","Astrolabe"],"picked":"Coffee Dripper"}],"items_purged_floors":[20],"is_endless":false,"potions_floor_spawned":[1,3,10,16,18,21,25,28],"killed_by":"Champ","ascension_level":10}}