{"host":"Berg","time":1613175796,"event":{"mods":["AchievementEnabler","BaseMod","Colored Map","Gremlin Skip","Highlight Path","Minty Spire (QoL Compilation)","Relic Stats","StSLib"],"gold_per_floor":[117,192,1,18,36,36,36],"floor_reached":6,"language":"ENG","playtime":175,"items_purged":["Strike_G"],"score":72,"play_id":"b9b11237-0d4f-4ade-af8d-e85e50e17496","local_time":"20210212192316","is_ascension_mode":true,"campfire_choices":[],"circlet_count":0,"master_deck":["AscendersBane","Strike_G","Strike_G","Strike_G","Strike_G","Defend_G","Defend_G","Defend_G","Defend_G","Defend_G","Survivor","Neutralize","Deadly Poison","Flying Knee","PiercingWail","Riddle With Holes","Terror"],"relics":["Ring of the Snake","Centennial Puzzle"],"acts_visited":["Exordium"],"potions_floor_usage":[],"damage_taken":[{"damage":15,"enemies":"Small Slimes","floor":1,"turns":4},{"damage":0,"enemies":"Jaw Worm","floor":4,"turns":4},{"damage":3,"enemies":"2 Louse","floor":5,"turns":3},{"damage":45,"enemies":"Gremlin Nob","floor":6,"turns":4}],"seed_played":"3192102527078892176","potions_obtained":[],"is_trial":false,"path_per_floor":["M","?","$","M","M","E"],"character_chosen":"THE_SILENT","items_purchased":["Flying Knee","PiercingWail"],"campfire_rested":0,"item_purchase_floors":[3,3],"current_hp_per_floor":[44,33,33,33,30,0,0],"gold":36,"neow_bonus":"RANDOM_COMMON_RELIC","is_daily":false,"chose_seed":false,"campfire_upgraded":0,"win_rate":0.0,"timestamp":1613175796,"path_taken":["M","?","$","M","M","E"],"items_purchased_type":["Card","Card"],"build_version":"2020-12-18","purchased_purges":1,"victory":false,"max_hp_per_floor":[66,66,66,66,66,66,66],"relic_stats":{"Centennial Puzzle":[9],"counters":[4,15],"obtain_stats":[{"Centennial Puzzle":0,"Ring of the Snake":0},{"Centennial Puzzle":0,"Ring of the Snake":0},{"Centennial Puzzle":0,"Ring of the Snake":0}],"Ring of the Snake":[8]},"card_choices":[{"not_picked":["Slice","Footwork"],"picked":"Deadly Poison","floor":1},{"not_picked":["Slice","Choke"],"picked":"Riddle With Holes","floor":4},{"not_picked":["Dodge and Roll","Choke"],"picked":"Terror","floor":5}],"player_experience":1343075,"relics_obtained":[],"event_choices":[{"damage_healed":0,"gold_gain":75,"player_choice":"Gather Gold","damage_taken":11,"max_hp_gain":0,"max_hp_loss":0,"event_name":"World of Goop","floor":2,"gold_loss":0}],"is_beta":true,"boss_relics":[],"items_purged_floors":[3],"is_endless":false,"potions_floor_spawned":[],"killed_by":"Gremlin Nob","ascension_level":20}}