{"host":"c97twqu0op5dg8i4","time":1613259709,"event":{"mods":["AchievementEnabler","BaseMod","Colored Map","Minty Spire (QoL Compilation)","Permanent Neow"],"gold_per_floor":[110,130,80,80,91,91,91,91,91,106,117,117,134,152,152,251,251,234,8,26,26,26,26,36,36,104,121,121,136,136,136],"floor_reached":30,"language":"ENG","playtime":1287,"items_purged":["Gash+1"],"score":383,"play_id":"a53668f5-042f-48a1-9d0e-aa95298754b3","local_time":"20210213184149","is_ascension_mode":true,"campfire_choices":[{"data":"Gash","floor":6,"key":"SMITH"},{"data":"Conserve Battery","floor":8,"key":"SMITH"},{"data":"Coolheaded","floor":12,"key":"SMITH"},{"data":"Consume","floor":15,"key":"SMITH"},{"data":"Rainbow","floor":23,"key":"SMITH"},{"data":"Self Repair","floor":25,"key":"SMITH"}],"circlet_count":0,"master_deck":["AscendersBane","Defend_B","Defend_B","Zap+1","Dualcast","Leap","Conserve Battery+1","Self Repair+1","Coolheaded+1","Reboot","Consume+1","Thunder Strike","Rainbow+1","Cold Snap","Leap"],"relics":["Cracked Core","Pear","Empty Cage","HornCleat","Smiling Mask"],"acts_visited":["Exordium","TheCity"],"potions_floor_usage":[16,27],"damage_taken":[{"damage":0,"enemies":"Small Slimes","floor":1,"turns":2},{"damage":0,"enemies":"2 Louse","floor":2,"turns":2},{"damage":0,"enemies":"Cultist","floor":5,"turns":4},{"damage":6,"enemies":"Looter","floor":10,"turns":3},{"damage":13,"enemies":"Exordium Thugs","floor":11,"turns":5},{"damage":16,"enemies":"2 Fungi Beasts","floor":13,"turns":3},{"damage":17,"enemies":"Lots of Slimes","floor":14,"turns":4},{"damage":10,"enemies":"The Guardian","floor":16,"turns":10},{"damage":30,"enemies":"2 Thieves","floor":18,"turns":5},{"damage":4,"enemies":"Shell Parasite","floor":20,"turns":5},{"damage":15,"enemies":"Snake Plant","floor":24,"turns":5},{"damage":29,"enemies":"Centurion and Healer","floor":27,"turns":8},{"damage":19,"enemies":"Snecko","floor":29,"turns":6},{"damage":25,"enemies":"Snake Plant","floor":30,"turns":5}],"seed_played":"-4034576157138743448","potions_obtained":[{"floor":5,"key":"AttackPotion"},{"floor":10,"key":"Strength Potion"},{"floor":16,"key":"Block Potion"},{"floor":27,"key":"AttackPotion"}],"is_trial":false,"path_per_floor":["M","M","?","?","M","R","?","R","T","M","M","R","M","M","R","B",null,"M","$","M","?","?","R","M","R","T","M","?","M","M"],"character_chosen":"DEFECT","items_purchased":["Rainbow"],"campfire_rested":0,"item_purchase_floors":[19],"current_hp_per_floor":[68,68,68,73,73,73,73,73,83,77,71,71,62,52,52,49,80,57,57,60,60,60,60,52,52,52,33,33,24,0,0],"gold":136,"neow_bonus":"UPGRADE_CARD","is_daily":false,"chose_seed":false,"campfire_upgraded":6,"win_rate":0.0,"timestamp":1613259709,"path_taken":["M","M","?","?","M","R","?","R","T","?","M","R","M","M","R","BOSS","M","$","M","?","?","R","?","R","T","M","?","?","M"],"items_purchased_type":["Card"],"build_version":"2020-12-22","purchased_purges":1,"victory":false,"max_hp_per_floor":[75,75,75,80,80,80,80,80,90,90,90,90,90,90,90,90,90,90,90,90,90,90,90,90,90,90,90,90,90,90,90],"card_choices":[{"not_picked":["Stack","Steam"],"picked":"Leap","floor":1},{"not_picked":["Compile Driver","Rebound"],"picked":"Gash","floor":2},{"not_picked":["Turbo","Barrage"],"picked":"Conserve Battery","floor":5},{"not_picked":["Hologram","Static Discharge"],"picked":"Self Repair","floor":10},{"not_picked":["Reprogram","Conserve Battery"],"picked":"Coolheaded","floor":11},{"not_picked":["Chill","Auto Shields"],"picked":"Reboot","floor":13},{"not_picked":["Conserve Battery","Rebound"],"picked":"Consume","floor":14},{"not_picked":["Hyperbeam","Buffer"],"picked":"Thunder Strike","floor":16},{"not_picked":["Turbo","Sweeping Beam","Stack"],"picked":"SKIP","floor":18},{"not_picked":["Stack","Sweeping Beam"],"picked":"Cold Snap","floor":20},{"not_picked":["Streamline","Consume+1"],"picked":"Leap","floor":24},{"not_picked":["Steam","Consume","Hologram"],"picked":"SKIP","floor":27},{"not_picked":["Steam Power","Rebound","Go for the Eyes"],"picked":"SKIP","floor":29}],"player_experience":406227,"relics_obtained":[{"floor":9,"key":"Pear"},{"floor":26,"key":"HornCleat"},{"floor":28,"key":"Smiling Mask"}],"event_choices":[{"cards_removed":["Strike_B"],"damage_healed":0,"gold_gain":0,"player_choice":"Card Removal","damage_taken":0,"max_hp_gain":0,"max_hp_loss":0,"event_name":"The Cleric","floor":3,"gold_loss":50},{"damage_healed":0,"gold_gain":0,"player_choice":"Donut","damage_taken":0,"max_hp_gain":5,"max_hp_loss":0,"event_name":"Big Fish","floor":4,"gold_loss":0},{"cards_removed":["Defend_B"],"damage_healed":0,"gold_gain":0,"player_choice":"Purged","damage_taken":0,"max_hp_gain":0,"max_hp_loss":0,"event_name":"Purifier","floor":7,"gold_loss":0},{"cards_removed":["Strike_B"],"damage_healed":0,"gold_gain":0,"player_choice":"Elegance","damage_taken":0,"max_hp_gain":0,"max_hp_loss":0,"event_name":"Back to Basics","floor":21,"gold_loss":0},{"cards_removed":["Strike_B"],"damage_healed":0,"gold_gain":0,"player_choice":"Purged","damage_taken":0,"max_hp_gain":0,"max_hp_loss":0,"event_name":"Purifier","floor":22,"gold_loss":0},{"damage_healed":0,"gold_gain":0,"player_choice":"Relic","damage_taken":0,"max_hp_gain":0,"max_hp_loss":0,"event_name":"Wheel of Change","floor":28,"gold_loss":0}],"is_beta":false,"boss_relics":[{"not_picked":["SacredBark","Fusion Hammer"],"picked":"Empty Cage"}],"items_purged_floors":[19],"is_endless":false,"potions_floor_spawned":[5,10,14,16,20,24,27],"killed_by":"Snake Plant","ascension_level":12}}