{"host":"0jile2yd1dg679g0","time":1613196997,"event":{"mods":["AchievementEnabler","Act Like it!","BaseMod","Better Third Choice","Bossed Relics","Colored Map","Colored Powertips","Gensokyo","Hermit","Luminous","Marisa????????","Minty Spire (QoL Compilation)","Random Character Button","Reliquary","Spicy Shops","StSLib","The Alterego","The Marked","The Senshi","The Servant 0.9.4","Transform Curses","Waifu the Spire"],"gold_per_floor":[113,130,31,74,74,74,119,48,96,136,311,372,372,407,407,539,539,581,581,581,626,100,100,156,156,204,274,274,300,341,370,370,484,484,527,527,575,575,631,631,648,648,648,662,722,722,767,96,96,96],"floor_reached":51,"language":"ENG","playtime":5367,"items_purged":["Strike_MRS","Strike_MRS"],"score":716,"play_id":"d46533e0-7f5b-48d0-b848-54bcdbdd185b","local_time":"20210213011637","is_ascension_mode":false,"campfire_choices":[{"data":"PowerUp","floor":6,"key":"SMITH"},{"floor":13,"key":"REST"},{"floor":15,"key":"REST"},{"data":"RitualDagger","floor":23,"key":"SMITH"},{"floor":25,"key":"REST"},{"data":"StarDustReverie","floor":28,"key":"SMITH"},{"data":"1","floor":32,"key":"LIFT"},{"data":"2","floor":40,"key":"LIFT"},{"data":"3","floor":42,"key":"LIFT"},{"floor":46,"key":"REST"},{"data":"Mayhem","floor":49,"key":"SMITH"}],"circlet_count":0,"master_deck":["Strike_MRS","Defend_MRS","Defend_MRS","MasterSpark","UpSweep","PowerUp+1","WitchOfGreed","WitchOfGreed","Acceleration","NonDirectionalLaser","MagicAbsorber","MilkyWay","DC","GalacticHalo","OortCloud","EnergyFlow","SporeBomb+1","RitualDagger+1","MeteoricShower","AbsoluteMagnitude","Bandage Up","WitchOfGreed","OneTimeOff+1","MilkyWay","StarDustReverie+1","MachineGunSpark","ChargingUp","GravityBeat+1","MillisecondPulsars","SprinkleStarSeal+1","PowerUp+1","ChargingUp+1","UnstableBomb","Mayhem+1"],"relics":["MiniHakkero","Bag of Preparation","Dream Catcher","Pandora\u0027s Box","Orichalcum","Omamori","Pen Nib","Centennial Puzzle","Ancient Tea Set","Girya","Cursed Key","Mercury Hourglass","Akabeko","theSenshi:FeatherClipsRelic"],"acts_visited":["Exordium","TheCity","TheBeyond"],"potions_floor_usage":[7,12,12,16,18,27,27,27,29,29,30,33,33,45,45,50,50,50],"damage_taken":[{"damage":2,"enemies":"2 Louse","floor":1,"turns":2},{"damage":0,"enemies":"Small Slimes","floor":2,"turns":2},{"damage":10,"enemies":"Jaw Worm","floor":4,"turns":4},{"damage":8,"enemies":"2 Fungi Beasts","floor":7,"turns":3},{"damage":15,"enemies":"Exordium Thugs","floor":10,"turns":4},{"damage":12,"enemies":"3 Sentries","floor":12,"turns":7},{"damage":3,"enemies":"3 Louse","floor":14,"turns":3},{"damage":66,"enemies":"Hexaghost","floor":16,"turns":12},{"damage":9,"enemies":"Shell Parasite","floor":18,"turns":8},{"damage":0,"enemies":"Chosen","floor":21,"turns":4},{"damage":28,"enemies":"Snake Plant","floor":24,"turns":3},{"damage":20,"enemies":"Book of Stabbing","floor":27,"turns":5},{"damage":0,"enemies":"Shelled Parasite and Fungi","floor":29,"turns":2},{"damage":9,"enemies":"Slavers","floor":30,"turns":4},{"damage":7,"enemies":"Centurion and Healer","floor":31,"turns":3},{"damage":42,"enemies":"Champ","floor":33,"turns":5},{"damage":9,"enemies":"3 Shapes","floor":35,"turns":3},{"damage":3,"enemies":"Orb Walker","floor":37,"turns":3},{"damage":4,"enemies":"Transient","floor":39,"turns":5},{"damage":32,"enemies":"Sphere and 2 Shapes","floor":41,"turns":3},{"damage":0,"enemies":"3 Darklings","floor":44,"turns":2},{"damage":0,"enemies":"Maw","floor":45,"turns":3},{"damage":3,"enemies":"4 Shapes","floor":47,"turns":4},{"damage":49,"enemies":"Awakened One","floor":50,"turns":5}],"seed_played":"-3081083761572633220","potions_obtained":[{"floor":4,"key":"LiquidBronze"},{"floor":7,"key":"GamblersBrew"},{"floor":7,"key":"SpeedPotion"},{"floor":10,"key":"Swift Potion"},{"floor":10,"key":"Strength Potion"},{"floor":12,"key":"Weak Potion"},{"floor":14,"key":"FairyPotion"},{"floor":16,"key":"SpeedPotion"},{"floor":16,"key":"EssenceOfSteel"},{"floor":16,"key":"LiquidBronze"},{"floor":18,"key":"PowerPotion"},{"floor":21,"key":"BottledSpark"},{"floor":27,"key":"PowerPotion"},{"floor":27,"key":"ColorlessPotion"},{"floor":27,"key":"Explosive Potion"},{"floor":31,"key":"SteroidPotion"},{"floor":31,"key":"LiquidMemories"},{"floor":33,"key":"Weak Potion"},{"floor":33,"key":"Strength Potion"},{"floor":35,"key":"DistilledChaos"},{"floor":35,"key":"Fruit Juice"},{"floor":37,"key":"StarNLove"},{"floor":45,"key":"Dexterity Potion"},{"floor":45,"key":"LiquidBronze"},{"floor":47,"key":"FearPotion"}],"is_trial":false,"path_per_floor":["M","M","$","M","?","R","M","$","T","M","?","E","R","M","R","B",null,"M","?","?","M","$","R","M","R","T","E","R","M","E","M","R","B",null,"M","?","M","?","M","R","M","R","T","M","M","R","M","$","R","B",null],"character_chosen":"MARISA","items_purchased":["WitchOfGreed","MagicAbsorber","Bandage Up","Orichalcum","Omamori","Pen Nib","WitchOfGreed","Mayhem","Akabeko","theSenshi:FeatherClipsRelic"],"campfire_rested":4,"item_purchase_floors":[3,8,22,22,22,22,22,48,48,48],"current_hp_per_floor":[66,66,66,56,49,49,41,41,41,26,26,14,40,37,63,26,89,80,74,74,74,74,74,50,76,76,60,60,64,59,56,56,18,89,82,82,83,83,83,83,57,57,57,57,66,94,94,94,94,51],"gold":96,"neow_bonus":"TWENTY_PERCENT_HP_BONUS","is_daily":false,"chose_seed":false,"campfire_upgraded":4,"win_rate":0.0,"timestamp":1613196997,"path_taken":["M","M","$","M","?","R","M","$","T","M","?","E","R","M","R","BOSS","M","?","?","M","$","R","M","R","T","E","R","M","E","M","R","BOSS","M","?","M","?","M","R","M","R","T","M","M","R","?","$","R","BOSS"],"items_purchased_type":["Card","Card","Card","Relic","Relic","Relic","Card","Card","Relic","Relic"],"build_version":"2020-12-22","purchased_purges":2,"victory":true,"max_hp_per_floor":[89,89,89,89,89,89,89,89,89,89,89,89,89,89,89,89,89,89,89,89,89,89,89,89,89,89,89,89,89,89,89,89,89,89,89,89,89,89,89,89,89,89,89,89,94,94,94,94,94,94],"card_choices":[{"not_picked":["WitchOfGreed","Singularity"],"picked":"PowerUp","floor":1},{"not_picked":["EnergyFlow","ShootingEcho"],"picked":"WitchOfGreed","floor":2},{"not_picked":["IllusionStar","EnergyRecoil"],"picked":"Acceleration","floor":4},{"not_picked":["UnstableBomb","StarlightTyphoon"],"picked":"NonDirectionalLaser","floor":7},{"not_picked":["GalacticHalo","WitchLeyline"],"picked":"MilkyWay","floor":10},{"not_picked":["MagicAbsorber","MilkyWay"],"picked":"DC","floor":12},{"not_picked":["AlicesGift","WitchLeyline"],"picked":"GalacticHalo","floor":13},{"not_picked":["MysteriousBeam","OrrerysSun"],"picked":"OortCloud","floor":14},{"not_picked":["Singularity","GrandCross"],"picked":"EnergyFlow","floor":15},{"not_picked":["MeteoricShower","GalacticHalo+1"],"picked":"SporeBomb+1","floor":18},{"not_picked":["DragonMeteor","IllusionStar","LuminesStrike"],"picked":"SKIP","floor":21},{"not_picked":["DragonMeteor","MysteriousBeam"],"picked":"OneTimeOff+1","floor":24},{"not_picked":["SporeBomb","EventHorizon"],"picked":"MilkyWay","floor":25},{"not_picked":["ShootingEcho","Acceleration"],"picked":"StarDustReverie","floor":27},{"not_picked":["GravityBeat","MilkyWay"],"picked":"MachineGunSpark","floor":29},{"not_picked":["RefractionSpark+1","CollectingQuirk"],"picked":"ChargingUp","floor":30},{"not_picked":["DC","OneTimeOff"],"picked":"GravityBeat+1","floor":31},{"not_picked":["TreasureHunter","BinaryStars"],"picked":"MillisecondPulsars","floor":33},{"not_picked":["Robbery+1","GalacticHalo"],"picked":"SprinkleStarSeal+1","floor":35},{"not_picked":["IllusionStar+1","GalacticHalo","SprinkleStarSeal"],"picked":"SKIP","floor":37},{"not_picked":["Orbital","MysteriousBeam+1"],"picked":"PowerUp+1","floor":39},{"not_picked":["DoubleSpark+1","LuminesStrike"],"picked":"ChargingUp+1","floor":41},{"not_picked":["ShootTheMoon","AlicesGift","WitchLeyline+1"],"picked":"SKIP","floor":44},{"not_picked":["SuperPerseids","AsteroidBelt+1","ShootingEcho+1"],"picked":"SKIP","floor":45},{"not_picked":["SporeBomb","DarkSpark"],"picked":"UnstableBomb","floor":46},{"not_picked":["OneTimeOff","Robbery+1","IllusionStar"],"picked":"SKIP","floor":47}],"player_experience":339673,"relics_obtained":[{"floor":9,"key":"Bag of Preparation"},{"floor":12,"key":"Dream Catcher"},{"floor":26,"key":"Centennial Puzzle"},{"floor":27,"key":"Ancient Tea Set"},{"floor":30,"key":"Girya"},{"floor":43,"key":"Mercury Hourglass"}],"event_choices":[{"cards_removed":["Defend_MRS"],"damage_healed":0,"gold_gain":0,"player_choice":"Card Removal","damage_taken":7,"max_hp_gain":0,"max_hp_loss":0,"event_name":"Golden Wing","floor":5,"gold_loss":0},{"damage_healed":0,"gold_gain":175,"player_choice":"AGREE","damage_taken":136,"max_hp_gain":0,"max_hp_loss":0,"event_name":"betterThird:BetterSerpent","floor":11,"gold_loss":0},{"damage_healed":0,"gold_gain":0,"player_choice":"Dagger","damage_taken":6,"max_hp_gain":0,"max_hp_loss":0,"event_name":"betterThird:BetterNest","floor":19,"gold_loss":0,"cards_obtained":["RitualDagger"]},{"damage_healed":0,"gold_gain":0,"cards_transformed":["Doubt","Defend_MRS"],"player_choice":"Became Test Subject","damage_taken":0,"max_hp_gain":0,"max_hp_loss":0,"event_name":"Drug Dealer","floor":20,"gold_loss":0,"cards_obtained":["MeteoricShower","AbsoluteMagnitude"]},{"damage_healed":0,"gold_gain":0,"player_choice":"Ignored","damage_taken":0,"max_hp_gain":0,"max_hp_loss":0,"event_name":"Tomb of Lord Red Mask","floor":36,"gold_loss":0},{"cards_removed":["Strike_MRS"],"damage_healed":0,"gold_gain":0,"player_choice":"Removed Attack","damage_taken":0,"max_hp_gain":0,"max_hp_loss":0,"event_name":"Falling","floor":38,"gold_loss":0}],"is_beta":false,"boss_relics":[{"not_picked":["BewitchedHakkero","ExperimentalFamiliar"],"picked":"Pandora\u0027s Box"},{"not_picked":["Runic Pyramid","Tiny House"],"picked":"Cursed Key"}],"items_purged_floors":[3,48],"is_endless":false,"potions_floor_spawned":[7,10,14,16,21,24,31,33,39,41,45,47],"ascension_level":0}}