{"host":"u8gwyxapu65l7nuk","time":1613185253,"event":{"mods":["BaseMod","Custom Start","Minty Spire (QoL Compilation)","StSLib"],"gold_per_floor":[109,109,109,23,23,49,61,87,87,97,97,64,64,89,89,89,89],"floor_reached":16,"language":"ENG","playtime":353,"items_purged":[],"score":111,"play_id":"8afe3fa2-d773-4ba5-90e1-b7ba85b40429","local_time":"20210213110053","is_ascension_mode":true,"campfire_choices":[{"floor":13,"key":"REST"},{"data":"Defend_R","floor":15,"key":"SMITH"}],"circlet_count":0,"master_deck":["Strike_R","Strike_R","Defend_R","Defend_R","Defend_R","Defend_R+1","Bash","Twin Strike","Pommel Strike","Spot Weakness","Whirlwind","Cleave","Sword Boomerang","Twin Strike"],"relics":["Burning Blood","Mango","Bird Faced Urn","Blood Vial","Ice Cream","Odd Mushroom"],"acts_visited":["Exordium"],"potions_floor_usage":[8,16],"damage_taken":[{"damage":17,"enemies":"Jaw Worm","floor":1,"turns":4},{"damage":28,"enemies":"Gremlin Nob","floor":6,"turns":4},{"damage":0,"enemies":"Small Slimes","floor":7,"turns":3},{"damage":49,"enemies":"Lagavulin","floor":8,"turns":8},{"damage":0,"enemies":"Cultist","floor":10,"turns":4},{"damage":14,"enemies":"The Mushroom Lair","floor":14,"turns":3},{"damage":49,"enemies":"Slime Boss","floor":16,"turns":9}],"seed_played":"2144820659142741980","potions_obtained":[{"floor":1,"key":"SkillPotion"},{"floor":7,"key":"AttackPotion"}],"is_trial":false,"path_per_floor":["M","?","?","$","?","E","M","E","T","M","?","?","R","?","R","B"],"character_chosen":"IRONCLAD","items_purchased":["Whirlwind","Cleave"],"campfire_rested":1,"item_purchase_floors":[4,4],"current_hp_per_floor":[69,71,71,71,71,49,55,12,12,20,20,20,48,42,42,0,0],"gold":89,"neow_bonus":"TRANSFORM_CARD","is_daily":false,"chose_seed":false,"campfire_upgraded":1,"win_rate":0.0,"timestamp":1613185253,"path_taken":["M","?","?","$","?","E","M","E","T","?","?","?","R","?","R","BOSS"],"items_purchased_type":["Card","Card"],"build_version":"2020-12-22","purchased_purges":0,"victory":false,"max_hp_per_floor":[80,94,94,94,94,94,94,94,94,94,94,94,94,94,94,94,94],"card_choices":[{"not_picked":["Uppercut","Sword Boomerang"],"picked":"Pommel Strike","floor":1},{"not_picked":["Headbutt","Blood for Blood","Dropkick"],"picked":"SKIP","floor":6},{"not_picked":["Dark Embrace","Entrench"],"picked":"Sword Boomerang","floor":7},{"not_picked":["Flex","Searing Blow"],"picked":"Twin Strike","floor":8},{"not_picked":["Evolve","Headbutt","Hemokinesis"],"picked":"SKIP","floor":10}],"player_experience":275002,"relics_obtained":[{"floor":6,"key":"Bird Faced Urn"},{"floor":8,"key":"Blood Vial"},{"floor":9,"key":"Ice Cream"},{"floor":14,"key":"Odd Mushroom"}],"event_choices":[{"damage_healed":0,"gold_gain":0,"player_choice":"Success","damage_taken":12,"relics_obtained":["Mango"],"max_hp_gain":0,"max_hp_loss":0,"event_name":"Scrap Ooze","floor":2,"gold_loss":0},{"damage_healed":0,"gold_gain":0,"cards_transformed":["Strike_R"],"player_choice":"Change","damage_taken":0,"max_hp_gain":0,"max_hp_loss":0,"event_name":"Living Wall","floor":3,"gold_loss":0,"cards_obtained":["Spot Weakness"]},{"cards_removed":["Strike_R"],"damage_healed":0,"gold_gain":0,"player_choice":"Purged","damage_taken":0,"max_hp_gain":0,"max_hp_loss":0,"event_name":"Purifier","floor":5,"gold_loss":0},{"damage_healed":0,"gold_gain":0,"player_choice":"Ignored","damage_taken":0,"max_hp_gain":0,"max_hp_loss":0,"event_name":"Liars Game","floor":11,"gold_loss":0},{"damage_healed":0,"gold_gain":0,"player_choice":"Left Gold","damage_taken":0,"max_hp_gain":0,"max_hp_loss":0,"event_name":"World of Goop","floor":12,"gold_loss":33},{"damage_healed":0,"gold_gain":0,"player_choice":"Fought Mushrooms","damage_taken":0,"max_hp_gain":0,"max_hp_loss":0,"event_name":"Mushrooms","floor":14,"gold_loss":0}],"is_beta":false,"boss_relics":[],"items_purged_floors":[],"is_endless":false,"potions_floor_spawned":[1,7],"killed_by":"Slime Boss","ascension_level":1}}