{"host":"5y2vm16xfq9gfmb2","time":1613260454,"event":{"mods":["AchievementEnabler","BaseMod","Better Third Choice","Colored Map","Colored Powertips","DeckTracker","Marisa????????","Minty Spire (QoL Compilation)","Rare Cards Sparkle","Relic Stats","StSLib","The Alterego","The Animator","The Marked","The Servant 0.9.4"],"gold_per_floor":[118,118,137,97,108,141,161,177,232,407,418,448,464,481,481,481,481],"floor_reached":16,"language":"ENG","playtime":881,"items_purged":[],"score":116,"play_id":"d3b779a0-08fc-4149-9955-6367860fba23","local_time":"20210213185414","is_ascension_mode":false,"campfire_choices":[{"floor":15,"key":"REST"}],"circlet_count":0,"master_deck":["Strike_P","Strike_P","Strike_P","Strike_P","Defend_P","Defend_P","Defend_P","Defend_P","Eruption","Vigilance","EmptyFist","Sanctity","Swivel","FlyingSleeves","InnerPeace","Adaptation","Doubt","Consecrate","ThirdEye","Judgement"],"relics":["PureWater","NeowsBlessing","Potion Belt","InkBottle","Orichalcum"],"acts_visited":["Exordium"],"potions_floor_usage":[8,11,12,12,12,16],"damage_taken":[{"damage":0,"enemies":"Cultist","floor":1,"turns":1},{"damage":0,"enemies":"Small Slimes","floor":3,"turns":1},{"damage":0,"enemies":"2 Louse","floor":5,"turns":1},{"damage":25,"enemies":"3 Sentries","floor":6,"turns":12},{"damage":0,"enemies":"Exordium Wildlife","floor":7,"turns":3},{"damage":0,"enemies":"Large Slime","floor":8,"turns":5},{"damage":0,"enemies":"Looter","floor":11,"turns":3},{"damage":24,"enemies":"Lagavulin","floor":12,"turns":6},{"damage":0,"enemies":"2 Fungi Beasts","floor":13,"turns":3},{"damage":6,"enemies":"Blue Slaver","floor":14,"turns":3},{"damage":37,"enemies":"The Guardian","floor":16,"turns":6}],"seed_played":"-808846032806041338","potions_obtained":[{"floor":3,"key":"LiquidBronze"},{"floor":4,"key":"SpeedPotion"},{"floor":4,"key":"Strength Potion"},{"floor":4,"key":"Energy Potion"},{"floor":6,"key":"BlessingOfTheForge"},{"floor":7,"key":"StancePotion"},{"floor":8,"key":"BottledMiracle"}],"is_trial":false,"path_per_floor":["M","?","M","?","M","E","M","M","T","?","M","E","M","M","R","B"],"character_chosen":"WATCHER","items_purchased":[],"campfire_rested":1,"item_purchase_floors":[],"current_hp_per_floor":[72,65,65,65,65,40,40,40,40,40,40,16,16,10,31,0,0],"gold":481,"neow_bonus":"THREE_ENEMY_KILL","is_daily":false,"chose_seed":false,"campfire_upgraded":0,"win_rate":0.0,"timestamp":1613260454,"path_taken":["M","?","M","?","M","E","M","?","T","?","M","E","M","M","R","BOSS"],"items_purchased_type":[],"build_version":"2020-12-22","purchased_purges":0,"victory":false,"max_hp_per_floor":[72,72,72,72,72,72,72,72,72,72,72,72,72,72,72,72,72],"relic_stats":{"counters":[11,44],"Orichalcum":[0],"obtain_stats":[{"Potion Belt":2,"NeowsBlessing":0,"PureWater":0,"Orichalcum":12,"InkBottle":6},{"Potion Belt":1,"NeowsBlessing":0,"PureWater":0,"Orichalcum":8,"InkBottle":4},{"Potion Belt":1,"NeowsBlessing":0,"PureWater":0,"Orichalcum":32,"InkBottle":15}],"InkBottle":[9]},"card_choices":[{"not_picked":["Crescendo","Evaluate"],"picked":"EmptyFist","floor":1},{"not_picked":["Weave","Protect"],"picked":"Sanctity","floor":3},{"not_picked":["CutThroughFate","Worship"],"picked":"Swivel","floor":5},{"not_picked":["EmptyFist","SashWhip"],"picked":"FlyingSleeves","floor":6},{"not_picked":["DeceiveReality","Halt"],"picked":"InnerPeace","floor":7},{"not_picked":["ThirdEye","Consecrate"],"picked":"Adaptation","floor":8},{"not_picked":["SashWhip","Halt","ThirdEye"],"picked":"SKIP","floor":11},{"not_picked":["CutThroughFate","EmptyFist"],"picked":"Consecrate","floor":12},{"not_picked":["SignatureMove","SashWhip"],"picked":"ThirdEye","floor":13},{"not_picked":["EmptyFist","WheelKick"],"picked":"Judgement","floor":14}],"player_experience":91893,"relics_obtained":[{"floor":6,"key":"InkBottle"},{"floor":12,"key":"Orichalcum"}],"event_choices":[{"damage_healed":0,"gold_gain":0,"player_choice":"Relic ","damage_taken":7,"max_hp_gain":0,"max_hp_loss":0,"event_name":"betterThird:BetterScrap","floor":2,"gold_loss":0,"cards_obtained":["Tempest"]},{"damage_healed":0,"gold_gain":0,"player_choice":"Bought 3 Potions","damage_taken":0,"max_hp_gain":0,"max_hp_loss":0,"event_name":"The Woman in Blue","floor":4,"gold_loss":0},{"damage_healed":0,"gold_gain":175,"player_choice":"AGREE","damage_taken":232,"max_hp_gain":0,"max_hp_loss":0,"event_name":"betterThird:BetterSerpent","floor":10,"gold_loss":0}],"is_beta":false,"boss_relics":[],"items_purged_floors":[],"is_endless":false,"potions_floor_spawned":[3,6,7,8],"killed_by":"The Guardian","ascension_level":0}}