{"host":"wri98rxht4656ll8","time":1613215341,"event":{"mods":["AchievementEnabler","BaseMod","Colored Map","Colored Powertips","Minty Spire (QoL Compilation)","StSLib"],"gold_per_floor":[111,61,74,74,149,178,178,197,224,233,242,321,85,119,119,252,252,252,252],"floor_reached":18,"language":"ENG","playtime":977,"items_purged":["Injury"],"score":174,"play_id":"e08341b3-21d0-4328-ada2-80864b2db793","local_time":"20210213122221","is_ascension_mode":true,"campfire_choices":[{"floor":7,"key":"REST"},{"floor":15,"key":"REST"}],"circlet_count":0,"master_deck":["Strike_B","Strike_B+1","Defend_B","Defend_B","Defend_B","Defend_B","Zap","Dualcast","Auto Shields","Melter","Compile Driver+1","Genetic Algorithm","Capacitor","Chaos","Conserve Battery","Cold Snap","Creative AI"],"relics":["Cracked Core","Smiling Mask","CeramicFish","Golden Idol","Bag of Marbles","Whetstone","Sozu"],"acts_visited":["Exordium","TheCity"],"potions_floor_usage":[6,6,12,12],"damage_taken":[{"damage":1,"enemies":"Jaw Worm","floor":1,"turns":4},{"damage":0,"enemies":"Small Slimes","floor":3,"turns":3},{"damage":38,"enemies":"Gremlin Nob","floor":6,"turns":5},{"damage":2,"enemies":"2 Louse","floor":8,"turns":3},{"damage":32,"enemies":"Gremlin Nob","floor":12,"turns":4},{"damage":0,"enemies":"2 Fungi Beasts","floor":14,"turns":3},{"damage":12,"enemies":"Slime Boss","floor":16,"turns":11},{"damage":15,"enemies":"3 Byrds","floor":18,"turns":3}],"seed_played":"-5568958927188159043","potions_obtained":[{"floor":1,"key":"LiquidMemories"},{"floor":3,"key":"Weak Potion"},{"floor":6,"key":"FearPotion"},{"floor":8,"key":"Dexterity Potion"},{"floor":16,"key":"DuplicationPotion"}],"is_trial":false,"path_per_floor":["M","?","M","$","?","E","R","M","T","?","?","?","$","M","R","B",null,"M"],"character_chosen":"DEFECT","items_purchased":["Conserve Battery","Whetstone"],"campfire_rested":2,"item_purchase_floors":[13,13],"current_hp_per_floor":[81,81,81,81,70,32,56,54,54,54,54,22,22,22,46,34,82,67,67],"gold":252,"neow_bonus":"TEN_PERCENT_HP_BONUS","is_daily":false,"chose_seed":false,"campfire_upgraded":0,"win_rate":0.0,"timestamp":1613215341,"path_taken":["M","?","M","$","?","E","R","M","T","?","?","?","$","M","R","BOSS","M"],"items_purchased_type":["Card","Relic"],"build_version":"2020-12-22","purchased_purges":1,"victory":false,"max_hp_per_floor":[82,82,82,82,82,82,82,82,82,82,82,82,82,82,82,82,82,82,82],"card_choices":[{"not_picked":["Double Energy","Coolheaded"],"picked":"Auto Shields","floor":1},{"not_picked":["Sweeping Beam","Streamline"],"picked":"Melter","floor":3},{"not_picked":["Sunder","Go for the Eyes"],"picked":"Compile Driver","floor":6},{"not_picked":["Go for the Eyes","Skim"],"picked":"Genetic Algorithm","floor":8},{"not_picked":["Blizzard","Gash"],"picked":"Chaos","floor":12},{"not_picked":["Rebound","Go for the Eyes"],"picked":"Cold Snap","floor":14},{"not_picked":["Reboot","Thunder Strike"],"picked":"Creative AI","floor":16}],"player_experience":199548,"relics_obtained":[{"floor":6,"key":"Smiling Mask"},{"floor":9,"key":"CeramicFish"},{"floor":12,"key":"Bag of Marbles"}],"event_choices":[{"cards_removed":["Strike_B"],"damage_healed":0,"gold_gain":0,"player_choice":"Card Removal","damage_taken":0,"max_hp_gain":0,"max_hp_loss":0,"event_name":"The Cleric","floor":2,"gold_loss":50},{"damage_healed":0,"gold_gain":75,"player_choice":"Gather Gold","damage_taken":11,"max_hp_gain":0,"max_hp_loss":0,"event_name":"World of Goop","floor":5,"gold_loss":0},{"damage_healed":0,"gold_gain":0,"cards_transformed":["Strike_B"],"player_choice":"Change","damage_taken":0,"max_hp_gain":0,"max_hp_loss":0,"event_name":"Living Wall","floor":10,"gold_loss":0,"cards_obtained":["Capacitor"]},{"damage_healed":0,"gold_gain":0,"player_choice":"Take Wound","damage_taken":0,"relics_obtained":["Golden Idol"],"max_hp_gain":0,"max_hp_loss":0,"event_name":"Golden Idol","floor":11,"gold_loss":0,"cards_obtained":["Injury"]},{"damage_healed":0,"gold_gain":0,"player_choice":"Searched \u00272\u0027 times","damage_taken":0,"max_hp_gain":0,"max_hp_loss":0,"event_name":"Dead Adventurer","floor":12,"gold_loss":0}],"is_beta":false,"boss_relics":[{"not_picked":["SacredBark","Empty Cage"],"picked":"Sozu"}],"items_purged_floors":[13],"is_endless":false,"potions_floor_spawned":[1,3,6,8,16],"killed_by":"3 Byrds","ascension_level":2}}