{"host":"3c8x8j1h2jyrixpf","time":1613252912,"event":{"mods":["BaseMod","Colored Powertips","Highlight Path","Minty Spire (QoL Compilation)","StSLib"],"gold_per_floor":[115,65,65,65,65,85,85,129,129,145,189,189,227,197,197,323,323,348,194,119,119,163,163,163,163],"floor_reached":24,"language":"ENG","playtime":667,"items_purged":["Strike_G"],"score":346,"play_id":"2fab68c6-c290-41bf-b8cd-642946504962","local_time":"20210213154832","is_ascension_mode":true,"campfire_choices":[{"data":"Neutralize","floor":7,"key":"SMITH"},{"data":"Deadly Poison","floor":12,"key":"SMITH"},{"data":"Glass Knife","floor":15,"key":"SMITH"},{"floor":23,"key":"REST"}],"circlet_count":0,"master_deck":["AscendersBane","Strike_G","Strike_G","Defend_G","Defend_G","Defend_G","Defend_G","Defend_G","Survivor","Neutralize+1","Dagger Throw","Underhanded Strike","Backstab","Cloak And Dagger","Deadly Poison+1","Blur","Glass Knife+1","Envenom","Dagger Spray","Leg Sweep","RitualDagger","Calculated Gamble+1"],"relics":["Ring of the Snake","NeowsBlessing","Golden Idol","Juzu Bracelet","Kunai","Paper Crane","Odd Mushroom","Sozu","Red Mask"],"acts_visited":["Exordium","TheCity"],"potions_floor_usage":[11,16,22,24],"damage_taken":[{"damage":0,"enemies":"2 Louse","floor":1,"turns":1},{"damage":0,"enemies":"Jaw Worm","floor":6,"turns":1},{"damage":0,"enemies":"3 Sentries","floor":8,"turns":1},{"damage":0,"enemies":"Cultist","floor":10,"turns":2},{"damage":12,"enemies":"Gremlin Nob","floor":11,"turns":3},{"damage":13,"enemies":"The Mushroom Lair","floor":13,"turns":5},{"damage":16,"enemies":"Slime Boss","floor":16,"turns":11},{"damage":15,"enemies":"Spheric Guardian","floor":18,"turns":5},{"damage":18,"enemies":"Masked Bandits","floor":22,"turns":5},{"damage":38,"enemies":"Gremlin Leader","floor":24,"turns":6}],"seed_played":"-4030305948050785638","potions_obtained":[{"floor":6,"key":"PowerPotion"},{"floor":13,"key":"SneckoOil"},{"floor":14,"key":"Strength Potion"},{"floor":16,"key":"SkillPotion"}],"is_trial":false,"path_per_floor":["M","?","?","$","?","M","R","E","T","M","E","R","?","?","R","B",null,"M","$","?","?","?","R","E"],"character_chosen":"THE_SILENT","items_purchased":["Leg Sweep"],"campfire_rested":1,"item_purchase_floors":[19],"current_hp_per_floor":[63,63,46,46,46,46,46,46,46,46,34,34,21,21,21,5,54,39,39,39,33,15,36,0,0],"gold":163,"neow_bonus":"THREE_ENEMY_KILL","is_daily":false,"chose_seed":false,"campfire_upgraded":3,"win_rate":0.0,"timestamp":1613252912,"path_taken":["M","?","?","$","?","M","R","E","T","M","E","R","?","?","R","BOSS","M","$","?","?","?","R","E"],"items_purchased_type":["Card"],"build_version":"2020-12-22","purchased_purges":1,"victory":false,"max_hp_per_floor":[70,70,70,70,70,70,70,70,70,70,70,70,70,70,70,70,70,70,70,70,70,70,70,70,70],"card_choices":[{"not_picked":["Dodge and Roll","Sucker Punch"],"picked":"Dagger Throw","floor":1},{"not_picked":["Underhanded Strike","Dagger Throw"],"picked":"Cloak And Dagger","floor":6},{"not_picked":["Slice","Choke"],"picked":"Deadly Poison","floor":8},{"not_picked":["Acrobatics","Deflect","Setup"],"picked":"SKIP","floor":10},{"not_picked":["Slice","Outmaneuver"],"picked":"Blur","floor":11},{"not_picked":["Sucker Punch","Dagger Throw"],"picked":"Glass Knife","floor":13},{"not_picked":["Doppelganger","Venomology"],"picked":"Envenom","floor":16},{"not_picked":["Blur","Quick Slash"],"picked":"Dagger Spray","floor":18},{"not_picked":["Caltrops","Accuracy"],"picked":"Calculated Gamble+1","floor":22}],"player_experience":241947,"relics_obtained":[{"floor":8,"key":"Juzu Bracelet"},{"floor":9,"key":"Kunai"},{"floor":11,"key":"Paper Crane"},{"floor":13,"key":"Odd Mushroom"},{"floor":22,"key":"Red Mask"}],"event_choices":[{"cards_removed":["Strike_G"],"damage_healed":0,"gold_gain":0,"player_choice":"Card Removal","damage_taken":0,"max_hp_gain":0,"max_hp_loss":0,"event_name":"The Cleric","floor":2,"gold_loss":50},{"damage_healed":0,"gold_gain":0,"player_choice":"Take Damage","damage_taken":17,"relics_obtained":["Golden Idol"],"max_hp_gain":0,"max_hp_loss":0,"event_name":"Golden Idol","floor":3,"gold_loss":0},{"damage_healed":0,"gold_gain":0,"player_choice":"2 cards matched","damage_taken":0,"max_hp_gain":0,"max_hp_loss":0,"event_name":"Match and Keep!","floor":5,"gold_loss":0,"cards_obtained":["Underhanded Strike","Backstab"]},{"damage_healed":0,"gold_gain":0,"player_choice":"Fought Mushrooms","damage_taken":0,"max_hp_gain":0,"max_hp_loss":0,"event_name":"Mushrooms","floor":13,"gold_loss":0},{"damage_healed":0,"gold_gain":0,"player_choice":"Bought 2 Potions","damage_taken":0,"max_hp_gain":0,"max_hp_loss":0,"event_name":"The Woman in Blue","floor":14,"gold_loss":0},{"cards_removed":["Strike_G"],"damage_healed":0,"gold_gain":0,"player_choice":"Gave Gold","damage_taken":0,"max_hp_gain":0,"max_hp_loss":0,"event_name":"Beggar","floor":20,"gold_loss":75},{"damage_healed":0,"gold_gain":0,"player_choice":"Joined the Cult","damage_taken":6,"max_hp_gain":0,"max_hp_loss":0,"event_name":"Nest","floor":21,"gold_loss":0,"cards_obtained":["RitualDagger"]},{"damage_healed":0,"gold_gain":0,"player_choice":"Fought Bandits","damage_taken":0,"max_hp_gain":0,"max_hp_loss":0,"event_name":"Masked Bandits","floor":22,"gold_loss":0}],"is_beta":false,"boss_relics":[{"not_picked":["SacredBark","Runic Dome"],"picked":"Sozu"}],"items_purged_floors":[19],"is_endless":false,"potions_floor_spawned":[6,13,16,22],"killed_by":"Gremlin Leader","ascension_level":11}}