{"host":"7yyoe0ei0fseceei","time":1613211770,"event":{"mods":["BaseMod","Colored Map","Highlight Path","Minty Spire (QoL Compilation)","Quick Restart"],"gold_per_floor":[111,82,82,82,101,101,132,132,132,175,203,248,260,272,284,368,380,409,421,433,457,519,531,576,588,648,694,631,313,313,323,323,397,397,410,424,374,374,374,374,393,418,418,38,38,53,88,98,98,98,98],"floor_reached":52,"language":"ENG","playtime":3861,"items_purged":["Defend_G","Writhe"],"score":2089,"play_id":"e8e518b3-a31a-48c3-ac2d-fb8c86fa7c3d","local_time":"20210213112250","is_ascension_mode":true,"campfire_choices":[{"data":"Blade Dance","floor":6.0,"key":"SMITH"},{"data":"Survivor","floor":8.0,"key":"SMITH"},{"data":"Cloak And Dagger","floor":15.0,"key":"SMITH"},{"floor":23.0,"key":"REST"},{"data":"Adrenaline","floor":25.0,"key":"SMITH"},{"data":"Terror","floor":32.0,"key":"SMITH"},{"data":"Backflip","floor":40.0,"key":"SMITH"},{"floor":45,"key":"DIG"},{"floor":49,"key":"DIG"}],"circlet_count":0,"master_deck":["AscendersBane","Strike_G","Strike_G","Strike_G","Defend_G","Defend_G","Defend_G","Defend_G","Survivor+1","Neutralize","Slice","Dagger Throw","Blade Dance+1","Deflect","Dagger Spray","Backstab+1","Cloak And Dagger+1","Adrenaline+1","Deflect","Dodge and Roll","Prepared","Backflip+1","Terror+1","After Image+1","Deflect","Dagger Spray","Deflect+1","Acrobatics","Corpse Explosion","Backflip"],"relics":["Ring of the Snake","NeowsBlessing","Eternal Feather","Ninja Scroll","MawBank","Smiling Mask","Kunai","WristBlade","Enchiridion","Bronze Scales","Toy Ornithopter","Calipers","Incense Burner","Frozen Egg 2","Philosopher\u0027s Stone","Ice Cream","Shovel","Meat on the Bone","Boot","PreservedInsect"],"acts_visited":["Exordium","TheCity","TheBeyond"],"potions_floor_usage":[46,46,50],"damage_taken":[{"damage":0.0,"enemies":"Small Slimes","floor":1.0,"turns":1.0},{"damage":0.0,"enemies":"Cultist","floor":5.0,"turns":1.0},{"damage":0.0,"enemies":"Gremlin Nob","floor":7.0,"turns":1.0},{"damage":16.0,"enemies":"3 Sentries","floor":10.0,"turns":10.0},{"damage":1.0,"enemies":"Jaw Worm","floor":11.0,"turns":2.0},{"damage":2.0,"enemies":"Gremlin Nob","floor":12.0,"turns":2.0},{"damage":34.0,"enemies":"The Guardian","floor":16.0,"turns":15.0},{"damage":0.0,"enemies":"3 Byrds","floor":18.0,"turns":2.0},{"damage":0.0,"enemies":"Shell Parasite","floor":21.0,"turns":1.0},{"damage":9.0,"enemies":"Book of Stabbing","floor":24.0,"turns":6.0},{"damage":0.0,"enemies":"Slavers","floor":27.0,"turns":6.0},{"damage":12.0,"enemies":"Snake Plant","floor":31.0,"turns":2.0},{"damage":53.0,"enemies":"Collector","floor":33.0,"turns":10.0},{"damage":0.0,"enemies":"Orb Walker","floor":35.0,"turns":1.0},{"damage":0.0,"enemies":"3 Darklings","floor":36.0,"turns":7.0},{"damage":0.0,"enemies":"Maw","floor":41.0,"turns":7.0},{"damage":0.0,"enemies":"Mind Bloom Boss Battle","floor":42.0,"turns":5.0},{"damage":0,"enemies":"Spire Growth","floor":46,"turns":4},{"damage":22,"enemies":"Reptomancer","floor":47,"turns":7},{"damage":0,"enemies":"4 Shapes","floor":48,"turns":3},{"damage":0,"enemies":"Donu and Deca","floor":50,"turns":8},{"damage":10,"enemies":"Awakened One","floor":51,"turns":24}],"seed_played":"-84309018089608552","potions_obtained":[{"floor":4.0,"key":"FairyPotion"},{"floor":4.0,"key":"Poison Potion"},{"floor":7.0,"key":"DistilledChaos"},{"floor":10.0,"key":"FearPotion"},{"floor":24.0,"key":"SpeedPotion"},{"floor":33.0,"key":"CunningPotion"},{"floor":46,"key":"Fruit Juice"},{"floor":47,"key":"CunningPotion"}],"is_trial":false,"path_per_floor":["M","$","?","?","M","R","E","R","T","E","M","E","?","?","R","B",null,"M","$","?","M","?","R","E","R","T","E","?","$","T","M","R","B",null,"M","M","$","?","?","R","M","?","T","$","R","M","E","M","R","B","B",null],"character_chosen":"THE_SILENT","items_purchased":["Dagger Throw","Incense Burner","Shovel"],"campfire_rested":1,"item_purchase_floors":[2,29,44],"current_hp_per_floor":[59,59,59,59,59,66,66,66,66,50,49,47,47,47,59,25,56,56,56,35,35,35,66,57,66,66,66,66,66,66,54,66,13,53,53,53,53,53,66,66,66,66,66,66,66,71,49,49,67,71,61],"gold":98,"neow_bonus":"THREE_ENEMY_KILL","is_daily":false,"chose_seed":false,"campfire_upgraded":6,"win_rate":0.0,"timestamp":1613211770,"path_taken":["M","$","?","?","M","R","E","R","T","E","?","E","?","?","R","BOSS","M","$","?","M","?","R","E","R","T","E","?","$","?","M","R","BOSS","M","M","$","?","?","R","M","?","T","$","R","M","E","M","R","BOSS","BOSS"],"items_purchased_type":["Card","Relic","Relic"],"build_version":"2020-12-22","purchased_purges":2,"victory":true,"max_hp_per_floor":[66,66,66,66,66,66,66,66,66,66,66,66,66,66,66,66,66,66,66,66,66,66,66,66,66,66,66,66,66,66,66,66,66,66,66,66,66,66,66,66,66,66,66,66,66,71,71,71,71,71,71],"card_choices":[{"not_picked":["Dagger Spray","Dagger Throw"],"picked":"Slice","floor":1.0},{"not_picked":["Masterful Stab","Skewer"],"picked":"Blade Dance","floor":5.0},{"not_picked":["Slice","Poisoned Stab"],"picked":"Deflect","floor":7.0},{"not_picked":["Eviscerate","Poisoned Stab"],"picked":"Dagger Spray","floor":10.0},{"not_picked":["Dagger Throw","Reflex"],"picked":"Backstab","floor":11.0},{"not_picked":["Riddle With Holes","Distraction"],"picked":"Cloak And Dagger","floor":12.0},{"not_picked":["Tools of the Trade","Doppelganger"],"picked":"Adrenaline","floor":16.0},{"not_picked":["Acrobatics","Bouncing Flask"],"picked":"Deflect","floor":18.0},{"not_picked":["Flying Knee","All Out Attack"],"picked":"Dodge and Roll","floor":21.0},{"not_picked":["Expertise","Acrobatics"],"picked":"Prepared","floor":24.0},{"not_picked":["Flying Knee","Expertise"],"picked":"Backflip","floor":27.0},{"not_picked":["Dagger Throw","Choke"],"picked":"Terror","floor":31.0},{"not_picked":["Bullet Time","Doppelganger"],"picked":"After Image+1","floor":33.0},{"not_picked":["Masterful Stab+1","Heel Hook+1"],"picked":"Deflect","floor":35.0},{"not_picked":["Flying Knee","PiercingWail"],"picked":"Dagger Spray","floor":36.0},{"not_picked":["Underhanded Strike","Flying Knee","Poisoned Stab"],"picked":"SKIP","floor":41.0},{"not_picked":["Catalyst","Dagger Spray"],"picked":"Deflect+1","floor":42.0},{"not_picked":["Deflect","Outmaneuver"],"picked":"Acrobatics","floor":46},{"not_picked":["Outmaneuver","Sucker Punch"],"picked":"Corpse Explosion","floor":47},{"not_picked":["Sucker Punch","Dodge and Roll"],"picked":"Backflip","floor":48}],"player_experience":911434,"relics_obtained":[{"floor":7.0,"key":"Ninja Scroll"},{"floor":9.0,"key":"MawBank"},{"floor":10.0,"key":"Smiling Mask"},{"floor":12.0,"key":"Kunai"},{"floor":20.0,"key":"Enchiridion"},{"floor":24.0,"key":"Bronze Scales"},{"floor":26.0,"key":"Toy Ornithopter"},{"floor":27.0,"key":"Calipers"},{"floor":30.0,"key":"Frozen Egg 2"},{"floor":42.0,"key":"Ice Cream"},{"floor":45,"key":"Meat on the Bone"},{"floor":47,"key":"Boot"},{"floor":49,"key":"PreservedInsect"}],"event_choices":[{"damage_healed":0.0,"max_hp_gain":0.0,"max_hp_loss":0.0,"gold_gain":0.0,"event_name":"Big Fish","player_choice":"Box","floor":3.0,"gold_loss":0.0,"damage_taken":0.0,"relics_obtained":["Eternal Feather"],"cards_obtained":["Regret"]},{"damage_healed":0.0,"max_hp_gain":0.0,"max_hp_loss":0.0,"gold_gain":0.0,"event_name":"Lab","player_choice":"Got Potions","floor":4.0,"gold_loss":0.0,"damage_taken":0.0},{"cards_removed":["Regret"],"damage_healed":0.0,"max_hp_gain":0.0,"max_hp_loss":0.0,"gold_gain":0.0,"event_name":"Living Wall","player_choice":"Forget","floor":13.0,"gold_loss":0.0,"damage_taken":0.0},{"damage_healed":0.0,"max_hp_gain":0.0,"max_hp_loss":0.0,"gold_gain":0.0,"event_name":"Accursed Blacksmith","player_choice":"Forge","floor":14.0,"gold_loss":0.0,"damage_taken":0.0,"cards_upgraded":["Backstab"]},{"damage_healed":0.0,"max_hp_gain":0.0,"max_hp_loss":0.0,"gold_gain":0.0,"event_name":"Cursed Tome","player_choice":"Obtained Book","floor":20.0,"gold_loss":0.0,"damage_taken":21.0},{"damage_healed":0.0,"max_hp_gain":0.0,"max_hp_loss":0.0,"gold_gain":50.0,"event_name":"Nest","player_choice":"Stole From Cult","floor":22.0,"gold_loss":0.0,"damage_taken":0.0},{"cards_removed":["Strike_G"],"damage_healed":0.0,"max_hp_gain":0.0,"max_hp_loss":0.0,"gold_gain":0.0,"event_name":"Beggar","player_choice":"Gave Gold","floor":28.0,"gold_loss":75.0,"damage_taken":0.0},{"cards_removed":["Strike_G"],"damage_healed":0.0,"max_hp_gain":0.0,"max_hp_loss":0.0,"gold_gain":0.0,"event_name":"Falling","player_choice":"Removed Attack","floor":38.0,"gold_loss":0.0,"damage_taken":0.0},{"damage_healed":13.0,"max_hp_gain":0.0,"max_hp_loss":0.0,"gold_gain":0.0,"event_name":"Winding Halls","player_choice":"Writhe","floor":39.0,"gold_loss":0.0,"damage_taken":0.0,"cards_obtained":["Writhe"]},{"damage_healed":0.0,"max_hp_gain":0.0,"max_hp_loss":0.0,"gold_gain":0.0,"event_name":"MindBloom","player_choice":"Fight","floor":42.0,"gold_loss":0.0,"damage_taken":0.0}],"is_beta":false,"boss_relics":[{"not_picked":["Cursed Key","HoveringKite"],"picked":"WristBlade"},{"not_picked":["Empty Cage","Runic Pyramid"],"picked":"Philosopher\u0027s Stone"}],"items_purged_floors":[37,44],"is_endless":false,"potions_floor_spawned":[5,7,10,24,33,41,46,47,48],"ascension_level":20}}