{"host":"7gewg82ormp6yt4e","time":1613216959,"event":{"mods":["BaseMod","Block Reminder","Colored Map","DeckTracker","Highlight Path","Minty Spire (QoL Compilation)","Relic Stats","StSLib","ojb\u0027s Info Mod"],"gold_per_floor":[109,72,86,98,118,149,149,167,217,367,367,392,392,145,145,217,217,237,237,237,50,61,61,93,93,147,147,147],"floor_reached":27,"language":"JPN","playtime":1019,"items_purged":["Doubt","Strike_P"],"score":628,"play_id":"8531f9d8-a6c5-4f52-b75a-579b7e33becb","local_time":"20210213204919","is_ascension_mode":true,"campfire_choices":[{"data":"BowlingBash","floor":7.0,"key":"SMITH"},{"data":"TalkToTheHand","floor":11.0,"key":"SMITH"},{"data":"MentalFortress","floor":13.0,"key":"SMITH"},{"data":"TalkToTheHand","floor":15.0,"key":"SMITH"},{"floor":23,"key":"REST"},{"floor":25,"key":"REST"}],"circlet_count":0,"master_deck":["AscendersBane","Strike_P","Defend_P","Defend_P","Defend_P","Eruption","Vigilance","EmptyBody","TalkToTheHand+1","BowlingBash+1","Protect","Tantrum","ThirdEye","MentalFortress+1","MentalFortress","TalkToTheHand+1","Ragnarok","Alpha+1","Study+1","InnerPeace","Wireheading"],"relics":["Velvet Choker","Vajra","Bag of Marbles","Sundial","Astrolabe","CeramicFish","Ancient Tea Set"],"acts_visited":["Exordium","TheCity"],"potions_floor_usage":[18,24],"damage_taken":[{"damage":1.0,"enemies":"Cultist","floor":1.0,"turns":4.0},{"damage":2.0,"enemies":"Jaw Worm","floor":3.0,"turns":5.0},{"damage":10.0,"enemies":"Small Slimes","floor":4.0,"turns":4.0},{"damage":3.0,"enemies":"Red Slaver","floor":5.0,"turns":5.0},{"damage":17.0,"enemies":"3 Sentries","floor":6.0,"turns":11.0},{"damage":0.0,"enemies":"2 Fungi Beasts","floor":8.0,"turns":2.0},{"damage":0.0,"enemies":"Gremlin Nob","floor":12.0,"turns":2.0},{"damage":0.0,"enemies":"Slime Boss","floor":16.0,"turns":5.0},{"damage":0,"enemies":"Spheric Guardian","floor":18,"turns":2},{"damage":12,"enemies":"Chosen","floor":22,"turns":5},{"damage":43,"enemies":"Slavers","floor":24,"turns":5},{"damage":31,"enemies":"Book of Stabbing","floor":27,"turns":4}],"seed_played":"-7916177483565875367","potions_obtained":[{"floor":3.0,"key":"Fire Potion"},{"floor":5.0,"key":"SpeedPotion"},{"floor":6.0,"key":"Regen Potion"},{"floor":12.0,"key":"ColorlessPotion"},{"floor":16.0,"key":"Weak Potion"},{"floor":24,"key":"Ancient Potion"}],"is_trial":false,"path_per_floor":["M","$","M","M","M","E","R","M","T","?","R","E","R","$","R","B",null,"M","?","?","$","M","R","E","R","T","E"],"character_chosen":"WATCHER","items_purchased":["TalkToTheHand","MentalFortress","TalkToTheHand","InnerPeace"],"campfire_rested":2,"item_purchase_floors":[2,14,14,21],"current_hp_per_floor":[60,60,58,48,45,28,28,28,28,28,28,33,33,33,33,33,59,59,40,40,40,28,49,6,27,27,0,0],"gold":147,"neow_bonus":"BOSS_RELIC","is_daily":false,"chose_seed":false,"campfire_upgraded":4,"win_rate":0.0,"timestamp":1613216959,"path_taken":["M","?","M","M","M","E","R","?","T","?","R","E","R","$","R","BOSS","M","?","?","$","M","R","E","R","T","E"],"items_purchased_type":["Card","Card","Card","Card"],"build_version":"2020-12-22","purchased_purges":2,"victory":false,"max_hp_per_floor":[68,68,68,68,68,68,68,68,68,68,68,68,68,68,68,68,68,68,73,73,73,73,73,73,73,73,73,73],"relic_stats":{"counters":[12,54],"Sundial":[2],"Astrolabe":["Alpha","PathToVictory","Study"],"CeramicFish":0,"obtain_stats":[{"Sundial":12,"Astrolabe":17,"CeramicFish":24,"Velvet Choker":0,"Vajra":6,"Bag of Marbles":9,"PureWater":0,"Ancient Tea Set":26},{"Sundial":7,"Astrolabe":8,"CeramicFish":11,"Velvet Choker":0,"Vajra":5,"Bag of Marbles":6,"PureWater":0,"Ancient Tea Set":11},{"Sundial":33,"Astrolabe":38,"CeramicFish":50,"Velvet Choker":0,"Vajra":29,"Bag of Marbles":31,"PureWater":0,"Ancient Tea Set":50}]},"card_choices":[{"not_picked":["FlurryOfBlows","Evaluate"],"picked":"EmptyBody","floor":1.0},{"not_picked":["FlyingSleeves","Pray"],"picked":"BowlingBash","floor":3.0},{"not_picked":["WreathOfFlame","WindmillStrike","Pray"],"picked":"SKIP","floor":4.0},{"not_picked":["Meditate","JustLucky"],"picked":"Protect","floor":5.0},{"not_picked":["Perseverance","SignatureMove"],"picked":"Tantrum","floor":6.0},{"not_picked":["FlurryOfBlows","FlyingSleeves"],"picked":"ThirdEye","floor":8.0},{"not_picked":["JustLucky","LikeWater"],"picked":"MentalFortress","floor":12.0},{"not_picked":["Vault","Judgement"],"picked":"Ragnarok","floor":16.0},{"not_picked":["FlurryOfBlows","JustLucky+1","FlyingSleeves"],"picked":"SKIP","floor":18},{"not_picked":["FlurryOfBlows+1","CrushJoints"],"picked":"Wireheading","floor":22},{"not_picked":["EmptyFist","WheelKick","Protect"],"picked":"SKIP","floor":24}],"player_experience":2850931,"relics_obtained":[{"floor":6.0,"key":"Vajra"},{"floor":9.0,"key":"Bag of Marbles"},{"floor":12.0,"key":"Sundial"},{"floor":24,"key":"CeramicFish"},{"floor":26,"key":"Ancient Tea Set"}],"event_choices":[{"damage_healed":0.0,"max_hp_gain":0.0,"max_hp_loss":0.0,"gold_gain":150.0,"event_name":"Liars Game","player_choice":"AGREE","floor":10.0,"gold_loss":0.0,"damage_taken":0.0,"cards_obtained":["Doubt"]},{"damage_healed":0,"gold_gain":0,"player_choice":"Shed Blood","damage_taken":24,"max_hp_gain":5,"max_hp_loss":0,"event_name":"Forgotten Altar","floor":19,"gold_loss":0},{"cards_removed":["PathToVictory"],"damage_healed":0,"gold_gain":0,"player_choice":"Purged","damage_taken":0,"max_hp_gain":0,"max_hp_loss":0,"event_name":"Purifier","floor":20,"gold_loss":0}],"is_beta":false,"boss_relics":[{"not_picked":["SacredBark","Philosopher\u0027s Stone"],"picked":"Astrolabe"}],"items_purged_floors":[14,21],"is_endless":false,"potions_floor_spawned":[3,5,6,12,16,24],"killed_by":"Book of Stabbing","ascension_level":20}}