{"host":"x8sam8fprezugive","time":1613205252,"event":{"mods":["A Magickal Journey","Bard","BaseMod","Colored Powertips","Downfall","Hero for Fun","Minty Spire (QoL Compilation)","Replay The Spire","StSLib","The Necromancer"],"gold_per_floor":[99,99,99,119,131,131,131,147,57,72,88,88,73,88,100,203,203,203,213,213,232,232,248,275,295,295,325,325,350,350,350,370,465,465,265,283,283,283,302,302,328,363,5,5,5,5,23,16,52,60,60],"floor_reached":50,"language":"ENG","playtime":3128,"items_purged":["Pain"],"score":627,"play_id":"7df607fd-fd54-477c-a340-caf465f7a6b9","local_time":"20210213093412","is_ascension_mode":false,"campfire_choices":[{"floor":1,"key":"RECALL"},{"data":"Bones_to_Steel","floor":12,"key":"SMITH"},{"data":"Cloudkill","floor":18,"key":"SMITH"},{"floor":28,"key":"REST"},{"floor":35,"key":"DIG"},{"data":"Summon_Death_Knight","floor":40,"key":"SMITH"},{"data":"Summon_Lich","floor":45,"key":"SMITH"}],"circlet_count":0,"master_deck":["Strike_W+1","Strike_W+1","Strike_W+1","Strike_W+1","Defend_W+1","Defend_W+1","Defend_W+1","Negative_Energy_Arrows","Bone_Wall","Exploit","Vampiric_Strike","Siphon_Strength","Pandemic","Bone_Shift","Toxic_Smoke_Screen","Bones_to_Steel+1","Reap_The_Weak","Death_March_Dance","Bone_Armor","Cloudkill+1","Siphon_Strength","Siphon_Strength","Siphon_Strength","Exploit","Scare","RitualDagger","Life_Drain","Spectral_Armor","Summon_Lich+1","Summon_Death_Knight+1","Bone_Bullets","Blood_Is_Power","Vampiric_Strike+1","Blood_for_Blood","Spectral_Armor+1","expansioncontent:Chronoboost","Epidemic","Bone_Shift+1","Stop_Heart"],"relics":["Vampire_Amulet","WarpedTongs","Pear","Ring of Chaos","ReplayTheSpireMod:TigerMarble","Garlic","White Beast Statue","Velvet Choker","downfall:HeartBlessingRed","downfall:HeartBlessingGreen","Replay:Wax Seal","Strawberry","Replay:Rubber Ducky","Replay:Bandana","Strange Spoon"],"acts_visited":["Exordium","TheCity","TheBeyond"],"potions_floor_usage":[11,16,21,27,32,33,39,42,47,48,49,50,50],"damage_taken":[{"damage":8,"enemies":"Jaw Worm","floor":4,"turns":5},{"damage":10,"enemies":"2 Louse","floor":5,"turns":2},{"damage":5,"enemies":"Cultist","floor":8,"turns":3},{"damage":1,"enemies":"downfall:FleeingMerchant","floor":9,"turns":4},{"damage":8,"enemies":"Large Slime","floor":10,"turns":5},{"damage":9,"enemies":"Exordium Thugs","floor":11,"turns":4},{"damage":0,"enemies":"downfall:FleeingMerchant","floor":13,"turns":4},{"damage":15,"enemies":"Exordium Wildlife","floor":14,"turns":4},{"damage":13,"enemies":"Red Slaver","floor":15,"turns":2},{"damage":23,"enemies":"DF_ARCHETYPE_STREAMLINE","floor":16,"turns":12},{"damage":24,"enemies":"Shell Parasite","floor":19,"turns":6},{"damage":0,"enemies":"Snake Plant","floor":21,"turns":5},{"damage":0,"enemies":"Snecko","floor":23,"turns":3},{"damage":7,"enemies":"Chosen and Byrds","floor":25,"turns":4},{"damage":59,"enemies":"Slavers","floor":27,"turns":7},{"damage":15,"enemies":"Gremlin Leader","floor":29,"turns":7},{"damage":22,"enemies":"Centurion and Healer","floor":32,"turns":8},{"damage":3,"enemies":"WA_ARCHETYPE_CALM","floor":33,"turns":10},{"damage":0,"enemies":"3 Shapes","floor":36,"turns":7},{"damage":9,"enemies":"Orb Walker","floor":39,"turns":3},{"damage":2,"enemies":"Reptomancer","floor":42,"turns":4},{"damage":2,"enemies":"downfall:FleeingMerchant","floor":43,"turns":4},{"damage":0,"enemies":"Transient","floor":47,"turns":5},{"damage":2,"enemies":"downfall:FleeingMerchant","floor":48,"turns":4},{"damage":15,"enemies":"Sphere and 2 Shapes","floor":49,"turns":6},{"damage":206,"enemies":"IC_BLOCK_ARCHETYPE","floor":50,"turns":6}],"seed_played":"-5346039177616631548","potions_obtained":[{"floor":5,"key":"SpeedPotion"},{"floor":6,"key":"Reflective Coating"},{"floor":6,"key":"FearPotion"},{"floor":8,"key":"ColorlessPotion"},{"floor":10,"key":"CultistPotion"},{"floor":15,"key":"champ:CounterPotion"},{"floor":16,"key":"bronze:BurnAndBuffPotion"},{"floor":25,"key":"Energy Potion"},{"floor":29,"key":"SteroidPotion"},{"floor":32,"key":"FairyPotion"},{"floor":33,"key":"GamblersBrew"},{"floor":36,"key":"PowerPotion"},{"floor":39,"key":"sneckomod:MuddlingPotion"},{"floor":42,"key":"BlessingOfTheForge"},{"floor":43,"key":"Fire Potion"},{"floor":47,"key":"FearPotion"},{"floor":48,"key":"Swift Potion"},{"floor":49,"key":"AttackPotion"}],"is_trial":false,"path_per_floor":["R","?","?","M","M","?","T","M","$","M","M","R","$","M","M","B",null,"R","M","?","M","?","M","T","M","?","E","R","E","?","?","M","B",null,"R","M","?","?","M","R","T","E","$","?","R","?","M","$","M","B"],"character_chosen":"NECROMANCER","items_purchased":["Replay:Bandana","Strange Spoon","Spectral_Armor+1"],"campfire_rested":1,"item_purchase_floors":[43,43,43],"current_hp_per_floor":[75,75,75,69,63,63,73,70,69,65,60,60,67,56,45,34,85,85,63,63,65,65,67,67,67,61,13,38,37,37,37,28,39,85,85,85,85,77,73,73,80,92,90,90,90,90,92,92,88,0,0],"gold":60,"neow_bonus":"TRANSFORM_CARD","is_daily":false,"chose_seed":false,"campfire_upgraded":4,"win_rate":0.0,"timestamp":1613205252,"path_taken":["R","?","?","?","M","?","T","M","$","M","M","R","?","M","M","BOSS","R","M","?","?","?","M","T","M","?","E","R","E","?","?","M","BOSS","R","M","?","?","?","R","T","E","$","?","R","?","?","$","M","BOSS"],"items_purchased_type":["Relic","Relic","Card"],"build_version":"2020-12-22","purchased_purges":1,"victory":false,"max_hp_per_floor":[75,75,75,75,75,75,85,85,85,85,85,85,85,85,85,85,85,85,85,85,85,85,85,85,85,85,85,85,85,85,85,85,85,85,85,85,85,85,85,85,92,92,92,92,92,92,92,92,92,92,92],"card_choices":[{"not_picked":["Exploit","Bone_Bullets"],"picked":"Vampiric_Strike","floor":4},{"not_picked":["Blood_Shield","Necrotic_Claws"],"picked":"Siphon_Strength","floor":5},{"not_picked":["Negative_Energy_Shield","Vampiric_Strike"],"picked":"Pandemic","floor":8},{"not_picked":["Consume_Illness","Shackles_Of_Pain"],"picked":"Bone_Shift","floor":9},{"not_picked":["Vampiric_Strike","Negative_Energy_Shield"],"picked":"Toxic_Smoke_Screen","floor":10},{"not_picked":["Consume_Illness","Finger_Of_Death"],"picked":"Bones_to_Steel","floor":11},{"not_picked":["Consume_Illness","Bone_Shift"],"picked":"Reap_The_Weak","floor":13},{"not_picked":["Necromantic_Selection","Slay_Living"],"picked":"Death_March_Dance","floor":14},{"not_picked":["Vampiric_Strike","Chill_Blood"],"picked":"Bone_Armor","floor":15},{"not_picked":["Blood_Wake","Negative_Energy_Bomb"],"picked":"Cloudkill","floor":16},{"not_picked":["Negative_Energy_Mist","Whirlwind_of_Bones+1"],"picked":"Siphon_Strength","floor":19},{"not_picked":["Exploit+1","Blood_Is_Power"],"picked":"Siphon_Strength","floor":21},{"not_picked":["Finger_Of_Death+1","Scare"],"picked":"Exploit","floor":23},{"not_picked":["Death_March_Dance+1","Negative_Energy_Mist"],"picked":"Scare","floor":25},{"not_picked":["Death_March_Dance","Bones_to_Steel+1"],"picked":"Life_Drain","floor":27},{"not_picked":["Blood_Curse","Deaths_Shadow"],"picked":"Spectral_Armor","floor":29},{"not_picked":["Chill_Blood+1","Epidemic+1"],"picked":"Summon_Lich","floor":32},{"not_picked":["Requiem","Negative_Energy_Bomb"],"picked":"Summon_Death_Knight","floor":33},{"not_picked":["Life_Drain","Blood_Whip"],"picked":"Bone_Bullets","floor":36},{"not_picked":["Negative_Energy_Javelin+1","Negative_Energy_Shield"],"picked":"Blood_Is_Power","floor":39},{"not_picked":["Blood_Whip","Chill_Blood+1"],"picked":"Vampiric_Strike+1","floor":42},{"not_picked":["Negative_Energy_Shield+1","Plague_Bolt"],"picked":"Blood_for_Blood","floor":43},{"not_picked":["expansioncontent:YouAreMine","expansioncontent:AwakenDeath"],"picked":"expansioncontent:Chronoboost","floor":44},{"not_picked":["Bone_Shift","Negative_Energy_Burst"],"picked":"Epidemic","floor":47},{"not_picked":["Chill_Blood+1","Life_Drain"],"picked":"Bone_Shift+1","floor":48},{"not_picked":["Blood_Curse+1","Negative_Energy_Burst"],"picked":"Stop_Heart","floor":49}],"player_experience":248544,"relics_obtained":[{"floor":7,"key":"Pear"},{"floor":24,"key":"ReplayTheSpireMod:TigerMarble"},{"floor":27,"key":"Garlic"},{"floor":29,"key":"White Beast Statue"},{"floor":35,"key":"Replay:Wax Seal"},{"floor":41,"key":"Strawberry"},{"floor":42,"key":"Replay:Rubber Ducky"}],"event_choices":[{"damage_healed":0,"gold_gain":0,"player_choice":"Rummage","damage_taken":0,"relics_obtained":["WarpedTongs"],"max_hp_gain":0,"max_hp_loss":0,"event_name":"Accursed Blacksmith","floor":3,"gold_loss":0,"cards_obtained":["Pain"]},{"damage_healed":0,"gold_gain":0,"player_choice":"Got Potions","damage_taken":0,"max_hp_gain":0,"max_hp_loss":0,"event_name":"Lab","floor":6,"gold_loss":0},{"damage_healed":0,"gold_gain":0,"player_choice":"Simplicity","damage_taken":0,"max_hp_gain":0,"max_hp_loss":0,"event_name":"Back to Basics","floor":22,"gold_loss":0,"cards_upgraded":["Strike_W","Strike_W","Strike_W","Strike_W","Defend_W","Defend_W"]},{"damage_healed":0,"gold_gain":0,"player_choice":"Ignored","damage_taken":0,"max_hp_gain":0,"max_hp_loss":0,"event_name":"Vampires","floor":30,"gold_loss":0},{"damage_healed":0,"gold_gain":0,"player_choice":"Damaged","damage_taken":8,"max_hp_gain":0,"max_hp_loss":0,"event_name":"Wheel of Change","floor":38,"gold_loss":0}],"is_beta":false,"boss_relics":[{"not_picked":["Cursed Key","Pandora\u0027s Box"],"picked":"Ring of Chaos"},{"not_picked":["Astrolabe","Busted Crown"],"picked":"Velvet Choker"}],"items_purged_floors":[9],"is_endless":false,"potions_floor_spawned":[5,8,10,15,16,25,29,32,33,36,39,42,43,47,48,49],"killed_by":"IC_BLOCK_ARCHETYPE","ascension_level":0}}