{"host":"lnfs5t5iydkm2lft","time":1613194090,"event":{"mods":["AchievementEnabler","BaseMod","Better Third Choice","BetterRewards","Colored Powertips","Downfall","Hermit","Hubris","Infinite Spire","Marisa????????","Minty Spire (QoL Compilation)","Quick Restart","Replay The Spire","StSLib","The Runesmith","The Senshi","everything is the same but u backflip on backflip","slay the spire mod where everything is the same but ironclad has a cowboy hat"],"gold_per_floor":[99,119,119,138,138,138,186,200,214,230,249,3,3,14,34,139,139,39,53,53,53,69,169,169,69,91,114,148,158,158,158],"floor_reached":29,"language":"ENG","playtime":1877,"items_purged":["sneckomod:SlitherStrike"],"score":246,"play_id":"2b4c478f-f846-4d5b-8ed6-79328ce1408e","local_time":"20210212232810","is_ascension_mode":false,"campfire_choices":[{"floor":6,"key":"RECALL"},{"floor":18,"key":"DIG"},{"data":"ReplayTheSpireMod:Book of Names","floor":25,"key":"SMITH"}],"circlet_count":0,"master_deck":["sneckomod:Strike","sneckomod:Strike","sneckomod:Strike","sneckomod:Defend","sneckomod:Defend","sneckomod:Defend","sneckomod:TailWhip+1","sneckomod:SnekBite","Slimebound:RainOfGoop","sneckomod:UnknownDraw","sneckomod:UnknownUncommonPower","sneckomod:QuickBite","sneckomod:UnknownX","sneckomod:DiceBoulder","Mayhem","sneckomod:RainOfDice","Runesmith:HeatedChisel","sneckomod:UnknownRarePower","sneckomod:TrashToTreasure","sneckomod:Restock","sneckomod:DiceCrush+1","ReplayTheSpireMod:Book of Names+1","sneckomod:Nope+1","sneckomod:IronFang+1","sneckomod:UnknownX+1","sneckomod:Unknown1Cost","sneckomod:WideSting"],"relics":["sneckomod:SneckoSoul","Ring of Chaos","downfall:HeartBlessingRed","Lizard Tail","White Beast Statue","infinitespire:Midas Blood","downfall:HeartBlessingBlue"],"acts_visited":["Exordium","TheCity"],"potions_floor_usage":[8,12,16,16,23,23,23,23,23,23,27,29],"damage_taken":[{"damage":6,"enemies":"Jaw Worm","floor":2,"turns":2},{"damage":0,"enemies":"Cultist","floor":4,"turns":3},{"damage":8,"enemies":"infinitespire:Voidling","floor":8,"turns":3},{"damage":7,"enemies":"Blue Slaver","floor":9,"turns":4},{"damage":12,"enemies":"Red Slaver","floor":10,"turns":3},{"damage":18,"enemies":"2 Fungi Beasts","floor":11,"turns":3},{"damage":5,"enemies":"downfall:FleeingMerchant","floor":12,"turns":4},{"damage":5,"enemies":"3 Louse","floor":14,"turns":3},{"damage":19,"enemies":"Blue Slaver","floor":15,"turns":3},{"damage":17,"enemies":"IC_STATUS_ARCHETYPE","floor":16,"turns":8},{"damage":3,"enemies":"Chosen","floor":19,"turns":3},{"damage":21,"enemies":"Snake Plant","floor":22,"turns":4},{"damage":10,"enemies":"downfall:LadyInBlue","floor":23,"turns":8},{"damage":8,"enemies":"Snecko","floor":26,"turns":4},{"damage":34,"enemies":"Shelled Parasite and Fungi","floor":27,"turns":5},{"damage":60,"enemies":"3 Cultists","floor":28,"turns":7},{"damage":57,"enemies":"Cultist and Chosen","floor":29,"turns":6}],"seed_played":"21142087145036334","potions_obtained":[{"floor":2,"key":"FearPotion"},{"floor":8,"key":"Swift Potion"},{"floor":10,"key":"champ:CounterPotion"},{"floor":15,"key":"champ:CounterPotion"},{"floor":20,"key":"sneckomod:CheatPotion"},{"floor":20,"key":"EntropicBrew"},{"floor":20,"key":"LiquidBronze"},{"floor":23,"key":"CultistPotion"},{"floor":23,"key":"LifebloodPotion"},{"floor":23,"key":"Cursed Concoction"},{"floor":27,"key":"Milkshake"},{"floor":28,"key":"Slimebound:ThreeZeroPotion"}],"is_trial":false,"path_per_floor":["R","M","?","M","?","R","T","M","M","M","M","$","R","M","M","B",null,"R","M","?","AVR","M","?","T","R","M","M","M","M"],"character_chosen":"THE_SNECKO","items_purchased":["Mayhem","sneckomod:RainOfDice"],"campfire_rested":0,"item_purchase_floors":[12,12],"current_hp_per_floor":[99,93,93,93,93,93,93,85,78,66,48,43,43,38,19,2,99,99,96,96,96,75,65,65,75,67,33,34,0,0,0],"gold":158,"neow_bonus":"TEN_PERCENT_HP_BONUS","is_daily":false,"chose_seed":false,"campfire_upgraded":1,"win_rate":0.0,"timestamp":1613194090,"path_taken":["R","M","?","?","?","R","T","M","M","M","M","?","R","M","M","BOSS","R","M","?","AVR","?","?","T","R","M","?","M","M"],"items_purchased_type":["Card","Card"],"build_version":"2020-12-22","purchased_purges":1,"victory":false,"max_hp_per_floor":[99,99,99,99,99,99,99,99,99,99,99,99,99,99,99,99,99,99,99,99,99,99,99,99,109,109,109,109,109,109,109],"card_choices":[{"not_picked":["sneckomod:SoulCleanse","sneckomod:UnknownExhaust"],"picked":"sneckomod:UnknownDraw","floor":2},{"not_picked":["sneckomod:CheapStock","sneckomod:UnknownX"],"picked":"sneckomod:SlitherStrike","floor":4},{"not_picked":["sneckomod:DiceCrush","sneckomod:UnknownWeak"],"picked":"sneckomod:UnknownUncommonPower","floor":8},{"not_picked":["sneckomod:UnknownCommonSkill","sneckomod:UnknownDraw"],"picked":"sneckomod:UnknownCommonAttack","floor":9},{"not_picked":["sneckomod:SoulRoll","sneckomod:Mudshield"],"picked":"sneckomod:QuickBite","floor":10},{"not_picked":["sneckomod:UnknownBlock","sneckomod:DefensiveFlair"],"picked":"sneckomod:UnknownX","floor":11},{"not_picked":["sneckomod:Unknown1Cost","sneckomod:WideSting"],"picked":"sneckomod:DiceBoulder","floor":12},{"not_picked":["sneckomod:SoulRoll","sneckomod:RainOfDice"],"picked":"sneckomod:UnknownRarePower","floor":14},{"not_picked":["sneckomod:UnknownWeak","sneckomod:UnknownUncommonSkill"],"picked":"sneckomod:TrashToTreasure","floor":15},{"not_picked":["sneckomod:Mudshield","sneckomod:Cheat"],"picked":"sneckomod:Restock","floor":16},{"not_picked":["sneckomod:SlitherStrike","sneckomod:UnknownClassSLIMEBOUND"],"picked":"sneckomod:DiceCrush+1","floor":19},{"not_picked":["sneckomod:CheapStock+1","sneckomod:SoulDraw"],"picked":"sneckomod:Nope+1","floor":22},{"not_picked":["sneckomod:UnknownExhaust+1","sneckomod:UnknownCommonSkill"],"picked":"sneckomod:IronFang+1","floor":23},{"not_picked":["sneckomod:UnknownClassMARISA_DERIVATIONS","sneckomod:DiceBlock+1"],"picked":"sneckomod:UnknownX+1","floor":26},{"not_picked":["sneckomod:UnknownClassMARISA_DERIVATIONS","sneckomod:SoulDraw"],"picked":"sneckomod:Unknown1Cost","floor":27},{"not_picked":["sneckomod:Unknown0Cost+1","sneckomod:Nope"],"picked":"sneckomod:WideSting","floor":28}],"player_experience":352704,"relics_obtained":[{"floor":18,"key":"Bag of Preparation"},{"floor":23,"key":"White Beast Statue"},{"floor":24,"key":"infinitespire:Midas Blood"}],"event_choices":[{"cards_removed":["sneckomod:Unknown"],"damage_healed":0,"gold_gain":0,"player_choice":"Offered Basic","damage_taken":0,"max_hp_gain":0,"max_hp_loss":0,"event_name":"Bonfire Elementals","floor":3,"gold_loss":0}],"is_beta":false,"boss_relics":[{"not_picked":["Busted Crown","hubris:VirtuousBlindfold"],"picked":"Ring of Chaos"}],"items_purged_floors":[21],"is_endless":false,"potions_floor_spawned":[2,8,10,15,23,26,27,28],"killed_by":"Cultist and Chosen","ascension_level":0}}