{"host":"ika5blmljv34vrx1","time":1613224672,"event":{"mods":["AchievementEnabler","Act Like it!","Aspiration","BaseMod","CapriCore","Conspire","Gensokyo","Gold Saver","Grow up Mod","KinomotoSakuraMod(ƒæ÷Æ±æ”£)","Koishi","Marisa£®ÏF”Í°°ƒß¿Ì…≥£©","Minty Spire (QoL Compilation)","Pale of the Ancients","Quick Restart","Reimu£®≤©¿ˆ¡È√Œ£©","Remilia£®¿Ÿ√◊¿Ú—«£©","Remove Card Discount Mod","Replay The Spire","StSLib","The Immortal","The Jungle","Yakumo Yukari mod"],"gold_per_floor":[671,688,688,540,552,578,578,578,578,607,447,447,38,66,66,143,143,163,189,140,2,0,27,46,42,68,68,97,132,177,15,15,109,109,143,143,7,7,7,70,114,114,190,190,229,229,229,253,253,271,297,325,368,368,205,205,236,236,182,182,108],"floor_reached":62,"language":"ZHS","playtime":2517,"items_purged":["Koishi:MindNumbingTerror","Koishi:HeartAttack","Koishi:GeneticsOfTheUnconscious","Koishi:JumpScare","Koishi:DanmakuParanoia+1","Koishi:MindStellarRelief+1","Koishi:CatchAndRose+1","Koishi:RorschachInDanmaku","Koishi:SubconsciousSweep","Regret"],"score":3530,"play_id":"5f19d65d-a0c9-4d13-96d3-db0e0da5fa58","local_time":"20210213215752","daily_mods":["SealedDeck","Heirloom","Time Dilation","Flight"],"is_ascension_mode":true,"campfire_choices":[{"floor":8.0,"key":"RECALL"},{"data":"Koishi:SubterraneanRose","floor":15.0,"key":"SMITH"},{"data":"Koishi:UnseenTerror","floor":32.0,"key":"SMITH"},{"data":"Gensokyo:ShootingStar","floor":42,"key":"SMITH"},{"data":"Koishi:FourthEye","floor":47,"key":"SMITH"},{"data":"Koishi:TraumaticStroke","floor":49,"key":"SMITH"},{"data":"Koishi:YoukaiPolygraph","floor":56,"key":"SMITH"},{"data":"Koishi:SilentAndRestless","floor":58,"key":"SMITH"}],"circlet_count":0,"master_deck":["AscendersBane","Koishi:YoukaiPolygraph+1","Koishi:TraumaticStroke+1","Koishi:RuptureMind+1","Koishi:SprinkleStarAndHeart+1","Necronomicurse","Koishi:SilentAndRestless+1","Koishi:UnconsciousUrges+1","Koishi:UnseenTerror+1","Koishi:FourthEye+1","Gensokyo:ShootingStar+1","Koishi:PhantomBarrier+1"],"relics":["Koishi:ImaginaryFriend","Torii","Tiny Chest","Smiling Mask","Necronomicon","Omamori","Guide Book","ReplayTheSpireMod:CursedCoin","TheAbacus","Boot","Koishi:ColorfulDays","War Paint","Sling","AntiCross","Koishi:ImperfectMetamorphosis","Akabeko","Gensokyo:RedStar","Bronze Scales","Replay:Bandana","Mastiff:ReiMu","Medical Kit","Philosopher\u0027s Stone","conspire:TreasureMap","Ring of Searing","Ring of Misfortune","Gremlin Food","aspiration:Nostalgia","Sizzling Blood","Replay:WaspNest","Replay:Baseball","paleoftheancients:Timepiece","paleoftheancients:KeyRelic","Oddly Smooth Stone","Gremlin Horn","Mummified Hand","Vajra","paleoftheancients:SoulOfTheVixen"],"acts_visited":["Exordium","Gensokyo:Gensokyo","Gensokyo:Gensokyoer","Gensokyo:Gensokyoest"],"potions_floor_usage":[33,53,61,61],"damage_taken":[{"damage":0.0,"enemies":"Gensokyo:Python","floor":1.0,"turns":2.0},{"damage":0.0,"enemies":"Gensokyo:Gryphon","floor":2.0,"turns":2.0},{"damage":11.0,"enemies":"Gensokyo:2_Kodama","floor":5.0,"turns":4.0},{"damage":35.0,"enemies":"Gensokyo:Cirno","floor":6.0,"turns":6.0},{"damage":13.0,"enemies":"Gensokyo:Mamizou","floor":10.0,"turns":6.0},{"damage":2.0,"enemies":"Gensokyo:Cirno","floor":14.0,"turns":7.0},{"damage":1.0,"enemies":"Gensokyo:Yukari","floor":16.0,"turns":3.0},{"damage":17.0,"enemies":"Gensokyo:AngelMirror","floor":18.0,"turns":2.0},{"damage":11.0,"enemies":"Gensokyo:Reisen","floor":23.0,"turns":3.0},{"damage":0.0,"enemies":"Gensokyo:Chomper","floor":24.0,"turns":2.0},{"damage":29.0,"enemies":"Gensokyo:Koishi","floor":28.0,"turns":3.0},{"damage":0.0,"enemies":"Gensokyo:Reisen","floor":29.0,"turns":2.0},{"damage":5,"enemies":"Gensokyo:Eternal_Rivals","floor":33,"turns":5},{"damage":0,"enemies":"Gensokyo:3_Boulders","floor":35,"turns":2},{"damage":0,"enemies":"Gensokyo:Doremy","floor":41,"turns":2},{"damage":0,"enemies":"Gensokyo:Marisa","floor":45,"turns":2},{"damage":1,"enemies":"Gensokyo:3_Bats","floor":48,"turns":2},{"damage":3,"enemies":"Gensokyo:Yuyuko","floor":50,"turns":2},{"damage":0,"enemies":"Gensokyo:Scarlet_Devils","floor":51,"turns":3},{"damage":6,"enemies":"Gensokyo:Scarlet_Devils","floor":52,"turns":6},{"damage":282,"enemies":"Gensokyo:Scarlet_Devils","floor":53,"turns":7},{"damage":6,"enemies":"Gensokyo:Scarlet_Devils","floor":57,"turns":4},{"damage":133,"enemies":"paleoftheancients:N","floor":61,"turns":11}],"seed_played":"359075288959772109","potions_obtained":[{"floor":5.0,"key":"SkillPotion"},{"floor":14.0,"key":"Adrenaline Potion"},{"floor":16.0,"key":"SteroidPotion"},{"floor":23.0,"key":"Strength Potion"},{"floor":28.0,"key":"DistilledChaos"},{"floor":35,"key":"Dexterity Potion"},{"floor":40,"key":"Ancient Potion"},{"floor":41,"key":"Elixir"},{"floor":53,"key":"GrandPatriotsElixir:ReiMu"}],"is_trial":true,"path_per_floor":["M","M","?","$","M","E","?","R","T","E","?","?","COS","E","R","B",null,"M","T","$","COS","?","E","M","$","T","?","E","E","T","$","R","B",null,"M","?","COS","?","T","?","E","R","T","?","E","?","R","M","R","B","B","M","M","T","$","R","M","R","$","?","B",null],"character_chosen":"KOISHI","items_purchased":["Koishi:RuptureMind","Energy Potion","Koishi:UnseenTerror","Medical Kit","Vajra","SpeedPotion"],"campfire_rested":0,"item_purchase_floors":[4,4,20,31,55,59],"current_hp_per_floor":[73,85,97,107,114,92,102,112,122,129,139,149,159,181,191,209,233,231,241,251,261,271,289,307,317,327,337,325,335,345,355,365,397,407,417,344,354,364,374,234,266,276,286,296,310,320,330,346,356,366,534,581,475,485,495,505,584,594,604,614,603],"gold":108,"neow_bonus":"","is_daily":false,"chose_seed":false,"campfire_upgraded":7,"win_rate":0.0,"timestamp":1613224672,"path_taken":["M","?","?","$","?","E","?","R","T","E","?","?","COS","E","R","BOSS","M","?","?","COS","?","E","M","$","T","?","E","E","?","?","R","BOSS","M","?","COS","?","?","?","E","R","T","?","E","?","R","M","R","BOSS","BOSS","M","M","?","$","R","M","R","$","?","BOSS"],"items_purchased_type":["Card","Potion","Card","Relic","Relic","Potion"],"build_version":"2020-12-22","purchased_purges":10,"victory":true,"max_hp_per_floor":[77,87,97,107,117,127,137,147,157,167,177,187,197,207,217,227,237,247,257,267,277,287,297,307,317,327,337,347,357,367,377,387,397,407,417,427,437,447,457,467,481,491,501,511,521,531,541,551,561,571,581,591,601,611,621,631,641,651,661,671,681],"card_choices":[{"not_picked":["Koishi:StingingMind","Koishi:Bloodlust"],"picked":"Koishi:SubterraneanRose","floor":1.0},{"not_picked":["Koishi:Bloodlust","Koishi:ReflexRadar","Koishi:Jaunt"],"picked":"SKIP","floor":2.0},{"not_picked":["Koishi:StrangeCloudFist","Koishi:EmbryosDream","Koishi:TraumaticStroke"],"picked":"SKIP","floor":5.0},{"not_picked":["Koishi:HeartfeltFancy","Koishi:Vanish"],"picked":"Koishi:MindStellarRelief","floor":6.0},{"not_picked":["Koishi:DreadfulBlow","Koishi:FleetingPhantom"],"picked":"Koishi:SprinkleStarAndHeart","floor":10.0},{"not_picked":["Koishi:PredatoryInstincts","Koishi:EmbryosDream","Koishi:Bloodlust"],"picked":"SKIP","floor":14.0},{"not_picked":["Koishi:GrowingPain","Koishi:TerrifyingSpectre"],"picked":"Koishi:SilentAndRestless","floor":16.0},{"not_picked":["Koishi:PhantomStrike","Koishi:StingingMind"],"picked":"Koishi:UnconsciousUrges+1","floor":18.0},{"not_picked":["Koishi:SprinkleStarAndHeart+1","Koishi:SubterraneanRose+1","Koishi:DreadfulBlow"],"picked":"SKIP","floor":23.0},{"not_picked":["Koishi:HeartfeltFancy","Koishi:UnansweredLove","Koishi:RacingHeart"],"picked":"SKIP","floor":24.0},{"not_picked":["Koishi:HeartfeltFancy","Koishi:UnansweredLove","Koishi:RacingHeart"],"picked":"SKIP","floor":24.0},{"not_picked":["Koishi:UnconsciousUrges","Koishi:GhostParty","Koishi:MassHysteria"],"picked":"SKIP","floor":28.0},{"not_picked":["Koishi:BloodcurdlingScream","Koishi:Possession"],"picked":"Koishi:FourthEye","floor":29.0},{"not_picked":[],"picked":"Gensokyo:ShootingStar","floor":33},{"not_picked":["Koishi:GhostParty","Koishi:StrangeCloudFist+1","Koishi:UnconsciousUprising"],"picked":"SKIP","floor":35},{"not_picked":["Koishi:EmbryosDream","Koishi:SprinkleStarAndHeart+1","Koishi:SuperEgo"],"picked":"SKIP","floor":41},{"not_picked":["Koishi:StingingMind+1","Koishi:VengefulSpirit","Koishi:EmbersOfLove"],"picked":"SKIP","floor":45},{"not_picked":["Koishi:CatchAndRose+1","Koishi:SubterraneanRose","Koishi:EmbryosDream"],"picked":"SKIP","floor":48},{"not_picked":["Koishi:MindNumbingTerror+1","Koishi:StrangeCloudFist+1"],"picked":"Koishi:PhantomBarrier+1","floor":52},{"not_picked":["Koishi:SubterraneanRose","Koishi:SpiritedAway+1","Koishi:StingingMind"],"picked":"SKIP","floor":53},{"not_picked":["Koishi:PhantomStrike","Koishi:TraumaticStroke+1","Koishi:BloodcurdlingScream"],"picked":"SKIP","floor":57}],"player_experience":2094274,"relics_obtained":[{"floor":6.0,"key":"Tiny Chest"},{"floor":10.0,"key":"Smiling Mask"},{"floor":14.0,"key":"Boot"},{"floor":19.0,"key":"War Paint"},{"floor":26.0,"key":"Akabeko"},{"floor":28.0,"key":"Bronze Scales"},{"floor":29.0,"key":"Replay:Bandana"},{"floor":30.0,"key":"Mastiff:ReiMu"},{"floor":38,"key":"Ring of Searing"},{"floor":38,"key":"Ring of Misfortune"},{"floor":40,"key":"Gremlin Food"},{"floor":41,"key":"aspiration:Nostalgia"},{"floor":43,"key":"Replay:WaspNest"},{"floor":45,"key":"Replay:Baseball"},{"floor":54,"key":"Mummified Hand"},{"floor":57,"key":"paleoftheancients:SoulOfTheVixen"}],"event_choices":[],"is_beta":false,"boss_relics":[{"not_picked":["Snecko Eye","Black Star"],"picked":"Koishi:ColorfulDays"},{"not_picked":["aspiration:MarisaSkillbook","conspire:RoyalGoblet"],"picked":"Philosopher\u0027s Stone"}],"items_purged_floors":[4,4,4,20,20,20,20,25,25,55],"is_endless":false,"potions_floor_spawned":[5,14,16,23,28,35,41,53,57],"ascension_level":20}}