{"host":"jqa9y4qkalbx8qgz","time":1613243590,"event":{"mods":["Act Like it!","BaseMod","BetterRewards","Downfall","Gensokyo","Marisa????????","Minty Spire (QoL Compilation)","Permanent Neow","Relic Stats","Replay The Spire","StSLib","The Servant 0.9.4","Wandering Minibosses"],"gold_per_floor":[118,118,118,118,135,164,164,196,247,264,290,313,313,330,330,432,432,451,11,11,28,28,28],"floor_reached":22,"language":"ENG","playtime":1655,"items_purged":[],"score":342,"play_id":"16ef2aec-f4ba-42b3-ba01-7322bb3f5496","local_time":"20210213221310","is_ascension_mode":true,"campfire_choices":[{"floor":13,"key":"REST"},{"data":"Meditate","floor":15,"key":"SMITH"}],"circlet_count":0,"master_deck":["Strike_P","Strike_P","Strike_P","Strike_P","Defend_P","Defend_P","Defend_P","Defend_P","Eruption","Vigilance","Protect","FollowUp+1","FearNoEvil","Clumsy","Looming Evil","Scrawl","PathToVictory","Meditate+1","Wallop+1","ForeignInfluence","ClearTheMind","Ragnarok","CutThroughFate","Gensokyo:TekeTeke","Gensokyo:RustyChest","Gensokyo:TarnishedGold","Gensokyo:Shovel","Gensokyo:RPG","Gensokyo:LockedMedkit","EmptyBody"],"relics":["PureWater","Toolbox","Ornamental Fan","Blood Vial","StoneCalendar","Gensokyo:NagashiBinaDoll","Gensokyo:OccultBall","Ring of Searing","ReplayTheSpireMod:Lightbulb","Dream Catcher","Vajra","Pen Nib","Whetstone","Sozu","Gensokyo:RedStar"],"acts_visited":["Exordium","Gensokyo:Gensokyo"],"potions_floor_usage":[6,22],"damage_taken":[{"damage":0,"enemies":"Gensokyo:3_Fairies","floor":1,"turns":5},{"damage":0,"enemies":"Gensokyo:Python","floor":5,"turns":3},{"damage":18,"enemies":"Gensokyo:Cirno","floor":6,"turns":8},{"damage":0,"enemies":"Gensokyo:Mamizou","floor":8,"turns":7},{"damage":6,"enemies":"Gensokyo:Gryphon","floor":10,"turns":3},{"damage":8,"enemies":"Gensokyo:Cirno","floor":11,"turns":8},{"damage":7,"enemies":"Gensokyo:2_Rabbits","floor":14,"turns":3},{"damage":19,"enemies":"Gensokyo:Kokoro","floor":16,"turns":7},{"damage":11,"enemies":"Gensokyo:AngelMirror","floor":18,"turns":2},{"damage":36,"enemies":"Gensokyo:Chomper","floor":21,"turns":5},{"damage":30,"enemies":"Gensokyo:Mirror_and_Dog","floor":22,"turns":3}],"seed_played":"-9019388042344203695","potions_obtained":[{"floor":1,"key":"FearPotion"},{"floor":5,"key":"Swift Potion"},{"floor":6,"key":"Ancient Potion"},{"floor":14,"key":"Fire Potion"},{"floor":16,"key":"EssenceOfSteel"}],"is_trial":false,"path_per_floor":["M","?","?","?","M","E","?","E","T","M","E","T","R","M","R","B",null,"M","COS","?","M","M"],"character_chosen":"WATCHER","items_purchased":["Devotion","Protect","FollowUp","Toolbox","Ornamental Fan","Blood Vial","Weak Potion"],"campfire_rested":1,"item_purchase_floors":[0,0,0,0,0,0,0],"current_hp_per_floor":[38,38,38,38,40,24,17,19,19,15,9,9,30,25,25,8,72,61,61,61,27,0,0],"gold":28,"neow_bonus":"","is_daily":false,"chose_seed":false,"campfire_upgraded":1,"win_rate":0.0,"timestamp":1613243590,"path_taken":["M","?","?","?","?","E","?","E","T","M","E","?","R","M","R","BOSS","M","COS","?","M","M"],"items_purchased_type":["Card","Card","Card","Relic","Relic","Relic","Potion"],"build_version":"2020-12-22","purchased_purges":0,"victory":false,"max_hp_per_floor":[72,72,72,72,72,72,72,72,72,72,72,72,72,72,72,72,72,72,72,72,72,72,72],"relic_stats":{"Blood Vial":22,"Sozu":0,"Dream Catcher":1,"counters":[259,1420],"Ornamental Fan":[100],"StoneCalendar":[375],"Pen Nib":[3],"Whetstone":["Wallop","FollowUp"],"obtain_stats":[{"Golden Egg":54,"Replay:Accelerometer":24,"infinitespire:Cubic Diamond":105,"Ginger":9,"Whetstone":37,"Bottled Tornado":29,"Boot":13,"Sling":0,"Old Coin":44,"CCEMRelics:DerglesHeadphones":0,"Ring of Searing":4,"Blood Vial":76,"Replay:Ringing Soul":71,"infinitespire:ShieldingShard":112,"Sundial":44,"MealTicket":93,"Fusion Hammer":68,"CCEMRelics:Sandal":54,"HandDrill":53,"Kunai":30,"Replay:Wax Seal":44,"Replay:Bottled Steam":9,"Pear":43,"Counterbalance":0,"Blue Candle":69,"Eternal Feather":26,"Pen Nib":43,"Guardian:PocketSentry":15,"infinitespire:Magic Flask":95,"SlaversCollar":17,"infinitespire:Lychee Nut":42,"infinitespire:Broken Mirror":50,"MutagenicStrength":19,"Bird Faced Urn":65,"Unceasing Top":13,"Abe\u0027s Treasure":17,"infinitespire:PuzzleCube":40,"Lantern":46,"Regal Pillow":43,"Torii":39,"Singing Bowl":98,"Replay:Purple Gloves":0,"Blue Doll":0,"StoneCalendar":0,"Replay:Multitool":47,"Bag of Preparation":86,"Ancient Tea Set":6,"Smiling Mask":42,"Cursed Key":34,"Pet Ghost":42,"Replay:Rubber Ducky":40,"Shovel":14,"Matryoshka":67,"Ring of Peace":90,"Toolbox":40,"Gensokyo:OccultBall":3,"WingedGreaves":61,"Chemical X":81,"Replay:Bottled Eggs":46,"CCEMRelics:OrganicArmor":0,"Potion Belt":23,"Replay:M_StaffOfTheSnake":4,"Damaru":23,"Thread and Needle":0,"infinitespire:Joker Card":37,"PreservedInsect":108,"The Courier":26,"Omamori":72,"Ring of Greed":44,"infinitespire:Lucky Rock":84,"Frozen Egg 2":43,"MawBank":46,"GoldenEye":42,"Gensokyo:RedStar":20,"Replay:Arrowhead":31,"sneckomod:BabySnecko":28,"Busted Crown":51,"Ornamental Fan":7,"Ring of Misfortune":44,"Garlic":42,"Durian":0,"Art of War":47,"Slimebound:AbsorbEndCombat":105,"ReplayTheSpireMod:Lightbulb":29,"Toy Ornithopter":41,"wanderingMiniBosses:Inkheart":31,"infinitespire:Midas Blood":95,"Ice Cream":98,"Divine Protection":54,"Calipers":61,"Gremlin Horn":27,"CeramicFish":40,"Vajra":21,"Sozu":34,"Centennial Puzzle":0,"HornCleat":53,"Honey Jar":34,"Prayer Wheel":41,"Iron Hammer":54,"Toxic Egg 2":41,"Girya":0,"Happy Flower":43,"wanderingMiniBosses:ThiefScarf":38,"ReplayTheSpireMod:CursedCoin":4,"Replay:Grab Bag":34,"Dead Branch":108,"Oddly Smooth Stone":38,"Ring of Chaos":17,"Replay:Kaleidoscope":44,"War Paint":0,"Question Card":72,"OrangePellets":0,"Replay:Baseball":65,"ReplayTheSpireMod:Shallot":106,"Bronze Scales":11,"Simple Rune":27,"Onion Ring":58,"Black Star":34,"Nloth\u0027s Gift":28,"ReplayTheSpireMod:TigerMarble":43,"infinitespire:EmpoweringShard":78,"Grinning Jar":11,"Mirror":42,"bronze:MakeshiftBattery":19,"Pocketwatch":0,"NlothsMask":2,"Meat on the Bone":95,"ReplayFunnel":42,"Darkstone Periapt":6,"Replay:PocketPolymizer":30,"Melange":38,"Gensokyo:NagashiBinaDoll":2,"CloakClasp":0,"Incense Burner":0,"Juzu Bracelet":47,"TeardropLocket":19,"Replay:Mystery Machine":45,"ClockworkSouvenir":0,"Frozen Eye":62,"Replay:Bandana":39,"Nunchaku":45,"Dream Catcher":13,"TheAbacus":0,"Chameleon Ring":9,"Mummified Hand":27,"Pantograph":45,"Tiny Chest":25,"Red Mask":25,"Replay:Bottled Snecko":7,"Runic Pyramid":91,"Gremlin Food":46,"ReplayTheSpireMod:Ninjato":53,"infinitespire:CursedDice":93,"Quantum Egg":25,"Guide Book":53,"infinitespire:FocusingShard":67,"Orichalcum":48,"Medical Kit":50,"Mercury Hourglass":58,"CCEMRelics:SpiritsEdge":37,"Peace Pipe":29,"Strange Spoon":0,"Anchor":9,"CaptainsWheel":0,"Pondfish Scales":92,"infinitespire:Satchel":29,"HolyWater":56,"Ring of Fury":90,"CCEMRelics:GrindingGear":24,"Snack Pack":0,"Coffee Dripper":17,"Bag of Marbles":76,"Membership Card":69,"PureWater":0,"FossilizedHelix":8,"TungstenRod":98},{"Golden Egg":27,"Replay:Accelerometer":70,"infinitespire:Cubic Diamond":179,"Ginger":120,"Whetstone":200,"Bottled Tornado":231,"Boot":36,"Sling":55,"Old Coin":79,"CCEMRelics:DerglesHeadphones":208,"Ring of Searing":249,"Blood Vial":164,"Replay:Ringing Soul":162,"infinitespire:ShieldingShard":182,"Sundial":108,"MealTicket":174,"Fusion Hammer":161,"CCEMRelics:Sandal":207,"HandDrill":26,"Kunai":196,"Replay:Wax Seal":79,"Replay:Bottled Steam":33,"Pear":203,"Counterbalance":83,"Blue Candle":161,"Eternal Feather":137,"Pen Nib":22,"Guardian:PocketSentry":7,"infinitespire:Magic Flask":175,"SlaversCollar":8,"infinitespire:Lychee Nut":146,"infinitespire:Broken Mirror":149,"MutagenicStrength":39,"Bird Faced Urn":159,"Unceasing Top":63,"Abe\u0027s Treasure":131,"infinitespire:PuzzleCube":145,"Lantern":109,"Regal Pillow":146,"Torii":143,"Singing Bowl":176,"Replay:Purple Gloves":113,"Blue Doll":55,"StoneCalendar":113,"Replay:Multitool":81,"Bag of Preparation":169,"Ancient Tea Set":86,"Smiling Mask":145,"Cursed Key":198,"Pet Ghost":107,"Replay:Rubber Ducky":20,"Shovel":7,"Matryoshka":160,"Ring of Peace":171,"Toolbox":144,"Gensokyo:OccultBall":249,"WingedGreaves":158,"Chemical X":167,"Replay:Bottled Eggs":24,"CCEMRelics:OrganicArmor":208,"Potion Belt":42,"Replay:M_StaffOfTheSnake":57,"Damaru":13,"Thread and Needle":183,"infinitespire:Joker Card":142,"PreservedInsect":181,"The Courier":193,"Omamori":163,"Ring of Greed":79,"infinitespire:Lucky Rock":168,"Frozen Egg 2":107,"MawBank":24,"GoldenEye":107,"Gensokyo:RedStar":257,"Replay:Arrowhead":15,"sneckomod:BabySnecko":14,"Busted Crown":150,"Ornamental Fan":3,"Ring of Misfortune":79,"Garlic":22,"Durian":28,"Art of War":54,"Slimebound:AbsorbEndCombat":179,"ReplayTheSpireMod:Lightbulb":72,"Toy Ornithopter":51,"wanderingMiniBosses:Inkheart":74,"infinitespire:Midas Blood":175,"Ice Cream":176,"Divine Protection":112,"Calipers":157,"Gremlin Horn":193,"CeramicFish":20,"Vajra":11,"Sozu":102,"Centennial Puzzle":83,"HornCleat":26,"Honey Jar":75,"Prayer Wheel":79,"Iron Hammer":27,"Toxic Egg 2":51,"Girya":183,"Happy Flower":79,"wanderingMiniBosses:ThiefScarf":143,"ReplayTheSpireMod:CursedCoin":84,"Replay:Grab Bag":102,"Dead Branch":181,"Oddly Smooth Stone":77,"Ring of Chaos":38,"Replay:Kaleidoscope":108,"War Paint":183,"Question Card":163,"OrangePellets":28,"Replay:Baseball":160,"ReplayTheSpireMod:Shallot":179,"Bronze Scales":5,"Simple Rune":97,"Onion Ring":155,"Black Star":16,"Nloth\u0027s Gift":43,"ReplayTheSpireMod:TigerMarble":52,"infinitespire:EmpoweringShard":166,"Grinning Jar":61,"Mirror":145,"bronze:MakeshiftBattery":224,"Pocketwatch":28,"NlothsMask":84,"Meat on the Bone":174,"ReplayFunnel":22,"Darkstone Periapt":220,"Replay:PocketPolymizer":45,"Melange":77,"Gensokyo:NagashiBinaDoll":249,"CloakClasp":0,"Incense Burner":28,"Juzu Bracelet":54,"TeardropLocket":190,"Replay:Mystery Machine":53,"ClockworkSouvenir":28,"Frozen Eye":158,"Replay:Bandana":19,"Nunchaku":80,"Dream Catcher":89,"TheAbacus":183,"Chameleon Ring":185,"Mummified Hand":71,"Pantograph":53,"Tiny Chest":14,"Red Mask":43,"Replay:Bottled Snecko":119,"Runic Pyramid":171,"Gremlin Food":147,"ReplayTheSpireMod:Ninjato":206,"infinitespire:CursedDice":173,"Quantum Egg":96,"Guide Book":206,"infinitespire:FocusingShard":160,"Orichalcum":110,"Medical Kit":149,"Mercury Hourglass":155,"CCEMRelics:SpiritsEdge":200,"Peace Pipe":231,"Strange Spoon":113,"Anchor":3,"CaptainsWheel":113,"Pondfish Scales":172,"infinitespire:Satchel":138,"HolyWater":153,"Ring of Fury":171,"CCEMRelics:GrindingGear":192,"Snack Pack":28,"Coffee Dripper":65,"Bag of Marbles":164,"Membership Card":161,"PureWater":0,"FossilizedHelix":120,"TungstenRod":175},{"Golden Egg":172,"Replay:Accelerometer":347,"infinitespire:Cubic Diamond":978,"Ginger":739,"Whetstone":1086,"Bottled Tornado":1242,"Boot":206,"Sling":288,"Old Coin":380,"CCEMRelics:DerglesHeadphones":1145,"Ring of Searing":1372,"Blood Vial":914,"Replay:Ringing Soul":908,"infinitespire:ShieldingShard":984,"Sundial":675,"MealTicket":956,"Fusion Hammer":904,"CCEMRelics:Sandal":1136,"HandDrill":164,"Kunai":1067,"Replay:Wax Seal":380,"Replay:Bottled Steam":198,"Pear":1110,"Counterbalance":394,"Blue Candle":904,"Eternal Feather":804,"Pen Nib":133,"Guardian:PocketSentry":41,"infinitespire:Magic Flask":960,"SlaversCollar":53,"infinitespire:Lychee Nut":840,"infinitespire:Broken Mirror":851,"MutagenicStrength":220,"Bird Faced Urn":892,"Unceasing Top":314,"Abe\u0027s Treasure":780,"infinitespire:PuzzleCube":836,"Lantern":680,"Regal Pillow":840,"Torii":825,"Singing Bowl":965,"Replay:Purple Gloves":706,"Blue Doll":288,"StoneCalendar":706,"Replay:Multitool":386,"Bag of Preparation":938,"Ancient Tea Set":404,"Smiling Mask":836,"Cursed Key":1081,"Pet Ghost":663,"Replay:Rubber Ducky":122,"Shovel":41,"Matryoshka":896,"Ring of Peace":944,"Toolbox":830,"Gensokyo:OccultBall":1372,"WingedGreaves":886,"Chemical X":932,"Replay:Bottled Eggs":147,"CCEMRelics:OrganicArmor":1145,"Potion Belt":227,"Replay:M_StaffOfTheSnake":292,"Damaru":79,"Thread and Needle":985,"infinitespire:Joker Card":820,"PreservedInsect":983,"The Courier":1049,"Omamori":911,"Ring of Greed":380,"infinitespire:Lucky Rock":934,"Frozen Egg 2":663,"MawBank":147,"GoldenEye":663,"Gensokyo:RedStar":1412,"Replay:Arrowhead":90,"sneckomod:BabySnecko":86,"Busted Crown":857,"Ornamental Fan":19,"Ring of Misfortune":380,"Garlic":133,"Durian":181,"Art of War":281,"Slimebound:AbsorbEndCombat":978,"ReplayTheSpireMod:Lightbulb":356,"Toy Ornithopter":260,"wanderingMiniBosses:Inkheart":364,"infinitespire:Midas Blood":960,"Ice Cream":965,"Divine Protection":700,"Calipers":880,"Gremlin Horn":1049,"CeramicFish":122,"Vajra":70,"Sozu":635,"Centennial Puzzle":394,"HornCleat":164,"Honey Jar":371,"Prayer Wheel":380,"Iron Hammer":172,"Toxic Egg 2":260,"Girya":985,"Happy Flower":380,"wanderingMiniBosses:ThiefScarf":825,"ReplayTheSpireMod:CursedCoin":398,"Replay:Grab Bag":635,"Dead Branch":983,"Oddly Smooth Stone":375,"Ring of Chaos":217,"Replay:Kaleidoscope":675,"War Paint":985,"Question Card":911,"OrangePellets":181,"Replay:Baseball":896,"ReplayTheSpireMod:Shallot":978,"Bronze Scales":28,"Simple Rune":610,"Onion Ring":873,"Black Star":98,"Nloth\u0027s Gift":229,"ReplayTheSpireMod:TigerMarble":267,"infinitespire:EmpoweringShard":928,"Grinning Jar":309,"Mirror":836,"bronze:MakeshiftBattery":1208,"Pocketwatch":181,"NlothsMask":398,"Meat on the Bone":956,"ReplayFunnel":133,"Darkstone Periapt":1191,"Replay:PocketPolymizer":237,"Melange":375,"Gensokyo:NagashiBinaDoll":1372,"CloakClasp":0,"Incense Burner":181,"Juzu Bracelet":281,"TeardropLocket":1030,"Replay:Mystery Machine":274,"ClockworkSouvenir":181,"Frozen Eye":886,"Replay:Bandana":115,"Nunchaku":383,"Dream Catcher":416,"TheAbacus":985,"Chameleon Ring":992,"Mummified Hand":351,"Pantograph":274,"Tiny Chest":86,"Red Mask":229,"Replay:Bottled Snecko":733,"Runic Pyramid":944,"Gremlin Food":845,"ReplayTheSpireMod:Ninjato":1134,"infinitespire:CursedDice":952,"Quantum Egg":607,"Guide Book":1134,"infinitespire:FocusingShard":896,"Orichalcum":686,"Medical Kit":851,"Mercury Hourglass":873,"CCEMRelics:SpiritsEdge":1086,"Peace Pipe":1242,"Strange Spoon":706,"Anchor":19,"CaptainsWheel":706,"Pondfish Scales":947,"infinitespire:Satchel":806,"HolyWater":868,"Ring of Fury":944,"CCEMRelics:GrindingGear":1040,"Snack Pack":181,"Coffee Dripper":327,"Bag of Marbles":914,"Membership Card":904,"PureWater":0,"FossilizedHelix":739,"TungstenRod":960}]},"card_choices":[{"not_picked":["CrushJoints","FlyingSleeves"],"picked":"FearNoEvil","floor":1},{"not_picked":["Replay:BluntJabs","FlyingSleeves"],"picked":"Scrawl","floor":5},{"not_picked":["Conclude","JustLucky"],"picked":"PathToVictory","floor":6},{"not_picked":["Conclude","Adaptation"],"picked":"Meditate","floor":8},{"not_picked":["Protect","Crescendo"],"picked":"Wallop","floor":10},{"not_picked":["Replay:ManipulateFuture","Crescendo"],"picked":"ForeignInfluence","floor":11},{"not_picked":["Indignation","InnerPeace"],"picked":"ClearTheMind","floor":13},{"not_picked":["Replay:BluntJabs","Scrawl","Pray"],"picked":"SKIP","floor":14},{"not_picked":["Devotion","Omniscience"],"picked":"Ragnarok","floor":16},{"not_picked":["ThirdEye","JustLucky+1"],"picked":"CutThroughFate","floor":18},{"not_picked":["WindmillStrike","SpiritShield"],"picked":"EmptyBody","floor":21}],"player_experience":372924,"relics_obtained":[{"floor":4,"key":"Ring of Searing"},{"floor":6,"key":"ReplayTheSpireMod:Lightbulb"},{"floor":8,"key":"Gensokyo:OccultBall"},{"floor":8,"key":"Dream Catcher"},{"floor":9,"key":"Vajra"},{"floor":11,"key":"Pen Nib"},{"floor":12,"key":"Whetstone"},{"floor":16,"key":"Gensokyo:OccultBall"}],"event_choices":[],"is_beta":false,"boss_relics":[{"not_picked":["Calling Bell","Painkiller Herb"],"picked":"Sozu"}],"items_purged_floors":[],"is_endless":false,"potions_floor_spawned":[1,5,6,14,16],"killed_by":"Gensokyo:Mirror_and_Dog","ascension_level":1}}