{"host":"3c8x8j1h2jyrixpf","time":1613178790,"event":{"mods":["BaseMod","Colored Powertips","Highlight Path","Minty Spire (QoL Compilation)","StSLib"],"gold_per_floor":[117,127,4,4,15,15,40,140,140,140,171,185,213,223,223,324,324,342,342,342],"floor_reached":19,"language":"ENG","playtime":830,"items_purged":[],"score":329,"play_id":"05d72c6e-27bf-4ba5-b29a-a64a7d5fc8f2","local_time":"20210212191310","is_ascension_mode":true,"campfire_choices":[{"data":"Defragment","floor":6,"key":"SMITH"},{"floor":10,"key":"REST"},{"floor":15,"key":"REST"}],"circlet_count":0,"master_deck":["AscendersBane","Zap","Dualcast","Chill","Reprogram","Biased Cognition","Reprogram","All For One","Machine Learning","Reboot","Glacier","Defragment+1","Consume","Ball Lightning","Capacitor","Melter","Conserve Battery","Reinforced Body","Sweeping Beam","Defragment","Ball Lightning","Compile Driver","Core Surge","Conserve Battery"],"relics":["Pandora\u0027s Box","Letter Opener","Omamori","The Courier","Peace Pipe","Cursed Key"],"acts_visited":["Exordium","TheCity"],"potions_floor_usage":[7,12],"damage_taken":[{"damage":0,"enemies":"Cultist","floor":1,"turns":6},{"damage":18,"enemies":"Small Slimes","floor":2,"turns":6},{"damage":12,"enemies":"Jaw Worm","floor":5,"turns":4},{"damage":33,"enemies":"Gremlin Nob","floor":7,"turns":4},{"damage":8,"enemies":"3 Sentries","floor":11,"turns":10},{"damage":8,"enemies":"Exordium Thugs","floor":12,"turns":5},{"damage":0,"enemies":"Lagavulin","floor":13,"turns":7},{"damage":4,"enemies":"3 Louse","floor":14,"turns":6},{"damage":15,"enemies":"Slime Boss","floor":16,"turns":11},{"damage":13,"enemies":"Shell Parasite","floor":18,"turns":5},{"damage":48,"enemies":"Masked Bandits","floor":19,"turns":3}],"seed_played":"2255394870807443853","potions_obtained":[{"floor":1,"key":"AttackPotion"},{"floor":11,"key":"Explosive Potion"},{"floor":16,"key":"SpeedPotion"}],"is_trial":false,"path_per_floor":["M","M","$","?","M","R","E","?","T","R","E","M","E","M","R","B",null,"M","?"],"character_chosen":"DEFECT","items_purchased":["Ball Lightning","Capacitor"],"campfire_rested":2,"item_purchase_floors":[3,3],"current_hp_per_floor":[68,50,50,50,38,38,5,5,5,27,19,11,11,7,29,14,60,47,0,0],"gold":342,"neow_bonus":"BOSS_RELIC","is_daily":false,"chose_seed":false,"campfire_upgraded":1,"win_rate":0.0,"timestamp":1613178790,"path_taken":["M","?","$","?","?","R","E","?","T","R","E","M","E","M","R","BOSS","M","?"],"items_purchased_type":["Card","Card"],"build_version":"2020-12-22","purchased_purges":0,"victory":false,"max_hp_per_floor":[75,75,75,75,75,75,75,75,75,75,75,75,75,75,75,75,75,75,75,75],"card_choices":[{"not_picked":["Ball Lightning","Steam Power"],"picked":"Defragment","floor":1},{"not_picked":["Compile Driver","Steam"],"picked":"Consume","floor":2},{"not_picked":["Stack","Compile Driver"],"picked":"Conserve Battery","floor":5},{"not_picked":["Sunder","Rainbow"],"picked":"Reinforced Body","floor":7},{"not_picked":["Gash","Leap"],"picked":"Sweeping Beam","floor":11},{"not_picked":["Stack","Turbo"],"picked":"Defragment","floor":12},{"not_picked":["Go for the Eyes","Reprogram"],"picked":"Ball Lightning","floor":13},{"not_picked":["Thunder Strike","Redo"],"picked":"Compile Driver","floor":14},{"not_picked":["Amplify","Reboot"],"picked":"Core Surge","floor":16},{"not_picked":["Compile Driver","Turbo"],"picked":"Conserve Battery","floor":18}],"player_experience":240793,"relics_obtained":[{"floor":7,"key":"Letter Opener"},{"floor":9,"key":"Omamori"},{"floor":11,"key":"The Courier"},{"floor":13,"key":"Peace Pipe"}],"event_choices":[{"damage_healed":0,"gold_gain":0,"player_choice":"1 cards matched","damage_taken":0,"max_hp_gain":0,"max_hp_loss":0,"event_name":"Match and Keep!","floor":4,"gold_loss":0,"cards_obtained":["Melter"]},{"damage_healed":0,"gold_gain":100,"player_choice":"Pray","damage_taken":0,"max_hp_gain":0,"max_hp_loss":0,"event_name":"Golden Shrine","floor":8,"gold_loss":0},{"damage_healed":0,"gold_gain":0,"player_choice":"Fought Bandits","damage_taken":0,"max_hp_gain":0,"max_hp_loss":0,"event_name":"Masked Bandits","floor":19,"gold_loss":0}],"is_beta":false,"boss_relics":[{"not_picked":["Runic Pyramid","SlaversCollar"],"picked":"Cursed Key"}],"items_purged_floors":[],"is_endless":false,"potions_floor_spawned":[1,11,16],"killed_by":"Masked Bandits","ascension_level":11}}