{"host":"jwbw4f4imxd0v0b0","time":1613253342,"event":{"mods":["BaseMod","Colored Map","Highlight Path","Minty Spire (QoL Compilation)","Relic Stats","StSLib"],"gold_per_floor":[359,359,21,40,40,73,95,15,40,40,40,55,88,100,100,197,197,197,197],"floor_reached":18,"language":"ENG","playtime":744,"items_purged":[],"score":309,"play_id":"00bf3032-c4a7-42a6-ab60-eea2da62ce54","local_time":"20210213155541","is_ascension_mode":true,"campfire_choices":[{"floor":11,"key":"REST"},{"data":"Wish","floor":15,"key":"SMITH"}],"circlet_count":0,"master_deck":["AscendersBane","Strike_P+1","Defend_P","Defend_P","Defend_P","Defend_P","Eruption+1","Vigilance","FlyingSleeves","Consecrate+1","Adaptation","Halt","Halt+1","LessonLearned+1","BowlingBash+1","Wish+1","Wish","Vault+1","SignatureMove+1","WreathOfFlame+1"],"relics":["PureWater","Molten Egg 2","Damaru","Odd Mushroom","Whetstone","Pen Nib","Astrolabe"],"acts_visited":["Exordium","TheCity"],"potions_floor_usage":[7,13],"damage_taken":[{"damage":0,"enemies":"2 Louse","floor":1,"turns":3},{"damage":2,"enemies":"Small Slimes","floor":4,"turns":3},{"damage":38,"enemies":"Lagavulin","floor":6,"turns":9},{"damage":10,"enemies":"The Mushroom Lair","floor":7,"turns":4},{"damage":0,"enemies":"Jaw Worm","floor":12,"turns":3},{"damage":0,"enemies":"Gremlin Nob","floor":13,"turns":2},{"damage":2,"enemies":"Exordium Wildlife","floor":14,"turns":2},{"damage":35,"enemies":"The Guardian","floor":16,"turns":11},{"damage":10,"enemies":"Chosen","floor":18,"turns":5}],"seed_played":"-2175774602015682583","potions_obtained":[{"floor":7,"key":"Explosive Potion"},{"floor":12,"key":"DuplicationPotion"},{"floor":16,"key":"Ambrosia"}],"is_trial":false,"path_per_floor":["M","?","$","M","?","E","?","$","T","?","R","M","E","M","R","B",null,"M"],"character_chosen":"WATCHER","items_purchased":["Molten Egg 2","Consecrate+1","Strength Potion","LessonLearned+1"],"campfire_rested":1,"item_purchase_floors":[3,3,3,8],"current_hp_per_floor":[65,65,65,63,68,30,20,20,20,20,41,41,41,39,39,4,54,44,44],"gold":197,"neow_bonus":"TWO_FIFTY_GOLD","is_daily":false,"chose_seed":false,"campfire_upgraded":1,"win_rate":0.0,"timestamp":1613253341,"path_taken":["M","?","$","M","?","E","?","$","T","?","R","M","E","M","R","BOSS","M"],"items_purchased_type":["Relic","Card","Potion","Card"],"build_version":"2020-12-22","purchased_purges":0,"victory":false,"max_hp_per_floor":[65,65,65,65,70,70,70,70,70,70,70,70,70,70,70,70,70,70,70],"relic_stats":{"counters":[9,42],"Astrolabe":["Vault","SignatureMove","WreathOfFlame"],"Pen Nib":[2],"Whetstone":["Strike_P","Strike_P"],"obtain_stats":[{"Astrolabe":17,"Damaru":6,"Molten Egg 2":3,"Pen Nib":13,"Whetstone":9,"PureWater":0,"Odd Mushroom":7},{"Astrolabe":8,"Damaru":3,"Molten Egg 2":1,"Pen Nib":6,"Whetstone":4,"PureWater":0,"Odd Mushroom":4},{"Astrolabe":37,"Damaru":15,"Molten Egg 2":3,"Pen Nib":24,"Whetstone":19,"PureWater":0,"Odd Mushroom":19}]},"card_choices":[{"not_picked":["Nirvana","Sanctity"],"picked":"FlyingSleeves","floor":1},{"not_picked":["Prostrate","Meditate"],"picked":"Adaptation","floor":4},{"not_picked":["EmptyMind","SashWhip+1"],"picked":"Halt","floor":6},{"not_picked":["ClearTheMind","InnerPeace"],"picked":"Halt","floor":7},{"not_picked":["Fasting2","MentalFortress"],"picked":"BowlingBash+1","floor":12},{"not_picked":["FlyingSleeves+1","JustLucky+1"],"picked":"Wish","floor":13},{"not_picked":["Consecrate+1","ReachHeaven+1","CrushJoints+1"],"picked":"SKIP","floor":14},{"not_picked":["SpiritShield","Scrawl"],"picked":"Wish","floor":16}],"player_experience":1269933,"relics_obtained":[{"floor":6,"key":"Damaru"},{"floor":7,"key":"Odd Mushroom"},{"floor":9,"key":"Whetstone"},{"floor":13,"key":"Pen Nib"}],"event_choices":[{"damage_healed":0,"gold_gain":0,"player_choice":"Grow","damage_taken":0,"max_hp_gain":0,"max_hp_loss":0,"event_name":"Living Wall","floor":2,"gold_loss":0,"cards_upgraded":["Eruption"]},{"damage_healed":0,"gold_gain":0,"player_choice":"Donut","damage_taken":0,"max_hp_gain":5,"max_hp_loss":0,"event_name":"Big Fish","floor":5,"gold_loss":0},{"damage_healed":0,"gold_gain":0,"player_choice":"Fought Mushrooms","damage_taken":0,"max_hp_gain":0,"max_hp_loss":0,"event_name":"Mushrooms","floor":7,"gold_loss":0},{"damage_healed":0,"gold_gain":0,"player_choice":"Ignored","damage_taken":0,"max_hp_gain":0,"max_hp_loss":0,"event_name":"Liars Game","floor":10,"gold_loss":0}],"is_beta":false,"boss_relics":[{"not_picked":["VioletLotus","Velvet Choker"],"picked":"Astrolabe"}],"items_purged_floors":[],"is_endless":false,"potions_floor_spawned":[7,12,16],"killed_by":"Chosen","ascension_level":12}}