{"host":"qxeepl7ydvsgmfdb","time":1613202358,"event":{"mods":["AchievementEnabler","BaseMod","Colored Powertips","Minty Spire (QoL Compilation)","Quick Restart","slay the spire mod where everything is the same but ironclad has a cowboy hat"],"gold_per_floor":[116,191,208,68,68,97,97,109,109,109,109,109,59,59,59,155,155,166,186,186,186,197,222,222,242,242,269,194,194,141,141,141,242,242,252,107,107,126,36,69,88,88,88,98,150,166,166,179,179,179,179,179,30,63,63,63],"floor_reached":55,"language":"ENG","playtime":1625,"items_purged":[],"score":733,"play_id":"8fb58459-85f3-4f3c-af00-0e2d042ae983","local_time":"20210213024558","is_ascension_mode":false,"campfire_choices":[{"data":"Distraction","floor":7,"key":"SMITH"},{"data":"Phantasmal Killer","floor":12,"key":"SMITH"},{"floor":15,"key":"REST"},{"floor":24,"key":"RECALL"},{"floor":32,"key":"REST"},{"data":"Accuracy","floor":42,"key":"SMITH"},{"floor":49,"key":"REST"},{"data":"After Image","floor":52,"key":"SMITH"}],"circlet_count":0,"master_deck":["Strike_G","Strike_G","Defend_G+1","Defend_G","Defend_G","Survivor","Neutralize","Blade Dance","Blade Dance","Noxious Fumes","Distraction+1","Cloak And Dagger","Phantasmal Killer+1","After Image+1","Dagger Spray+1","Deflect","Accuracy+1","Blade Dance","Backstab","Noxious Fumes","PiercingWail+1","Cloak And Dagger+1"],"relics":["Ring of the Snake","NeowsBlessing","Letter Opener","Ornamental Fan","Juzu Bracelet","SacredBark","Bag of Marbles","Shuriken","Nloth\u0027s Gift","Regal Pillow","Meat on the Bone","Frozen Egg 2","Unceasing Top","Pen Nib","Pear"],"acts_visited":["Exordium","TheCity","TheBeyond","TheEnding"],"potions_floor_usage":[16,16,23,27,40,50,54,55],"damage_taken":[{"damage":0,"enemies":"Small Slimes","floor":1,"turns":1},{"damage":0,"enemies":"Cultist","floor":3,"turns":1},{"damage":0,"enemies":"Lagavulin","floor":6,"turns":1},{"damage":0,"enemies":"Jaw Worm","floor":8,"turns":3},{"damage":7,"enemies":"Gremlin Gang","floor":10,"turns":2},{"damage":23,"enemies":"Slime Boss","floor":16,"turns":9},{"damage":1,"enemies":"3 Byrds","floor":18,"turns":6},{"damage":4,"enemies":"2 Thieves","floor":19,"turns":4},{"damage":0,"enemies":"Cultist and Chosen","floor":22,"turns":4},{"damage":3,"enemies":"Slavers","floor":23,"turns":5},{"damage":0,"enemies":"3 Cultists","floor":25,"turns":4},{"damage":11,"enemies":"Book of Stabbing","floor":27,"turns":2},{"damage":30,"enemies":"Automaton","floor":33,"turns":8},{"damage":1,"enemies":"Orb Walker","floor":35,"turns":3},{"damage":0,"enemies":"3 Shapes","floor":38,"turns":3},{"damage":4,"enemies":"Giant Head","floor":40,"turns":3},{"damage":7,"enemies":"Writhing Mass","floor":41,"turns":5},{"damage":10,"enemies":"Transient","floor":44,"turns":5},{"damage":0,"enemies":"2 Orb Walkers","floor":45,"turns":2},{"damage":0,"enemies":"Jaw Worm Horde","floor":46,"turns":2},{"damage":8,"enemies":"Spire Growth","floor":48,"turns":3},{"damage":74,"enemies":"Awakened One","floor":50,"turns":11},{"damage":36,"enemies":"Shield and Spear","floor":54,"turns":7},{"damage":62,"enemies":"The Heart","floor":55,"turns":5}],"seed_played":"2850649986139924141","potions_obtained":[{"floor":1,"key":"Dexterity Potion"},{"floor":3,"key":"LiquidMemories"},{"floor":5,"key":"SmokeBomb"},{"floor":5,"key":"SkillPotion"},{"floor":18,"key":"ColorlessPotion"},{"floor":25,"key":"Strength Potion"},{"floor":33,"key":"Strength Potion"},{"floor":41,"key":"GhostInAJar"},{"floor":44,"key":"Energy Potion"},{"floor":45,"key":"Regen Potion"},{"floor":54,"key":"Poison Potion"}],"is_trial":false,"path_per_floor":["M","?","M","$","?","E","R","M","T","M","T","R","?","?","R","B",null,"M","M","?","?","M","E","R","M","T","E","?","?","$","?","R","B",null,"M","$","?","M","?","E","M","R","T","M","?","M","?","M","R","B",null,"R","$","E","B"],"character_chosen":"THE_SILENT","items_purchased":["Noxious Fumes","Distraction","Blade Dance","Regal Pillow","Pen Nib"],"campfire_rested":3,"item_purchase_floors":[4,4,30,36,53],"current_hp_per_floor":[70,59,59,59,59,59,59,59,59,52,52,52,52,27,48,25,70,69,65,65,65,65,62,62,62,62,51,51,51,51,35,56,26,70,69,69,66,66,66,62,55,55,55,45,45,45,45,37,66,31,66,66,66,52,0,0],"gold":63,"neow_bonus":"THREE_ENEMY_KILL","is_daily":false,"chose_seed":false,"campfire_upgraded":4,"win_rate":0.0,"timestamp":1613202358,"path_taken":["M","?","M","$","?","E","R","?","T","?","?","R","?","?","R","BOSS","M","M","?","?","M","E","R","M","T","E","?","?","?","?","R","BOSS","M","$","?","M","?","E","M","R","T","M","?","M","?","M","R","BOSS","R","$","E","BOSS"],"items_purchased_type":["Card","Card","Card","Relic","Relic"],"build_version":"2020-12-22","purchased_purges":0,"victory":false,"max_hp_per_floor":[70,70,70,70,70,70,70,70,70,70,70,70,70,70,70,70,70,70,70,70,70,70,70,70,70,70,70,70,70,70,70,70,70,70,70,70,66,66,66,66,66,66,66,66,66,66,66,66,66,66,66,66,66,76,76,76],"card_choices":[{"not_picked":["Quick Slash","Outmaneuver"],"picked":"Blade Dance","floor":1},{"not_picked":["Prepared","Slice"],"picked":"Blade Dance","floor":3},{"not_picked":["PiercingWail","Flying Knee"],"picked":"Cloak And Dagger","floor":6},{"not_picked":["Flying Knee","Sucker Punch"],"picked":"Phantasmal Killer","floor":8},{"not_picked":["Slice","Flechettes","Setup"],"picked":"SKIP","floor":10},{"not_picked":["Wraith Form v2","Doppelganger"],"picked":"After Image","floor":16},{"not_picked":["Distraction+1","Calculated Gamble"],"picked":"Dagger Spray+1","floor":18},{"not_picked":["Dash+1","Prepared+1"],"picked":"Deflect","floor":19},{"not_picked":["Flying Knee","Deadly Poison"],"picked":"Accuracy","floor":22},{"not_picked":["Eviscerate+1","Bane","Bouncing Flask"],"picked":"SKIP","floor":23},{"not_picked":["Eviscerate+1","Blur+1","Prepared"],"picked":"SKIP","floor":25},{"not_picked":["Doppelganger","Riddle With Holes","Deflect"],"picked":"SKIP","floor":27},{"not_picked":["Bane","Setup+1"],"picked":"Backstab","floor":35},{"not_picked":["Backflip+1","Masterful Stab+1","Underhanded Strike+1"],"picked":"SKIP","floor":38},{"not_picked":["Deflect","Prepared"],"picked":"Noxious Fumes","floor":40},{"not_picked":["Poisoned Stab+1","Choke","Outmaneuver+1"],"picked":"SKIP","floor":41},{"not_picked":["Poisoned Stab","Doppelganger","Flying Knee+1"],"picked":"SKIP","floor":44},{"not_picked":["Deflect","Wraith Form v2+1"],"picked":"PiercingWail+1","floor":46},{"not_picked":["Outmaneuver+1","Phantasmal Killer","Catalyst+1"],"picked":"SKIP","floor":48},{"not_picked":["Unload","Adrenaline"],"picked":"Cloak And Dagger+1","floor":54}],"player_experience":161721,"relics_obtained":[{"floor":6,"key":"Letter Opener"},{"floor":9,"key":"Ornamental Fan"},{"floor":11,"key":"Juzu Bracelet"},{"floor":23,"key":"Bag of Marbles"},{"floor":27,"key":"Shuriken"},{"floor":40,"key":"Meat on the Bone"},{"floor":43,"key":"Frozen Egg 2"},{"floor":45,"key":"Unceasing Top"},{"floor":54,"key":"Pear"}],"event_choices":[{"damage_healed":0,"gold_gain":75,"player_choice":"Gather Gold","damage_taken":11,"max_hp_gain":0,"max_hp_loss":0,"event_name":"World of Goop","floor":2,"gold_loss":0},{"damage_healed":0,"gold_gain":0,"player_choice":"Got Potions","damage_taken":0,"max_hp_gain":0,"max_hp_loss":0,"event_name":"Lab","floor":5,"gold_loss":0},{"cards_removed":["Strike_G"],"damage_healed":0,"gold_gain":0,"player_choice":"Card Removal","damage_taken":0,"max_hp_gain":0,"max_hp_loss":0,"event_name":"The Cleric","floor":13,"gold_loss":50},{"damage_healed":0,"gold_gain":0,"player_choice":"Success","damage_taken":25,"relics_obtained":["Pocketwatch"],"max_hp_gain":0,"max_hp_loss":0,"event_name":"Scrap Ooze","floor":14,"gold_loss":0},{"cards_removed":["Strike_G"],"damage_healed":0,"gold_gain":0,"player_choice":"Elegance","damage_taken":0,"max_hp_gain":0,"max_hp_loss":0,"event_name":"Back to Basics","floor":20,"gold_loss":0},{"damage_healed":0,"gold_gain":0,"player_choice":"Ignored","damage_taken":0,"max_hp_gain":0,"max_hp_loss":0,"event_name":"Vampires","floor":21,"gold_loss":0},{"cards_removed":["Defend_G"],"damage_healed":0,"gold_gain":0,"player_choice":"Gave Gold","damage_taken":0,"max_hp_gain":0,"max_hp_loss":0,"event_name":"Beggar","floor":28,"gold_loss":75},{"damage_healed":0,"gold_gain":0,"player_choice":"Traded Relic","damage_taken":0,"relics_obtained":["Nloth\u0027s Gift"],"max_hp_gain":0,"max_hp_loss":0,"event_name":"N\u0027loth","floor":29,"relics_lost":["Pocketwatch"],"gold_loss":0},{"damage_healed":0,"gold_gain":0,"player_choice":"Obtained Book","damage_taken":16,"max_hp_gain":0,"max_hp_loss":0,"event_name":"Cursed Tome","floor":31,"gold_loss":0},{"damage_healed":0,"gold_gain":0,"player_choice":"Max HP","damage_taken":0,"max_hp_gain":0,"max_hp_loss":4,"event_name":"Winding Halls","floor":37,"gold_loss":0},{"cards_removed":["Strike_G"],"damage_healed":0,"gold_gain":0,"player_choice":"Upgrade and Remove","damage_taken":0,"max_hp_gain":0,"max_hp_loss":0,"event_name":"Designer","floor":39,"gold_loss":90,"cards_upgraded":["Defend_G"]},{"damage_healed":0,"gold_gain":0,"player_choice":"Fight","damage_taken":0,"max_hp_gain":0,"max_hp_loss":0,"event_name":"Mysterious Sphere","floor":45,"gold_loss":0},{"cards_removed":["Defend_G"],"damage_healed":0,"gold_gain":0,"player_choice":"Offered Basic","damage_taken":0,"max_hp_gain":0,"max_hp_loss":0,"event_name":"Bonfire Elementals","floor":47,"gold_loss":0}],"is_beta":false,"boss_relics":[{"not_picked":["Tiny House","Velvet Choker"],"picked":"SacredBark"},{"not_picked":["Runic Pyramid","Pandora\u0027s Box","Ring of the Serpent"]}],"items_purged_floors":[],"is_endless":false,"potions_floor_spawned":[1,3,10,18,25,33,41,44,45,54],"killed_by":"The Heart","ascension_level":0}}