{"host":"hl3ams4am2ku5u4p","time":1613254616,"event":{"mods":["AchievementEnabler","Act Like it!","Aspiration","BaseMod","Beaked The Cultist","BetterRewards","CatGirl Mod","Colored Map","Colored Powertips","Conspire","Downfall","Energized Spire","Halation","Hallownest","HornydragonMod","Hubris","Infinite Spire","Mad Scientist","Magitek Elite","Minty Spire (QoL Compilation)","READ ME - Guardian Mod","Replay The Spire","Spikes Relics","StSLib","SuperFastMode","The Blackbeard","The Bug Knight","The Construct","The Disciple","The Jungle","The Mystic","The Necromancer","The Senshi"],"gold_per_floor":[119,139,139,151,151,151,151,167,193,193,209,209,224,244,244,343,343,356,356,375,300,335,350,350,350,402,180,180,208,208,235,235,335,335,354,354,401,401,413,413,427,427,451,466,466,163,163,183,183,183],"floor_reached":51,"language":"FRA","playtime":2685,"items_purged":["Defend_W","Strike_W"],"score":675,"play_id":"8ddecfc3-838c-4349-8a5c-2769d8ff5aa1","local_time":"20210213231656","is_ascension_mode":false,"campfire_choices":[{"data":"Death_March_Dance","floor":7,"key":"SMITH"},{"data":"Blood_Is_Power","floor":10,"key":"SMITH"},{"data":"Thousand_Bone_Knives","floor":12,"key":"SMITH"},{"data":"Blood_Is_Power","floor":15,"key":"SMITH"},{"data":"Cloudkill","floor":25,"key":"SMITH"},{"data":"Blood_for_Blood","floor":28,"key":"SMITH"},{"data":"Bone_Armory","floor":30,"key":"SMITH"},{"data":"Stop_Heart","floor":32,"key":"SMITH"},{"data":"Summon_Vampire_Lady","floor":40,"key":"SMITH"},{"data":"Bone_Prison","floor":42,"key":"SMITH"},{"data":"Summon_Lich","floor":45,"key":"SMITH"},{"data":"Good Instincts","floor":47,"key":"SMITH"},{"data":"Bone_Armor","floor":49,"key":"SMITH"}],"circlet_count":0,"master_deck":["Strike_W+1","Strike_W","Strike_W","Defend_W","Defend_W","Defend_W","Negative_Energy_Arrows+1","Bone_Wall","Life_Drain+1","Hellfire","Stop_Heart+1","Siphon_Strength","Good Instincts+1","Death_March_Dance+1","Thousand_Bone_Knives+1","Blood_Is_Power+1","Blood_Is_Power+1","Bone_Armor+1","Cloudkill+1","Summon_Lich+1","Blood_for_Blood+1","Bone_Armory+1","Corrupt+1","Summon_Vampire_Lady+1","Bone_Prison+1","Pandemic+1","Scare+1"],"relics":["Vampire_Amulet","Orichalcum","halation:PinkSoulGem","Hallownest:DreamNailRelic","hubris:TenFootPole","Golden_Hairpin","Red Mask","construct:FoamFinger","Strawberry","aspiration:VileToxins","aspiration:ChemicalBlood","Pantograph","Sozu","halation:EternalFortune","halation:LettersToHer","Hallownest:KingsIdolRelic","Whetstone"],"acts_visited":["Exordium","Hallownest:Greenpath","Hallownest:CityofTears"],"potions_floor_usage":[16,16,33,33,50,50],"damage_taken":[{"damage":0,"enemies":"Hallownest:2_MossCreeps","floor":1,"turns":4},{"damage":1,"enemies":"Hallownest:monsterHuskWarrior","floor":2,"turns":4},{"damage":0,"enemies":"Hallownest:2_Baldur","floor":4,"turns":3},{"damage":14,"enemies":"Hallownest:Guard_and_Warrior","floor":8,"turns":4},{"damage":2,"enemies":"Hallownest:1_Ooma_and_2_Uuma","floor":11,"turns":4},{"damage":7,"enemies":"Hallownest:monsterFoolEater","floor":13,"turns":2},{"damage":5,"enemies":"Hallownest:MossCreep_and_Mosskin","floor":14,"turns":4},{"damage":25,"enemies":"Hallownest:BossFalseKnight","floor":16,"turns":6},{"damage":2,"enemies":"Hallownest:Flukemon_and_Top","floor":18,"turns":5},{"damage":5,"enemies":"Hallownest:2_Mistakes","floor":20,"turns":5},{"damage":30,"enemies":"conspire:MimicChest","floor":22,"turns":6},{"damage":6,"enemies":"Hallownest:2_Flukemon","floor":23,"turns":5},{"damage":10,"enemies":"Hallownest:Nosk","floor":29,"turns":7},{"damage":7,"enemies":"Hallownest:eliteSoulWarrior","floor":31,"turns":3},{"damage":13,"enemies":"Hallownest:BossSoulMaster","floor":33,"turns":7},{"damage":5,"enemies":"Hallownest:Shield_Heavy","floor":35,"turns":5},{"damage":11,"enemies":"Hallownest:2_Littles","floor":39,"turns":3},{"damage":37,"enemies":"Hallownest:2_Wandering_and_1_Horned","floor":41,"turns":5},{"damage":4,"enemies":"Hallownest:2_Soldiers_and_1_Guardian","floor":44,"turns":5},{"damage":0,"enemies":"Hallownest:2_Great","floor":48,"turns":5},{"damage":76,"enemies":"Hallownest:BossHollowKnight","floor":50,"turns":8}],"seed_played":"448769761793638677","potions_obtained":[{"floor":4,"key":"Dexterity Potion"},{"floor":8,"key":"DuplicationPotion"},{"floor":14,"key":"champ:CounterPotion"},{"floor":20,"key":"BlessingOfTheForge"},{"floor":29,"key":"Energy Potion"},{"floor":33,"key":"ColorlessPotion"}],"is_trial":false,"path_per_floor":["M","M","?","M","?","?","R","M","T","R","M","R","M","M","R","B",null,"M","?","M","$","?","M","?","R","T","$","R","E","R","E","R","B",null,"M","?","T","?","M","R","M","R","T","M","R","$","R","M","R","B",null],"character_chosen":"NECROMANCER","items_purchased":["Life_Drain+1","Hellfire","Stop_Heart","Siphon_Strength","Orichalcum","Good Instincts","Bone_Armory","aspiration:VileToxins","Whetstone","Pandemic+1"],"campfire_rested":0,"item_purchase_floors":[0,0,0,0,0,0,27,27,46,46],"current_hp_per_floor":[69,75,75,75,75,75,75,71,71,71,75,75,75,74,74,56,75,75,75,74,74,46,50,58,58,65,65,65,67,67,62,62,81,82,81,84,84,84,79,79,60,60,60,71,71,71,71,77,77,28],"gold":183,"neow_bonus":"","is_daily":false,"chose_seed":false,"campfire_upgraded":13,"win_rate":0.0,"timestamp":1613254616,"path_taken":["M","M","?","M","?","?","R","M","T","R","M","R","M","?","R","BOSS","M","?","M","$","?","?","?","R","T","$","R","E","R","E","R","BOSS","M","?","?","?","M","R","M","R","T","M","R","$","R","M","R","BOSS"],"items_purchased_type":["Card","Card","Card","Card","Relic","Card","Card","Relic","Relic","Card"],"build_version":"2020-12-22","purchased_purges":2,"victory":true,"max_hp_per_floor":[75,75,75,75,75,75,75,75,75,75,75,75,75,75,75,75,75,75,75,75,75,75,75,75,75,82,82,82,82,82,82,82,82,82,82,85,85,85,85,85,85,85,85,85,85,85,85,85,85,85],"card_choices":[{"not_picked":["Bone_Shift","Scare"],"picked":"Death_March_Dance","floor":1},{"not_picked":["Negative_Energy_Javelin","Negative_Energy_Sphere","Blood_Curse"],"picked":"SKIP","floor":2},{"not_picked":["Negative_Energy_Javelin","Flesh_Made_Foul"],"picked":"Thousand_Bone_Knives","floor":4},{"not_picked":["Bone_Spikes","Chill_Blood"],"picked":"Blood_Is_Power","floor":8},{"not_picked":["Negative_Energy_Javelin","Skeleton_Dragon","Whirlwind_of_Bones"],"picked":"SKIP","floor":11},{"not_picked":["Shackles_Of_Pain","Negative_Energy_Javelin"],"picked":"Blood_Is_Power","floor":13},{"not_picked":["Thousand_Bone_Knives","Finger_Of_Death"],"picked":"Bone_Armor","floor":14},{"not_picked":["Hellfire","Grasp_Heart"],"picked":"Cloudkill","floor":16},{"not_picked":["Exploit","Negative_Energy_Sphere","Bone_Armor"],"picked":"SKIP","floor":18},{"not_picked":["Death_March_Dance","Siphon_Strength"],"picked":"Summon_Lich","floor":20},{"not_picked":["Bone_Prison","Negative_Energy_Burst+1"],"picked":"Blood_for_Blood","floor":23},{"not_picked":["Bone_Armory","Requiem"],"picked":"Corrupt+1","floor":29},{"not_picked":["Acid_Javelin","Blood_Curse","Spectral_Walk"],"picked":"SKIP","floor":31},{"not_picked":["Grasp_Heart","Hellfire"],"picked":"Summon_Vampire_Lady","floor":33},{"not_picked":["Bone_Shift+1","Acid_Javelin+1","Bones_to_Steel"],"picked":"SKIP","floor":35},{"not_picked":["Toxic_Smoke_Screen","Negative_Energy_Shield+1","Bone_Spikes"],"picked":"SKIP","floor":39},{"not_picked":["Stop_Heart+1","Negative_Energy_Sphere+1"],"picked":"Bone_Prison","floor":41},{"not_picked":["Consume_Illness","Siphon_Strength","Finger_Of_Death+1"],"picked":"SKIP","floor":44},{"not_picked":["Vampiric_Strike","Consume_Illness"],"picked":"Scare+1","floor":48}],"player_experience":62142,"relics_obtained":[{"floor":9,"key":"hubris:TenFootPole"},{"floor":22,"key":"construct:FoamFinger"},{"floor":26,"key":"Strawberry"},{"floor":29,"key":"aspiration:ChemicalBlood"},{"floor":31,"key":"Pantograph"},{"floor":37,"key":"halation:LettersToHer"},{"floor":43,"key":"halation:LettersToHer"}],"event_choices":[],"is_beta":false,"boss_relics":[{"not_picked":["Abe\u0027s Treasure","energizedSpire:SpiderWeb"],"picked":"Golden_Hairpin"},{"not_picked":["aspiration:FutureDiary","hubris:RunicObelisk"],"picked":"Sozu"}],"items_purged_floors":[21,46],"is_endless":false,"potions_floor_spawned":[4,8,14,20,29,33,35,39,48],"ascension_level":0}}