{"host":"qgrlfjrqk9z96gfi","time":1613250934,"event":{"mods":["BaseMod","Block Reminder","Colored Map","Custom Start","DeckTracker","Minty Spire (QoL Compilation)"],"gold_per_floor":[214,226,226,37,56,74,94,94,117,146,146,177,21,32,32,107,107,125,125,141,172,4,31,31,58,111,111,111,26,26,41,41,118,118,135,45,70,70,70,70,102,119,142,142,142,157,182,192,192,192,192,192],"floor_reached":51,"language":"ENG","playtime":2047,"items_purged":["Strike_G","Strike_G"],"score":1527,"play_id":"d737957b-1da6-4cb5-930c-0512ff219b18","local_time":"20210213111534","is_ascension_mode":true,"campfire_choices":[{"data":"Dagger Spray","floor":8,"key":"SMITH"},{"data":"Envenom","floor":11,"key":"SMITH"},{"floor":15,"key":"REST"},{"floor":24,"key":"REST"},{"floor":27,"key":"REST"},{"data":"1","floor":30,"key":"LIFT"},{"data":"After Image","floor":32,"key":"SMITH"},{"data":"2","floor":40,"key":"LIFT"},{"floor":44,"key":"REST"},{"data":"3","floor":49,"key":"LIFT"}],"circlet_count":0,"master_deck":["AscendersBane","Strike_G+1","Strike_G+1","Defend_G+1","Defend_G+1","Defend_G+1","Defend_G+1","Defend_G+1","Survivor","Neutralize","Infinite Blades","Dagger Spray+1","Slice","Crippling Poison","Blade Dance","Deadly Poison","Leg Sweep","Envenom+1","Blade Dance","Blade Dance","Cloak And Dagger","Tools of the Trade","Blade Dance","Cloak And Dagger","After Image+1","Heel Hook","Choke","Backflip","After Image","Blade Dance","Accuracy","PiercingWail","Prepared+1","Outmaneuver+1"],"relics":["Ring of the Snake","Art of War","Boot","Bag of Marbles","SlaversCollar","Red Mask","Sling","Regal Pillow","HornCleat","MealTicket","Girya","HoveringKite","Tingsha","Bottled Tornado","Lantern","Nunchaku"],"acts_visited":["Exordium","TheCity","TheBeyond"],"potions_floor_usage":[5,16,21,21,23,25,33,33,46,51],"damage_taken":[{"damage":0,"enemies":"Small Slimes","floor":1,"turns":4},{"damage":3,"enemies":"Cultist","floor":2,"turns":4},{"damage":1,"enemies":"2 Louse","floor":5,"turns":2},{"damage":0,"enemies":"2 Fungi Beasts","floor":6,"turns":4},{"damage":4,"enemies":"Exordium Wildlife","floor":7,"turns":4},{"damage":16,"enemies":"3 Sentries","floor":10,"turns":8},{"damage":12,"enemies":"Lagavulin","floor":12,"turns":6},{"damage":0,"enemies":"Red Slaver","floor":14,"turns":2},{"damage":20,"enemies":"Hexaghost","floor":16,"turns":7},{"damage":0,"enemies":"3 Byrds","floor":18,"turns":3},{"damage":24,"enemies":"Shell Parasite","floor":20,"turns":6},{"damage":12,"enemies":"Masked Bandits","floor":21,"turns":4},{"damage":0,"enemies":"Slavers","floor":23,"turns":2},{"damage":28,"enemies":"Book of Stabbing","floor":25,"turns":5},{"damage":6,"enemies":"Centurion and Healer","floor":31,"turns":4},{"damage":50,"enemies":"Collector","floor":33,"turns":7},{"damage":37,"enemies":"3 Darklings","floor":35,"turns":6},{"damage":0,"enemies":"Mind Bloom Boss Battle","floor":37,"turns":5},{"damage":11,"enemies":"Giant Head","floor":41,"turns":6},{"damage":9,"enemies":"3 Shapes","floor":42,"turns":11},{"damage":0,"enemies":"Transient","floor":46,"turns":6},{"damage":0,"enemies":"Nemesis","floor":47,"turns":4},{"damage":15,"enemies":"3 Darklings","floor":48,"turns":3},{"damage":18,"enemies":"Donu and Deca","floor":50,"turns":9},{"damage":60,"enemies":"Awakened One","floor":51,"turns":7}],"seed_played":"4235675524671665956","potions_obtained":[{"floor":2,"key":"Weak Potion"},{"floor":3,"key":"Explosive Potion"},{"floor":5,"key":"GamblersBrew"},{"floor":12,"key":"BlessingOfTheForge"},{"floor":18,"key":"Poison Potion"},{"floor":20,"key":"Fruit Juice"},{"floor":21,"key":"CunningPotion"},{"floor":25,"key":"EntropicBrew"},{"floor":37,"key":"CunningPotion"},{"floor":41,"key":"Weak Potion"},{"floor":47,"key":"FairyPotion"}],"is_trial":false,"path_per_floor":["M","M","?","$","M","M","M","R","T","E","R","E","$","M","R","B",null,"M","?","M","?","$","E","R","E","T","R","$","?","R","M","R","B",null,"M","$","?","$","?","R","E","M","T","R","?","M","E","M","R","B","B"],"character_chosen":"THE_SILENT","items_purchased":["Slice","Crippling Poison","Blade Dance","Sling","Accuracy"],"campfire_rested":4,"item_purchase_floors":[4,4,13,22,36],"current_hp_per_floor":[59,56,56,56,55,55,51,51,51,35,35,23,23,23,42,22,55,55,55,31,24,24,24,60,32,32,68,71,71,71,65,65,15,57,20,35,35,50,50,50,39,30,30,66,66,66,66,51,51,33,0,0],"gold":192,"neow_bonus":"HUNDRED_GOLD","is_daily":false,"chose_seed":false,"campfire_upgraded":3,"win_rate":0.0,"timestamp":1613250934,"path_taken":["M","M","?","?","M","M","M","R","T","E","R","E","$","M","R","BOSS","M","?","M","?","$","E","R","E","T","R","?","?","R","?","R","BOSS","M","$","?","$","?","R","E","M","T","R","?","M","E","M","R","BOSS","BOSS"],"items_purchased_type":["Card","Card","Card","Relic","Card"],"build_version":"2020-12-22","purchased_purges":2,"victory":false,"max_hp_per_floor":[66,66,66,66,66,66,66,66,66,66,66,66,66,66,66,66,66,66,66,66,71,71,71,71,71,71,71,71,71,71,71,71,71,71,71,71,71,71,71,71,71,71,71,71,67,67,67,67,67,67,67,67],"card_choices":[{"not_picked":["Backflip","Dodge and Roll"],"picked":"Infinite Blades","floor":1},{"not_picked":["Backflip","Prepared"],"picked":"Dagger Spray","floor":2},{"not_picked":["Eviscerate","Tactician"],"picked":"Blade Dance","floor":5},{"not_picked":["Storm of Steel","Distraction"],"picked":"Deadly Poison","floor":6},{"not_picked":["Deadly Poison","Prepared"],"picked":"Leg Sweep","floor":7},{"not_picked":["Quick Slash","Dodge and Roll"],"picked":"Envenom","floor":10},{"not_picked":["Dodge and Roll","Poisoned Stab"],"picked":"Blade Dance","floor":12},{"not_picked":["Deadly Poison","Underhanded Strike"],"picked":"Cloak And Dagger","floor":14},{"not_picked":["Doppelganger","Storm of Steel"],"picked":"Tools of the Trade","floor":16},{"not_picked":["Sucker Punch","Bane"],"picked":"Blade Dance","floor":18},{"not_picked":["Expertise","Deadly Poison+1"],"picked":"Cloak And Dagger","floor":20},{"not_picked":["Poisoned Stab","Underhanded Strike"],"picked":"After Image","floor":21},{"not_picked":["Dash","Acrobatics"],"picked":"Heel Hook","floor":23},{"not_picked":["Caltrops","Prepared"],"picked":"Choke","floor":25},{"not_picked":["Catalyst","Poisoned Stab+1"],"picked":"Backflip","floor":31},{"not_picked":["Bullet Time","Malaise"],"picked":"After Image","floor":33},{"not_picked":["Sucker Punch","Infinite Blades"],"picked":"Blade Dance","floor":35},{"not_picked":["Dagger Throw","Masterful Stab+1","Quick Slash"],"picked":"SKIP","floor":41},{"not_picked":["Accuracy","Eviscerate"],"picked":"PiercingWail","floor":42},{"not_picked":["Flying Knee","Skewer"],"picked":"Prepared+1","floor":46},{"not_picked":["PiercingWail","Flying Knee+1"],"picked":"Outmaneuver+1","floor":47},{"not_picked":["Accuracy","Flying Knee","Outmaneuver+1"],"picked":"SKIP","floor":48}],"player_experience":1133950,"relics_obtained":[{"floor":9,"key":"Art of War"},{"floor":10,"key":"Boot"},{"floor":12,"key":"Bag of Marbles"},{"floor":21,"key":"Red Mask"},{"floor":23,"key":"Regal Pillow"},{"floor":25,"key":"HornCleat"},{"floor":26,"key":"MealTicket"},{"floor":37,"key":"Tingsha"},{"floor":41,"key":"Bottled Tornado"},{"floor":43,"key":"Lantern"},{"floor":47,"key":"Nunchaku"}],"event_choices":[{"damage_healed":0,"gold_gain":0,"player_choice":"Got Potions","damage_taken":0,"max_hp_gain":0,"max_hp_loss":0,"event_name":"Lab","floor":3,"gold_loss":0},{"damage_healed":0,"gold_gain":0,"player_choice":"Simplicity","damage_taken":0,"max_hp_gain":0,"max_hp_loss":0,"event_name":"Back to Basics","floor":19,"gold_loss":0,"cards_upgraded":["Strike_G","Strike_G","Strike_G","Defend_G","Defend_G","Defend_G","Defend_G","Defend_G"]},{"damage_healed":0,"gold_gain":0,"player_choice":"Fought Bandits","damage_taken":0,"max_hp_gain":0,"max_hp_loss":0,"event_name":"Masked Bandits","floor":21,"gold_loss":0},{"damage_healed":0,"gold_gain":0,"player_choice":"Obtained Relic","damage_taken":0,"relics_obtained":["Girya"],"max_hp_gain":0,"max_hp_loss":0,"event_name":"Addict","floor":29,"gold_loss":85},{"damage_healed":0,"gold_gain":0,"player_choice":"Fight","damage_taken":0,"max_hp_gain":0,"max_hp_loss":0,"event_name":"MindBloom","floor":37,"gold_loss":0},{"cards_removed":["Strike_G"],"damage_healed":0,"gold_gain":0,"player_choice":"Removed Attack","damage_taken":0,"max_hp_gain":0,"max_hp_loss":0,"event_name":"Falling","floor":39,"gold_loss":0},{"damage_healed":0,"gold_gain":0,"player_choice":"Max HP","damage_taken":0,"max_hp_gain":0,"max_hp_loss":4,"event_name":"Winding Halls","floor":45,"gold_loss":0}],"is_beta":false,"boss_relics":[{"not_picked":["Empty Cage","Velvet Choker"],"picked":"SlaversCollar"},{"not_picked":["Runic Dome","Calling Bell"],"picked":"HoveringKite"}],"items_purged_floors":[4,13],"is_endless":false,"potions_floor_spawned":[2,5,10,12,18,20,21,25,37,41,47,48],"killed_by":"Awakened One","ascension_level":20}}