{"host":"x665ekuy0qorxtwt","time":1613211098,"event":{"mods":["AchievementEnabler","BaseMod","Bestiary","Colored Map","Colored Powertips","Minty Spire (QoL Compilation)"],"gold_per_floor":[114,114,39,39,54,84,84,99,124,154,154,169,169,199,199,299,299,314,329,344,359,209,239,239,269,269,299,299,314,344,359,359,459,459,474,224,239,254,254,284,284,314,314,344,359,389,239,289,289,289],"floor_reached":51,"language":"ENG","playtime":3340,"items_purged":["Regret"],"score":1138,"play_id":"77c6116a-f07b-4378-9bd0-82fe5a6d3746","local_time":"20210213021138","daily_mods":["SealedDeck","Colorless Cards","Elite Swarm"],"is_ascension_mode":false,"campfire_choices":[{"data":"Secret Technique","floor":7,"key":"SMITH"},{"data":"Mayhem","floor":11,"key":"SMITH"},{"data":"Armaments","floor":15,"key":"SMITH"},{"data":"Whirlwind","floor":24,"key":"SMITH"},{"data":"Offering","floor":32,"key":"SMITH"},{"data":"Double Tap","floor":41,"key":"SMITH"},{"data":"Flex","floor":49,"key":"SMITH"}],"circlet_count":0,"master_deck":["Twin Strike","Shrug It Off","Heavy Blade","Inflame+1","Pommel Strike+1","Flex+1","Flex","Heavy Blade","Armaments+1","Cleave+1","Purity+1","Secret Technique+1","Mayhem+1","Master of Strategy","Whirlwind+1","Deep Breath+1","Offering+1","Double Tap+1","Enlightenment+1"],"relics":["Burning Blood","Ornamental Fan","Letter Opener","Bag of Preparation","Thread and Needle","Bottled Lightning","StoneCalendar","Coffee Dripper","Bag of Marbles","Orichalcum","Calipers","PreservedInsect","Smiling Mask","Whetstone","Black Star","Paper Frog","Nunchaku","War Paint","Blood Vial","Lizard Tail","Magic Flower","Sundial","Bottled Flame","Bronze Scales","Oddly Smooth Stone","OrangePellets","Gambling Chip"],"acts_visited":["Exordium","TheCity","TheBeyond"],"potions_floor_usage":[12],"damage_taken":[{"damage":0,"enemies":"Jaw Worm","floor":1,"turns":3},{"damage":0,"enemies":"Cultist","floor":5,"turns":2},{"damage":4,"enemies":"Lagavulin","floor":6,"turns":4},{"damage":0,"enemies":"Small Slimes","floor":8,"turns":2},{"damage":9,"enemies":"3 Sentries","floor":10,"turns":5},{"damage":6,"enemies":"Exordium Wildlife","floor":12,"turns":2},{"damage":6,"enemies":"Lagavulin","floor":14,"turns":4},{"damage":25,"enemies":"The Guardian","floor":16,"turns":5},{"damage":0,"enemies":"Shell Parasite","floor":18,"turns":3},{"damage":1,"enemies":"2 Thieves","floor":19,"turns":2},{"damage":0,"enemies":"Sentry and Sphere","floor":20,"turns":2},{"damage":0,"enemies":"Snecko","floor":21,"turns":3},{"damage":1,"enemies":"Book of Stabbing","floor":23,"turns":4},{"damage":6,"enemies":"Gremlin Leader","floor":25,"turns":2},{"damage":6,"enemies":"Book of Stabbing","floor":27,"turns":2},{"damage":6,"enemies":"Centurion and Healer","floor":29,"turns":1},{"damage":6,"enemies":"Slavers","floor":30,"turns":1},{"damage":6,"enemies":"Cultist and Chosen","floor":31,"turns":3},{"damage":7,"enemies":"Collector","floor":33,"turns":3},{"damage":6,"enemies":"3 Darklings","floor":35,"turns":1},{"damage":7,"enemies":"3 Shapes","floor":37,"turns":1},{"damage":6,"enemies":"Writhing Mass","floor":38,"turns":1},{"damage":6,"enemies":"Reptomancer","floor":40,"turns":1},{"damage":6,"enemies":"Giant Head","floor":42,"turns":1},{"damage":6,"enemies":"Reptomancer","floor":44,"turns":1},{"damage":6,"enemies":"Transient","floor":45,"turns":4},{"damage":6,"enemies":"Nemesis","floor":46,"turns":1},{"damage":6,"enemies":"Mind Bloom Boss Battle","floor":48,"turns":1},{"damage":6,"enemies":"Donu and Deca","floor":50,"turns":2}],"seed_played":"6099103822572544471","potions_obtained":[{"floor":1,"key":"Swift Potion"},{"floor":6,"key":"Dexterity Potion"},{"floor":8,"key":"SteroidPotion"},{"floor":12,"key":"LiquidMemories"},{"floor":19,"key":"SkillPotion"},{"floor":25,"key":"Block Potion"},{"floor":27,"key":"AttackPotion"},{"floor":40,"key":"PowerPotion"}],"is_trial":false,"path_per_floor":["M","?","$","?","M","E","R","M","T","E","R","M","T","E","R","B",null,"M","M","M","M","$","E","R","E","T","E","?","M","E","M","R","B",null,"M","$","M","M","?","E","R","E","T","E","M","E","$","?","R","B",null],"character_chosen":"IRONCLAD","items_purchased":["Bag of Marbles","Paper Frog","OrangePellets"],"campfire_rested":0,"item_purchase_floors":[22,36,47],"current_hp_per_floor":[80,80,80,80,80,80,80,80,80,77,77,77,77,77,77,58,80,80,80,80,80,80,80,80,80,80,80,80,80,80,80,80,79,80,80,80,79,79,79,79,79,79,79,80,80,80,80,80,80,80],"gold":289,"neow_bonus":"","is_daily":true,"chose_seed":false,"campfire_upgraded":7,"win_rate":0.0,"timestamp":1613211098,"path_taken":["M","?","$","?","M","E","R","M","T","E","R","?","?","E","R","BOSS","M","M","?","M","$","E","R","E","T","E","?","M","E","M","R","BOSS","M","$","M","M","?","E","R","E","T","E","M","E","$","?","R","BOSS"],"items_purchased_type":["Relic","Relic","Relic"],"build_version":"2020-12-22","purchased_purges":1,"victory":true,"max_hp_per_floor":[80,80,80,80,80,80,80,80,80,80,80,80,80,80,80,80,80,80,80,80,80,80,80,80,80,80,80,80,80,80,80,80,80,80,80,80,80,80,80,80,80,80,80,80,80,80,80,80,80,80],"card_choices":[{"not_picked":["Inflame","Panacea"],"picked":"Purity","floor":1},{"not_picked":["Body Slam","Clash","Mind Blast"],"picked":"SKIP","floor":5},{"not_picked":["Exhume","Berserk"],"picked":"Secret Technique","floor":6},{"not_picked":["Spot Weakness","Clash","Anger"],"picked":"SKIP","floor":8},{"not_picked":["Thinking Ahead","Metamorphosis"],"picked":"Mayhem","floor":10},{"not_picked":["Blood for Blood","Anger","Flex"],"picked":"SKIP","floor":12},{"not_picked":["Bludgeon","Transmutation","Magnetism"],"picked":"SKIP","floor":14},{"not_picked":["Bludgeon","Transmutation","Magnetism"],"picked":"SKIP","floor":14},{"not_picked":["Chrysalis","The Bomb"],"picked":"Master of Strategy","floor":16},{"not_picked":["Twin Strike","Clash"],"picked":"Whirlwind","floor":18},{"not_picked":["Impatience+1","Jack Of All Trades"],"picked":"Deep Breath+1","floor":19},{"not_picked":["Carnage+1","Bandage Up","Bloodletting"],"picked":"SKIP","floor":20},{"not_picked":["Second Wind","Havoc+1","Warcry"],"picked":"SKIP","floor":21},{"not_picked":["Violence","Fiend Fire"],"picked":"Offering","floor":23},{"not_picked":["Panache","Offering"],"picked":"Double Tap","floor":25},{"not_picked":["Master of Strategy","The Bomb","Metamorphosis"],"picked":"SKIP","floor":27},{"not_picked":["Cleave","Anger","Bandage Up+1"],"picked":"SKIP","floor":29},{"not_picked":["Thinking Ahead","Secret Weapon","Reaper"],"picked":"SKIP","floor":30},{"not_picked":["Madness","Shrug It Off","Perfected Strike"],"picked":"SKIP","floor":31},{"not_picked":["Pummel+1","Armaments+1","Cleave"],"picked":"SKIP","floor":35},{"not_picked":["Warcry+1","Iron Wave+1","Second Wind"],"picked":"SKIP","floor":37},{"not_picked":["Heavy Blade+1","Anger+1","Impervious"],"picked":"SKIP","floor":38},{"not_picked":["Exhume","Chrysalis","Secret Technique"],"picked":"SKIP","floor":40},{"not_picked":["Feed","Bludgeon","Corruption"],"picked":"SKIP","floor":42},{"not_picked":["HandOfGreed","Sadistic Nature","Violence"],"picked":"SKIP","floor":44},{"not_picked":["Clothesline","Inflame+1","True Grit"],"picked":"SKIP","floor":45},{"not_picked":["Demon Form","Immolate","Transmutation"],"picked":"SKIP","floor":46}],"player_experience":206723,"relics_obtained":[{"floor":6,"key":"Letter Opener"},{"floor":9,"key":"Bag of Preparation"},{"floor":10,"key":"Thread and Needle"},{"floor":13,"key":"Bottled Lightning"},{"floor":14,"key":"StoneCalendar"},{"floor":23,"key":"Orichalcum"},{"floor":25,"key":"Calipers"},{"floor":26,"key":"PreservedInsect"},{"floor":27,"key":"Smiling Mask"},{"floor":30,"key":"Whetstone"},{"floor":40,"key":"Nunchaku"},{"floor":40,"key":"War Paint"},{"floor":42,"key":"Blood Vial"},{"floor":42,"key":"Lizard Tail"},{"floor":43,"key":"Magic Flower"},{"floor":44,"key":"Sundial"},{"floor":44,"key":"Bottled Flame"},{"floor":46,"key":"Bronze Scales"},{"floor":46,"key":"Oddly Smooth Stone"},{"floor":48,"key":"Gambling Chip"}],"event_choices":[{"damage_healed":0,"gold_gain":0,"player_choice":"Box","damage_taken":0,"relics_obtained":["Ornamental Fan"],"max_hp_gain":0,"max_hp_loss":0,"event_name":"Big Fish","floor":2,"gold_loss":0,"cards_obtained":["Regret"]},{"damage_healed":0,"gold_gain":0,"player_choice":"Forge","damage_taken":0,"max_hp_gain":0,"max_hp_loss":0,"event_name":"Accursed Blacksmith","floor":4,"gold_loss":0,"cards_upgraded":["Inflame"]},{"damage_healed":0,"gold_gain":0,"player_choice":"Read","damage_taken":0,"max_hp_gain":0,"max_hp_loss":0,"event_name":"The Library","floor":28,"gold_loss":0,"cards_obtained":["Enlightenment"]},{"damage_healed":0,"gold_gain":0,"player_choice":"Ignored","damage_taken":0,"max_hp_gain":0,"max_hp_loss":0,"event_name":"Tomb of Lord Red Mask","floor":39,"gold_loss":0},{"damage_healed":0,"gold_gain":0,"player_choice":"Fight","damage_taken":0,"max_hp_gain":0,"max_hp_loss":0,"event_name":"MindBloom","floor":48,"gold_loss":0}],"is_beta":false,"boss_relics":[{"not_picked":["Runic Pyramid","Mark of Pain"],"picked":"Coffee Dripper"},{"not_picked":["Velvet Choker","Busted Crown"],"picked":"Black Star"}],"items_purged_floors":[3],"is_endless":false,"potions_floor_spawned":[1,6,8,12,19,25,27,30,33,38,40,42],"ascension_level":0}}