{"host":"g8a0qo0vjtg6u5wv","time":1613175812,"event":{"mods":["BaseMod","Colored Map","Custom Start","KOR Keyword Fix","Minty Spire (QoL Compilation)","StSLib","SuperFastMode"],"gold_per_floor":[118,118,131,56,71,71,104,4,28,40,52,52,52,70,70,174,174,187,237,253,266,145,145,173,123,123,133,151,151,163,78,78,177,177,194,194,206,223,223,223],"floor_reached":39,"language":"KOR","playtime":1119,"items_purged":["Defend_G","Strike_G","Strike_G","Defend_G"],"score":648,"play_id":"08f0f739-aef3-4ff2-9415-5a06cf80eec2","local_time":"20210213092332","is_ascension_mode":true,"campfire_choices":[{"data":"Terror","floor":6.0,"key":"SMITH"},{"data":"Noxious Fumes","floor":13.0,"key":"SMITH"},{"data":"Acrobatics","floor":15.0,"key":"SMITH"},{"floor":23,"key":"REST"},{"floor":29,"key":"REST"},{"data":"Footwork","floor":32,"key":"SMITH"}],"circlet_count":0,"master_deck":["AscendersBane","Survivor","Dagger Spray+1","Terror+1","Noxious Fumes+1","Crippling Poison+1","Acrobatics+1","Backflip","Corpse Explosion","PiercingWail","Blur","Malaise","Dash","Footwork+1","Outmaneuver","Escape Plan","Dash","Catalyst","Well Laid Plans","Blur","Backflip+1"],"relics":["SacredBark","Whetstone","Smiling Mask","Velvet Choker","Paper Crane","Pantograph","Ancient Tea Set","Pandora\u0027s Box"],"acts_visited":["Exordium","TheCity","TheBeyond","TheBeyond"],"potions_floor_usage":[21,24],"damage_taken":[{"damage":1.0,"enemies":"2 Louse","floor":1.0,"turns":4.0},{"damage":5.0,"enemies":"Cultist","floor":3.0,"turns":6.0},{"damage":9.0,"enemies":"Jaw Worm","floor":5.0,"turns":3.0},{"damage":31.0,"enemies":"3 Sentries","floor":7.0,"turns":8.0},{"damage":6.0,"enemies":"3 Louse","floor":10.0,"turns":2.0},{"damage":1.0,"enemies":"2 Fungi Beasts","floor":11.0,"turns":3.0},{"damage":0.0,"enemies":"Gremlin Gang","floor":14.0,"turns":3.0},{"damage":33.0,"enemies":"Hexaghost","floor":16.0,"turns":12.0},{"damage":13.0,"enemies":"Spheric Guardian","floor":18.0,"turns":5.0},{"damage":23.0,"enemies":"2 Thieves","floor":20.0,"turns":4.0},{"damage":24,"enemies":"Snake Plant","floor":21,"turns":5},{"damage":29,"enemies":"Slavers","floor":24,"turns":3},{"damage":0,"enemies":"Centurion and Healer","floor":27,"turns":6},{"damage":0,"enemies":"Cultist and Chosen","floor":28,"turns":4},{"damage":3,"enemies":"Snake Plant","floor":30,"turns":6},{"damage":41,"enemies":"Champ","floor":33,"turns":18},{"damage":7,"enemies":"3 Darklings","floor":35,"turns":4},{"damage":0,"enemies":"3 Shapes","floor":37,"turns":4},{"damage":31,"enemies":"Sphere and 2 Shapes","floor":38,"turns":5},{"damage":40,"enemies":"Spire Growth","floor":39,"turns":8}],"seed_played":"520589914830617750","potions_obtained":[{"floor":1.0,"key":"Regen Potion"},{"floor":10.0,"key":"BlessingOfTheForge"},{"floor":11.0,"key":"Explosive Potion"},{"floor":16.0,"key":"Fruit Juice"},{"floor":18.0,"key":"Weak Potion"},{"floor":21,"key":"FearPotion"},{"floor":28,"key":"PowerPotion"}],"is_trial":false,"path_per_floor":["M","?","M","$","M","R","E","$","T","M","M","?","R","M","R","B",null,"M","?","M","M","$","R","E","$","T","M","M","R","M","?","R","B",null,"M","?","M","M","M"],"character_chosen":"THE_SILENT","items_purchased":["Blur"],"campfire_rested":2,"item_purchase_floors":[22],"current_hp_per_floor":[62,62,57,57,48,48,66,66,66,60,59,45,45,45,45,12,56,53,53,30,6,6,30,1,1,1,1,1,25,22,22,22,6,76,69,69,69,38,0,0],"gold":223,"neow_bonus":"BOSS_RELIC","is_daily":false,"chose_seed":false,"campfire_upgraded":4,"win_rate":0.0,"timestamp":1613175812,"path_taken":["M","?","M","$","M","R","E","$","T","M","?","?","R","M","R","BOSS","M","?","M","?","$","R","E","$","T","M","?","R","M","?","R","BOSS","M","?","M","M","M"],"items_purchased_type":["Card"],"build_version":"2020-12-22","purchased_purges":4,"victory":false,"max_hp_per_floor":[70,70,70,70,70,70,70,70,70,70,70,70,70,70,70,70,70,80,80,80,80,80,80,80,80,80,80,80,80,80,80,80,80,80,80,80,80,80,80,80],"card_choices":[{"not_picked":["Finisher","Deadly Poison"],"picked":"Dagger Spray","floor":1.0},{"not_picked":["Deflect","PiercingWail"],"picked":"Terror","floor":3.0},{"not_picked":["Deflect","Cloak And Dagger"],"picked":"Noxious Fumes","floor":5.0},{"not_picked":["Deflect","All Out Attack"],"picked":"Crippling Poison","floor":7.0},{"not_picked":["Underhanded Strike","Slice"],"picked":"Acrobatics","floor":10.0},{"not_picked":["Dodge and Roll","Prepared"],"picked":"Backflip","floor":11.0},{"not_picked":["Cloak And Dagger","Well Laid Plans","Backflip"],"picked":"SKIP","floor":14.0},{"not_picked":["Envenom","Wraith Form v2"],"picked":"Corpse Explosion","floor":16.0},{"not_picked":["Cloak And Dagger","Setup","Prepared"],"picked":"SKIP","floor":18.0},{"not_picked":["Sucker Punch","Prepared+1"],"picked":"PiercingWail","floor":20.0},{"not_picked":["Accuracy","All Out Attack","Backflip"],"picked":"SKIP","floor":21},{"not_picked":["Bane","Infinite Blades"],"picked":"Malaise","floor":24},{"not_picked":["Masterful Stab","Bane","Caltrops"],"picked":"SKIP","floor":27},{"not_picked":["Masterful Stab","Backstab"],"picked":"Dash","floor":28},{"not_picked":["Leg Sweep","Dagger Throw"],"picked":"Footwork","floor":30},{"not_picked":["PiercingWail","Outmaneuver","Acrobatics+1"],"picked":"SKIP","floor":35},{"not_picked":["All Out Attack+1","Dagger Spray"],"picked":"Blur","floor":37},{"not_picked":["Masterful Stab","All Out Attack"],"picked":"Backflip+1","floor":38}],"player_experience":575730,"relics_obtained":[{"floor":7.0,"key":"Whetstone"},{"floor":9.0,"key":"Smiling Mask"},{"floor":24,"key":"Paper Crane"},{"floor":26,"key":"Pantograph"}],"event_choices":[{"cards_removed":["Strike_G"],"damage_healed":0.0,"max_hp_gain":0.0,"max_hp_loss":0.0,"gold_gain":0.0,"event_name":"Purifier","player_choice":"Purged","floor":2.0,"gold_loss":0.0,"damage_taken":0.0},{"damage_healed":0.0,"max_hp_gain":0.0,"max_hp_loss":0.0,"gold_gain":0.0,"event_name":"Shining Light","player_choice":"Entered Light","floor":12.0,"gold_loss":0.0,"damage_taken":14.0,"cards_upgraded":["Strike_G","Crippling Poison"]},{"damage_healed":0.0,"max_hp_gain":0.0,"max_hp_loss":0.0,"gold_gain":100.0,"event_name":"The Joust","player_choice":"Bet on Murderer","floor":19.0,"gold_loss":50.0,"damage_taken":0.0},{"damage_healed":0,"gold_gain":0,"player_choice":"Obtained Relic","damage_taken":0,"relics_obtained":["Ancient Tea Set"],"max_hp_gain":0,"max_hp_loss":0,"event_name":"Addict","floor":31,"gold_loss":85},{"cards_removed":["Neutralize"],"damage_healed":0,"gold_gain":0,"player_choice":"Removed Attack","damage_taken":0,"max_hp_gain":0,"max_hp_loss":0,"event_name":"Falling","floor":36,"gold_loss":0}],"is_beta":false,"boss_relics":[{"not_picked":["Fusion Hammer","Ectoplasm"],"picked":"Velvet Choker"},{"not_picked":["Tiny House","Runic Dome"],"picked":"Pandora\u0027s Box"}],"items_purged_floors":[4,8,22,25],"is_endless":false,"potions_floor_spawned":[1,10,11,16,18,21,28,38],"killed_by":"Spire Growth","ascension_level":12}}