{"host":"bf5upntvbdompq33","time":1613174688,"event":{"mods":["BaseMod","Bestiary","Colored Map","Colored Powertips","Curses Come First","Minty Spire (QoL Compilation)","StSLib","ojb\u0027s Info Mod"],"gold_per_floor":[19,34,34,50,68,112,112,37,108,108,147,168,208,208,220,232,232],"floor_reached":16,"language":"ENG","playtime":628,"items_purged":["Strike_R"],"score":204,"play_id":"eeb242d7-0f4b-40a4-9ab4-fb94d92cafc4","local_time":"20210212170448","is_ascension_mode":true,"campfire_choices":[{"data":"Carnage","floor":7,"key":"SMITH"},{"data":"Cleave","floor":10,"key":"SMITH"},{"floor":15,"key":"REST"}],"circlet_count":0,"master_deck":["AscendersBane","Strike_R","Strike_R","Strike_R","Defend_R","Defend_R","Defend_R","Bash","Feel No Pain","Hemokinesis","Carnage+1","Cleave+1","Battle Trance","Flex","Shockwave"],"relics":["Burning Blood","Golden Idol","Bird Faced Urn","Bottled Tornado","Boot","CeramicFish","MawBank"],"acts_visited":["Exordium"],"potions_floor_usage":[2,16],"damage_taken":[{"damage":9,"enemies":"Jaw Worm","floor":1,"turns":3},{"damage":5,"enemies":"Small Slimes","floor":2,"turns":5},{"damage":8,"enemies":"Cultist","floor":4,"turns":4},{"damage":8,"enemies":"Looter","floor":5,"turns":2},{"damage":18,"enemies":"Gremlin Nob","floor":6,"turns":3},{"damage":19,"enemies":"3 Sentries","floor":11,"turns":4},{"damage":18,"enemies":"Blue Slaver","floor":12,"turns":3},{"damage":18,"enemies":"Gremlin Nob","floor":13,"turns":3},{"damage":35,"enemies":"Hexaghost","floor":16,"turns":7}],"seed_played":"-5625979872771314582","potions_obtained":[{"floor":1,"key":"Block Potion"},{"floor":4,"key":"SneckoOil"},{"floor":6,"key":"Ancient Potion"}],"is_trial":false,"path_per_floor":["M","M","?","M","M","E","R","$","T","R","E","M","E","T","R","B"],"character_chosen":"IRONCLAD","items_purchased":[],"campfire_rested":1,"item_purchase_floors":[],"current_hp_per_floor":[65,66,66,64,62,50,50,50,50,50,37,25,13,13,33,0,0],"gold":232,"neow_bonus":"REMOVE_TWO","is_daily":false,"chose_seed":false,"campfire_upgraded":2,"win_rate":0.0,"timestamp":1613174688,"path_taken":["M","M","?","M","M","E","R","$","T","R","E","M","E","?","R","BOSS"],"items_purchased_type":[],"build_version":"2020-12-22","purchased_purges":1,"victory":false,"max_hp_per_floor":[75,75,69,69,69,69,69,69,69,69,69,69,69,69,69,69,69],"card_choices":[{"not_picked":["Armaments","Intimidate"],"picked":"Feel No Pain","floor":1},{"not_picked":["Sever Soul","Shockwave"],"picked":"Hemokinesis","floor":2},{"not_picked":["Wild Strike","Rupture"],"picked":"Carnage","floor":4},{"not_picked":["True Grit","Havoc"],"picked":"Cleave","floor":5},{"not_picked":["Clash","Barricade"],"picked":"Battle Trance","floor":6},{"not_picked":["Warcry","Infernal Blade","Wild Strike"],"picked":"SKIP","floor":11},{"not_picked":["Hemokinesis","Sword Boomerang"],"picked":"Flex","floor":12},{"not_picked":["Clash","Juggernaut"],"picked":"Shockwave","floor":13}],"player_experience":1553725,"relics_obtained":[{"floor":6,"key":"Bird Faced Urn"},{"floor":9,"key":"Bottled Tornado"},{"floor":11,"key":"Boot"},{"floor":13,"key":"CeramicFish"},{"floor":14,"key":"MawBank"}],"event_choices":[{"damage_healed":0,"gold_gain":0,"player_choice":"Lose Max HP","damage_taken":0,"relics_obtained":["Golden Idol"],"max_hp_gain":0,"max_hp_loss":6,"event_name":"Golden Idol","floor":3,"gold_loss":0}],"is_beta":false,"boss_relics":[],"items_purged_floors":[8],"is_endless":false,"potions_floor_spawned":[1,4,6],"killed_by":"Hexaghost","ascension_level":14}}