{"host":"htqwg582tjjtn9p7","time":1613223621,"event":{"mods":["2.2 Compatiblity","AchievementEnabler","Act Like it!","Aspiration","BaseMod","Better Third Choice","Colored Map","Conspire","Curses Come First","Displayed Cursed Tome","Energized Spire","Force Act Four","Fox Events","GifTheSpireLib","Hermit","Highlight Path","JesterMod","Mad Scientist","Minty Spire (QoL Compilation)","Pale of the Ancients","Permanent Neow","Random Character Button","Relic Stats","Reliquary","Replay The Spire","Robot Space Explorer","Somnambulant","Spicy Shops","Spikes Relics","StSLib","Stuff the Spire","The Blue Laboratory","The Bug Knight","The Forsaken","The Gatherer","The Judge","The Jungle","The Marked","The Runesmith","The Servant 0.9.4","Uncapped"],"gold_per_floor":[118,118,137,151,162,188,188,201,201,201,219,249,11,26,26,105,105,125,125,125],"floor_reached":19,"language":"ENG","playtime":764,"items_purged":[],"score":317,"play_id":"78d2ba38-7472-4b08-a95a-395fd183e713","local_time":"20210213144021","is_ascension_mode":true,"campfire_choices":[{"data":"conspire:Purge","floor":7,"key":"SMITH"},{"floor":10,"key":"REST"},{"floor":15,"key":"REST"}],"circlet_count":0,"master_deck":["AscendersBane","Defend_R","Defend_R","Bash+1","conspire:Purge+1","Anger","Armaments","Ghostly Armor","StuffTheSpire:Slingshot","Feel No Pain","conspire:Charge","Sentinel","Demon Form","True Grit"],"relics":["Burning Blood","The Courier","Sundial","Runesmith:AutoHammer","StuffTheSpire:Rhapsscallions","energizedSpire:NeverEndingSparkler"],"acts_visited":["Exordium","TheCity"],"potions_floor_usage":[8,16,16],"damage_taken":[{"damage":13,"enemies":"Jaw Worm","floor":1,"turns":5},{"damage":6,"enemies":"Cultist","floor":3,"turns":4},{"damage":10,"enemies":"Small Slimes","floor":4,"turns":4},{"damage":10,"enemies":"Looter","floor":5,"turns":4},{"damage":20,"enemies":"Lagavulin","floor":6,"turns":7},{"damage":13,"enemies":"Blue Slaver","floor":8,"turns":3},{"damage":10,"enemies":"3 Louse","floor":11,"turns":4},{"damage":27,"enemies":"HollowMod:MossKnight","floor":12,"turns":7},{"damage":30,"enemies":"Exordium Thugs","floor":14,"turns":4},{"damage":46,"enemies":"Fading Forest","floor":16,"turns":11},{"damage":25,"enemies":"Spheric Guardian","floor":18,"turns":6},{"damage":0,"enemies":"3 Byrds","floor":19,"turns":1}],"seed_played":"4896711024293458920","potions_obtained":[{"floor":4,"key":"blueLaboratory:AbyssPotion"},{"floor":8,"key":"Fruit Juice"},{"floor":14,"key":"blueLaboratory:RememoryPotion"},{"floor":16,"key":"SpeedPotion"},{"floor":18,"key":"EssenceOfSteel"}],"is_trial":false,"path_per_floor":["M","?","M","M","M","E","R","M","T","R","M","E","$","M","R","B",null,"M","M"],"character_chosen":"IRONCLAD","items_purchased":["StuffTheSpire:Rhapsscallions","Dexterity Potion"],"campfire_rested":2,"item_purchase_floors":[13,13],"current_hp_per_floor":[61,61,61,57,53,39,39,37,37,61,57,36,40,16,41,25,69,50,50,50],"gold":125,"neow_bonus":"ONE_RANDOM_RARE_CARD","is_daily":false,"chose_seed":false,"campfire_upgraded":1,"win_rate":0.0,"timestamp":1613223621,"path_taken":["M","?","M","M","M","E","R","?","T","R","M","E","$","M","R","BOSS","M","M"],"items_purchased_type":["Relic","Potion"],"build_version":"2020-12-22","purchased_purges":0,"victory":false,"max_hp_per_floor":[75,75,75,75,75,75,75,80,80,80,80,80,84,84,84,84,84,84,84,84],"relic_stats":{"counters":[12,60],"Sundial":[6],"obtain_stats":[{"Sundial":9,"StuffTheSpire:Rhapsscallions":13,"energizedSpire:NeverEndingSparkler":17,"The Courier":6,"Runesmith:AutoHammer":12,"Burning Blood":0},{"Sundial":6,"StuffTheSpire:Rhapsscallions":8,"energizedSpire:NeverEndingSparkler":10,"The Courier":5,"Runesmith:AutoHammer":8,"Burning Blood":0},{"Sundial":27,"StuffTheSpire:Rhapsscallions":38,"energizedSpire:NeverEndingSparkler":53,"The Courier":24,"Runesmith:AutoHammer":38,"Burning Blood":0}],"Burning Blood":66},"card_choices":[{"not_picked":["Headbutt","Hemokinesis"],"picked":"Anger","floor":1},{"not_picked":["Defy Death","StuffTheSpire:Resist"],"picked":"Armaments","floor":3},{"not_picked":["Body Slam","Armaments"],"picked":"Ghostly Armor","floor":4},{"not_picked":["Iron Wave","Clash","Massacre"],"picked":"SKIP","floor":5},{"not_picked":["Havoc","Bloodletting"],"picked":"StuffTheSpire:Slingshot","floor":6},{"not_picked":["Invigoration","Dual Wield"],"picked":"Feel No Pain","floor":8},{"not_picked":["Iron Wave","Defy Death"],"picked":"conspire:Charge","floor":11},{"not_picked":["conspire:HitWhereItHurts","Body Slam"],"picked":"Sentinel","floor":12},{"not_picked":["Reckless Charge","Flex","Iron Wave"],"picked":"SKIP","floor":14},{"not_picked":["Immolate","conspire:HitWhereItHurts"],"picked":"Demon Form","floor":16},{"not_picked":["Anger","Wild Strike"],"picked":"True Grit","floor":18}],"player_experience":2029245,"relics_obtained":[{"floor":6,"key":"The Courier"},{"floor":9,"key":"Sundial"},{"floor":12,"key":"Runesmith:AutoHammer"}],"event_choices":[{"damage_healed":0,"gold_gain":0,"player_choice":"Upgraded","damage_taken":0,"max_hp_gain":0,"max_hp_loss":0,"event_name":"Upgrade Shrine","floor":2,"gold_loss":0,"cards_upgraded":["Bash"]}],"is_beta":false,"boss_relics":[{"not_picked":["theForsaken:PaleLantern","Electric Blood"],"picked":"energizedSpire:NeverEndingSparkler"}],"items_purged_floors":[],"is_endless":false,"potions_floor_spawned":[4,8,14,16,18],"killed_by":"3 Byrds","ascension_level":15}}