{"host":"8rgpnls124hwjv5t","time":1613177512,"event":{"mods":["BaseMod","Colored Map","Colored Powertips","DeckTracker","Highlight Path","Minty Spire (QoL Compilation)","Permanent Neow","Quick Restart","Relic Stats","Shop Mod","StSLib"],"gold_per_floor":[114,125,139,159,169,169,194,194,218,246,312,336,353,73,73,146,146,163,174,190,207,257,257,257],"floor_reached":23,"language":"ENG","playtime":1032,"items_purged":["Strike_G"],"score":410,"play_id":"dde6b0c1-54b4-4c02-9fe9-1bbdea6426cd","local_time":"20210212195152","is_ascension_mode":true,"campfire_choices":[{"floor":6,"key":"REST"},{"floor":8,"key":"REST"},{"floor":15,"key":"REST"}],"circlet_count":0,"master_deck":["AscendersBane","Strike_G","Strike_G","Strike_G","Strike_G","Defend_G","Defend_G","Defend_G","Defend_G","Defend_G","Survivor","Neutralize","Dagger Throw","Noxious Fumes","Dagger Spray","Terror","Choke","Endless Agony","Dash","Blade Dance","Footwork","Venomology","Dash","Escape Plan","Slice+1","Backstab"],"relics":["WristBlade","HornCleat","Boot","Juzu Bracelet","Bronze Scales","Medical Kit","SacredBark"],"acts_visited":["Exordium","TheCity"],"potions_floor_usage":[7,7,19,20,21,21,23,23],"damage_taken":[{"damage":2,"enemies":"Jaw Worm","floor":1,"turns":4},{"damage":6,"enemies":"2 Louse","floor":2,"turns":3},{"damage":14,"enemies":"Small Slimes","floor":3,"turns":4},{"damage":5,"enemies":"Looter","floor":4,"turns":4},{"damage":5,"enemies":"Gremlin Gang","floor":5,"turns":3},{"damage":24,"enemies":"Gremlin Nob","floor":7,"turns":4},{"damage":12,"enemies":"Lagavulin","floor":10,"turns":6},{"damage":8,"enemies":"Exordium Thugs","floor":13,"turns":3},{"damage":23,"enemies":"Hexaghost","floor":16,"turns":9},{"damage":18,"enemies":"Chosen","floor":18,"turns":4},{"damage":20,"enemies":"2 Thieves","floor":19,"turns":3},{"damage":0,"enemies":"3 Cultists","floor":20,"turns":3},{"damage":0,"enemies":"Shelled Parasite and Fungi","floor":21,"turns":3},{"damage":20,"enemies":"Book of Stabbing","floor":23,"turns":4}],"seed_played":"-4331070869511743438","potions_obtained":[{"floor":2,"key":"FearPotion"},{"floor":4,"key":"BlessingOfTheForge"},{"floor":16,"key":"Poison Potion"},{"floor":19,"key":"DistilledChaos"},{"floor":21,"key":"FearPotion"}],"is_trial":false,"path_per_floor":["M","M","M","M","M","R","E","R","T","E","?","T","M","$","R","B",null,"M","M","M","M","?","E"],"character_chosen":"THE_SILENT","items_purchased":["Medical Kit","Footwork"],"campfire_rested":3,"item_purchase_floors":[14,14],"current_hp_per_floor":[57,51,37,32,27,46,22,41,41,29,29,29,21,21,40,17,54,36,16,16,16,16,0,0],"gold":257,"neow_bonus":"BOSS_RELIC","is_daily":false,"chose_seed":false,"campfire_upgraded":0,"win_rate":0.0,"timestamp":1613177512,"path_taken":["M","M","M","M","M","R","E","R","T","E","?","?","M","$","R","BOSS","M","M","M","M","?","E"],"items_purchased_type":["Relic","Card"],"build_version":"2020-12-22","purchased_purges":1,"victory":false,"max_hp_per_floor":[66,66,66,66,66,66,66,66,66,66,66,66,66,66,66,66,66,66,66,66,66,66,66,66],"relic_stats":{"counters":[14,57],"Bronze Scales":[104],"Juzu Bracelet":0,"Boot":[14],"Medical Kit":[3],"obtain_stats":[{"HornCleat":7,"WristBlade":0,"Bronze Scales":12,"SacredBark":17,"Juzu Bracelet":10,"Boot":9,"Medical Kit":14,"Ring of the Snake":0},{"HornCleat":6,"WristBlade":0,"Bronze Scales":7,"SacredBark":9,"Juzu Bracelet":7,"Boot":6,"Medical Kit":8,"Ring of the Snake":0},{"HornCleat":22,"WristBlade":0,"Bronze Scales":28,"SacredBark":40,"Juzu Bracelet":28,"Boot":22,"Medical Kit":31,"Ring of the Snake":0}]},"card_choices":[{"not_picked":["PiercingWail","Eviscerate"],"picked":"Dagger Throw","floor":1},{"not_picked":["Poisoned Stab","Catalyst"],"picked":"Noxious Fumes","floor":2},{"not_picked":["Poisoned Stab","Calculated Gamble"],"picked":"Dagger Spray","floor":3},{"not_picked":["Sucker Punch","Quick Slash"],"picked":"Terror","floor":4},{"not_picked":["Dagger Throw","Prepared"],"picked":"Choke","floor":5},{"not_picked":["Dagger Throw","A Thousand Cuts"],"picked":"Endless Agony","floor":7},{"not_picked":["Masterful Stab","Poisoned Stab"],"picked":"Dash","floor":10},{"not_picked":["Backflip","Sucker Punch"],"picked":"Blade Dance","floor":13},{"not_picked":["Wraith Form v2","Envenom"],"picked":"Venomology","floor":16},{"not_picked":["Deadly Poison+1","Flying Knee"],"picked":"Dash","floor":18},{"not_picked":["Riddle With Holes","Poisoned Stab"],"picked":"Escape Plan","floor":19},{"not_picked":["Choke","Predator"],"picked":"Slice+1","floor":20},{"not_picked":["Deflect","Well Laid Plans"],"picked":"Backstab","floor":21}],"player_experience":600714,"relics_obtained":[{"floor":7,"key":"HornCleat"},{"floor":9,"key":"Boot"},{"floor":10,"key":"Juzu Bracelet"},{"floor":12,"key":"Bronze Scales"}],"event_choices":[{"damage_healed":0,"gold_gain":66,"player_choice":"Gained Gold","damage_taken":0,"max_hp_gain":0,"max_hp_loss":0,"event_name":"Golden Wing","floor":11,"gold_loss":0},{"damage_healed":0,"gold_gain":50,"player_choice":"Stole From Cult","damage_taken":0,"max_hp_gain":0,"max_hp_loss":0,"event_name":"Nest","floor":22,"gold_loss":0}],"is_beta":false,"boss_relics":[{"not_picked":["Fusion Hammer","Snecko Eye"],"picked":"SacredBark"}],"items_purged_floors":[14],"is_endless":false,"potions_floor_spawned":[2,4,16,19,21],"killed_by":"Book of Stabbing","ascension_level":20}}