{"host":"b6kqr6ulwax9qd8q","time":1613182792,"event":{"mods":["BaseMod","Minty Spire (QoL Compilation)"],"gold_per_floor":[113,126,140,140,158,186,186,221,246,296,154,154,171,28,28,129,129,148,161,180,200,200,200],"floor_reached":22,"language":"ENG","playtime":1460,"items_purged":[],"score":287,"play_id":"7e235b9e-b1ba-4c85-ac29-5ec0a0daf81b","local_time":"20210212211952","is_ascension_mode":true,"campfire_choices":[{"data":"Sucker Punch","floor":7,"key":"SMITH"},{"floor":12,"key":"REST"},{"floor":15,"key":"REST"}],"circlet_count":0,"master_deck":["Strike_G","Strike_G","Strike_G","Strike_G","Strike_G","Defend_G","Defend_G","Defend_G","Defend_G","Defend_G","Survivor","Neutralize","Unload","Backflip","Sucker Punch+1","Dagger Spray","Backflip","Bouncing Flask","After Image","Noxious Fumes","Crippling Poison","Caltrops"],"relics":["Ring of the Snake","WingedGreaves","Ancient Tea Set","Akabeko","Oddly Smooth Stone","SlaversCollar"],"acts_visited":["Exordium","TheCity"],"potions_floor_usage":[6,8,18,20,21,22,22],"damage_taken":[{"damage":0,"enemies":"Small Slimes","floor":1,"turns":4},{"damage":2,"enemies":"Jaw Worm","floor":2,"turns":4},{"damage":0,"enemies":"2 Louse","floor":3,"turns":2},{"damage":4,"enemies":"Blue Slaver","floor":5,"turns":4},{"damage":17,"enemies":"Gremlin Nob","floor":6,"turns":5},{"damage":21,"enemies":"3 Sentries","floor":8,"turns":7},{"damage":1,"enemies":"2 Fungi Beasts","floor":13,"turns":2},{"damage":17,"enemies":"The Guardian","floor":16,"turns":10},{"damage":1,"enemies":"Chosen","floor":18,"turns":6},{"damage":14,"enemies":"Spheric Guardian","floor":19,"turns":6},{"damage":14,"enemies":"Snake Plant","floor":20,"turns":6},{"damage":32,"enemies":"3 Cultists","floor":21,"turns":5},{"damage":9,"enemies":"Shelled Parasite and Fungi","floor":22,"turns":3}],"seed_played":"-2949238800885811770","potions_obtained":[{"floor":2,"key":"Block Potion"},{"floor":6,"key":"Swift Potion"},{"floor":8,"key":"Regen Potion"},{"floor":13,"key":"Block Potion"},{"floor":19,"key":"SpeedPotion"},{"floor":20,"key":"PowerPotion"}],"is_trial":false,"path_per_floor":["M","M","M","$","M","E","R","E","T","?","$","R","M","$","R","B",null,"M","M","M","M","M"],"character_chosen":"THE_SILENT","items_purchased":["Bouncing Flask","GhostInAJar","Oddly Smooth Stone"],"campfire_rested":2,"item_purchase_floors":[11,11,14],"current_hp_per_floor":[63,61,61,61,57,40,40,19,19,19,19,37,36,36,54,37,57,56,42,28,5,0,0],"gold":200,"neow_bonus":"THREE_RARE_CARDS","is_daily":false,"chose_seed":false,"campfire_upgraded":1,"win_rate":0.0,"timestamp":1613182792,"path_taken":["M","M","M","$","M","E","R","E","T","?","?","R","M","?","R","BOSS","M","M","M","M","M"],"items_purchased_type":["Card","Potion","Relic"],"build_version":"2020-12-22","purchased_purges":0,"victory":false,"max_hp_per_floor":[63,63,63,63,63,63,63,63,63,63,63,63,63,63,63,63,63,63,63,63,63,63,63],"card_choices":[{"not_picked":["Phantasmal Killer","Night Terror"],"picked":"Unload","floor":0},{"not_picked":["Distraction","Poisoned Stab"],"picked":"Backflip","floor":1},{"not_picked":["Endless Agony","Acrobatics"],"picked":"Sucker Punch","floor":2},{"not_picked":["Deflect","Bane","Dodge and Roll"],"picked":"SKIP","floor":3},{"not_picked":["Deflect","Concentrate"],"picked":"Dagger Spray","floor":5},{"not_picked":["Dagger Throw","Bullet Time","Dash"],"picked":"SKIP","floor":6},{"not_picked":["Prepared","Predator"],"picked":"Backflip","floor":8},{"not_picked":["Slice","Deadly Poison","Prepared"],"picked":"SKIP","floor":13},{"not_picked":["Glass Knife","Grand Finale"],"picked":"After Image","floor":16},{"not_picked":["Poisoned Stab","Acrobatics","Sucker Punch"],"picked":"SKIP","floor":18},{"not_picked":["Expertise","Dash"],"picked":"Noxious Fumes","floor":19},{"not_picked":["Backflip","Cloak And Dagger+1"],"picked":"Crippling Poison","floor":20},{"not_picked":["Finisher","Concentrate+1"],"picked":"Caltrops","floor":21}],"player_experience":575227,"relics_obtained":[{"floor":6,"key":"WingedGreaves"},{"floor":8,"key":"Ancient Tea Set"},{"floor":9,"key":"Akabeko"}],"event_choices":[{"damage_healed":0,"gold_gain":50,"player_choice":"Gained Gold","damage_taken":0,"max_hp_gain":0,"max_hp_loss":0,"event_name":"Golden Wing","floor":10,"gold_loss":0}],"is_beta":false,"boss_relics":[{"not_picked":["Tiny House","Snecko Eye"],"picked":"SlaversCollar"}],"items_purged_floors":[],"is_endless":false,"potions_floor_spawned":[2,6,8,13,19,20],"killed_by":"Shelled Parasite and Fungi","ascension_level":9}}