{"host":"7iv10lxbxedtd0qh","time":1613252035,"event":{"mods":["100% Spire Juice","Act Like it!","BaseMod","Bestiary","CapriCore","Colored Map","Colored Powertips","Downfall","Minty Spire (QoL Compilation)","Spire Arcade","StSLib","The Alterego","The Immortal","The Marked","TheVacant"],"gold_per_floor":[112,131,143,143,159,159,159,182,182,182,206,221,262,281,281,401,401,419,419,619,639,263,263,298,313,313,313,334,359,108,132,132,256,256,274,288,309,309,309,342,342,342,342,357,357,400,400,414,414,414],"floor_reached":51,"language":"ENG","playtime":3256,"items_purged":["Pain","theVacant:VacantStarterStrike"],"score":833,"play_id":"a0f20fc4-4824-4a0f-8c83-60905a789596","local_time":"20210213223355","is_ascension_mode":false,"campfire_choices":[{"data":"theVacant:CleanseSoul","floor":7.0,"key":"SMITH"},{"data":"theVacant:BurdenBreak","floor":10.0,"key":"SMITH"},{"data":"theVacant:ShutAway","floor":15.0,"key":"SMITH"},{"data":"theVacant:Voidstone","floor":23.0,"key":"SMITH"},{"floor":27.0,"key":"DIG"},{"floor":32.0,"key":"DIG"},{"data":"theVacant:ShutAway","floor":42,"key":"SMITH"},{"floor":45,"key":"DIG"},{"floor":47,"key":"DIG"},{"data":"theVacant:ShutAway","floor":49,"key":"SMITH"}],"circlet_count":0,"master_deck":["theVacant:VacantStarterStrike+1","theVacant:VacantStarterStrike+1","theVacant:VacantStarterStrike+1","theVacant:VacantStarterDefend+1","theVacant:VacantStarterDefend+1","theVacant:VacantStarterDefend+1","theVacant:VacantStarterDefend+1","theVacant:Release+1","theVacant:Crunch+1","theVacant:CleanseSoul+1","theVacant:EyePoke+1","theVacant:BurdenBreak+1","Injury","theVacant:Voidstone+1","theVacant:Whip+1","theVacant:Dig+1","theVacant:ShutAway+1","theVacant:ShriekingBlast+1","theVacant:Whip+1","theVacant:VoidForm+1","theVacant:SpiritOrb+1","Shame","theVacant:ShriekingBlast+1","theVacant:Expand+1","theVacant:Spinshield+1","theVacant:Dig+1","theVacant:TheAnvil+1","theVacant:Expand+1","theVacant:Sneeze+1","theVacant:Gloom+1","theVacant:Reconnect+1","Deep Breath+1","theVacant:ShutAway+1","theVacant:EmptyShield+1","theVacant:ShutAway+1","theVacant:ShutAway+1"],"relics":["theVacant:BrassGoblet","Golden Idol","WarpedTongs","Pear","Regal Pillow","Coffee Dripper","Kunai","Shovel","Bag of Preparation","Prayer Wheel","hexamod:CandleOfCauterizing","DollysMirror","Potion Belt","Sozu","Mark of the Bloom","Incense Burner","Meat on the Bone","Calipers","War Paint","Pen Nib","HornCleat"],"acts_visited":["Exordium","TheCity","TheBeyond"],"potions_floor_usage":[44,50,50],"damage_taken":[{"damage":0.0,"enemies":"Small Slimes","floor":1.0,"turns":4.0},{"damage":0.0,"enemies":"2 Louse","floor":2.0,"turns":3.0},{"damage":0.0,"enemies":"Cultist","floor":3.0,"turns":3.0},{"damage":4.0,"enemies":"Blue Slaver","floor":5.0,"turns":4.0},{"damage":17.0,"enemies":"Lots of Slimes","floor":8.0,"turns":6.0},{"damage":9.0,"enemies":"Exordium Thugs","floor":11.0,"turns":5.0},{"damage":5.0,"enemies":"Blue Slaver","floor":12.0,"turns":4.0},{"damage":2.0,"enemies":"Lagavulin","floor":13.0,"turns":7.0},{"damage":4.0,"enemies":"Exordium Wildlife","floor":14.0,"turns":3.0},{"damage":37.0,"enemies":"The Guardian","floor":16.0,"turns":10.0},{"damage":9.0,"enemies":"Spheric Guardian","floor":18.0,"turns":4.0},{"damage":10.0,"enemies":"Chosen","floor":21.0,"turns":6.0},{"damage":22.0,"enemies":"Book of Stabbing","floor":24.0,"turns":8.0},{"damage":12.0,"enemies":"Snecko","floor":25.0,"turns":8.0},{"damage":0.0,"enemies":"Snake Plant","floor":28.0,"turns":5.0},{"damage":1.0,"enemies":"Centurion and Healer","floor":29.0,"turns":4.0},{"damage":12.0,"enemies":"Cultist and Chosen","floor":31.0,"turns":3.0},{"damage":14.0,"enemies":"Champ","floor":33.0,"turns":8.0},{"damage":12.0,"enemies":"3 Darklings","floor":35.0,"turns":5.0},{"damage":0.0,"enemies":"3 Shapes","floor":36.0,"turns":2.0},{"damage":30,"enemies":"Sphere and 2 Shapes","floor":37,"turns":6},{"damage":34,"enemies":"Reptomancer","floor":40,"turns":6},{"damage":6,"enemies":"Spire Growth","floor":44,"turns":3},{"damage":0,"enemies":"Giant Head","floor":46,"turns":9},{"damage":0,"enemies":"Writhing Mass","floor":48,"turns":4},{"damage":21,"enemies":"Donu and Deca","floor":50,"turns":9}],"seed_played":"4740716279580292729","potions_obtained":[{"floor":1.0,"key":"GamblersBrew"},{"floor":3.0,"key":"DuplicationPotion"},{"floor":8.0,"key":"Block Potion"},{"floor":13.0,"key":"BlessingOfTheForge"},{"floor":18.0,"key":"FearPotion"},{"floor":25.0,"key":"FearPotion"},{"floor":28.0,"key":"SpeedPotion"},{"floor":33.0,"key":"SpeedPotion"}],"is_trial":false,"path_per_floor":["M","M","M","?","M","?","R","M","T","R","M","M","E","M","R","B",null,"M","?","?","M","$","R","E","M","T","R","M","M","$","M","R","B",null,"M","M","M","?","?","E","T","R","T","M","R","E","R","M","R","B",null],"character_chosen":"THE_VACANT","items_purchased":["Shovel","DollysMirror"],"campfire_rested":0,"item_purchase_floors":[22,30],"current_hp_per_floor":[88,88,88,88,84,84,84,67,77,77,68,63,61,57,57,20,98,89,89,89,79,79,79,57,45,45,45,45,44,44,34,34,23,103,94,94,67,67,67,33,33,33,33,27,27,27,27,27,27,6],"gold":414,"neow_bonus":"TEN_PERCENT_HP_BONUS","is_daily":false,"chose_seed":false,"campfire_upgraded":6,"win_rate":0.0,"timestamp":1613252035,"path_taken":["M","M","M","?","M","?","R","M","T","R","M","M","E","M","R","BOSS","M","?","?","M","$","R","E","M","T","R","M","M","$","M","R","BOSS","M","?","M","?","?","E","?","R","T","M","R","E","R","M","R","BOSS"],"items_purchased_type":["Relic","Relic"],"build_version":"2020-12-22","purchased_purges":2,"victory":true,"max_hp_per_floor":[88,88,88,88,88,88,88,88,98,98,98,98,98,98,98,98,98,98,98,98,98,98,98,98,98,98,98,98,98,98,100,100,103,103,106,106,109,109,109,112,112,112,112,112,112,112,112,112,112,115],"card_choices":[{"not_picked":["theVacant:Acceptance","theVacant:Recover"],"picked":"theVacant:CleanseSoul","floor":1.0},{"not_picked":["theVacant:BrassMagnet","theVacant:ShutAway"],"picked":"theVacant:EyePoke","floor":2.0},{"not_picked":["theVacant:GraveDigger","theVacant:ShutAway"],"picked":"theVacant:BurdenBreak","floor":3.0},{"not_picked":["theVacant:ShriekingBlast","theVacant:Return"],"picked":"theVacant:Voidstone","floor":5.0},{"not_picked":["theVacant:Dig","theVacant:Anguish"],"picked":"theVacant:Whip","floor":8.0},{"not_picked":["theVacant:HolyWater","theVacant:Cower"],"picked":"theVacant:Dig","floor":11.0},{"not_picked":["theVacant:EyePoke","theVacant:CleanseSoul"],"picked":"theVacant:ShutAway","floor":12.0},{"not_picked":["theVacant:Jab","theVacant:LashOut"],"picked":"theVacant:ShriekingBlast","floor":13.0},{"not_picked":["theVacant:LichStrike","theVacant:OnSecondThought"],"picked":"theVacant:Whip","floor":14.0},{"not_picked":["theVacant:DimensionTear","theVacant:Prevent"],"picked":"theVacant:VoidForm","floor":16.0},{"not_picked":["theVacant:Whip","theVacant:Jab"],"picked":"theVacant:SpiritOrb","floor":18.0},{"not_picked":["theVacant:Soothe","theVacant:Sneeze","theVacant:Barrage"],"picked":"SKIP","floor":21.0},{"not_picked":["theVacant:BrassMagnet","theVacant:CleanseSoul"],"picked":"theVacant:ShriekingBlast+1","floor":24.0},{"not_picked":["theVacant:Husk","theVacant:PitOfDespair","theVacant:ShriekingBlast"],"picked":"SKIP","floor":25.0},{"not_picked":["theVacant:FranticBlow","theVacant:CursedBlast","theVacant:Threat"],"picked":"SKIP","floor":28.0},{"not_picked":["theVacant:GraveWave","theVacant:Acceptance","theVacant:Snowball+1"],"picked":"SKIP","floor":28.0},{"not_picked":["theVacant:EyePoke+1","theVacant:Enrage"],"picked":"theVacant:Expand","floor":29.0},{"not_picked":["theVacant:Carve","theVacant:ShutAway+1"],"picked":"theVacant:Spinshield","floor":29.0},{"not_picked":["theVacant:Barrage+1","theVacant:LashOut","theVacant:EmptyShield"],"picked":"SKIP","floor":31.0},{"not_picked":["theVacant:CleanseSoul","theVacant:Yeet","theVacant:Prevent"],"picked":"SKIP","floor":31.0},{"not_picked":["theVacant:DimensionTear","theVacant:DarkStrike"],"picked":"theVacant:TheAnvil","floor":33.0},{"not_picked":["theVacant:Acceptance","theVacant:FranticBlow"],"picked":"theVacant:Expand+1","floor":35.0},{"not_picked":["theVacant:Fling","theVacant:Soothe+1","theVacant:GraveDigger+1"],"picked":"SKIP","floor":35.0},{"not_picked":["theVacant:TimeSkip","theVacant:Soothe+1"],"picked":"theVacant:Sneeze","floor":36},{"not_picked":["theVacant:Snowball","theVacant:GraveDigger+1"],"picked":"theVacant:Gloom","floor":36},{"not_picked":["theVacant:Acceptance","theVacant:Soothe+1"],"picked":"theVacant:Reconnect+1","floor":37},{"not_picked":["theVacant:Cower","theVacant:FranticBlow+1","theVacant:Enrage"],"picked":"SKIP","floor":37},{"not_picked":["Panacea","Flash of Steel"],"picked":"Deep Breath","floor":38},{"not_picked":["theVacant:Spinshield+1","theVacant:Barrage"],"picked":"theVacant:ShutAway","floor":40},{"not_picked":["theVacant:Jab+1","theVacant:EmbraceDarkness"],"picked":"theVacant:EmptyShield+1","floor":44},{"not_picked":["theVacant:Immaterialize+1","theVacant:Cower","theVacant:EyePoke"],"picked":"SKIP","floor":44},{"not_picked":["theVacant:Whip+1","theVacant:Cower+1","theVacant:MindBreak"],"picked":"SKIP","floor":46},{"not_picked":["theVacant:Yeet+1","theVacant:Jab+1"],"picked":"theVacant:ShutAway","floor":48},{"not_picked":["theVacant:CursedBlast","theVacant:ReaperStrike"],"picked":"theVacant:ShutAway+1","floor":48}],"player_experience":848576,"relics_obtained":[{"floor":9.0,"key":"Pear"},{"floor":13.0,"key":"Regal Pillow"},{"floor":24.0,"key":"Bag of Preparation"},{"floor":26.0,"key":"Prayer Wheel"},{"floor":27.0,"key":"hexamod:CandleOfCauterizing"},{"floor":32.0,"key":"Potion Belt"},{"floor":40,"key":"Incense Burner"},{"floor":41,"key":"Meat on the Bone"},{"floor":43,"key":"Calipers"},{"floor":45,"key":"War Paint"},{"floor":46,"key":"Pen Nib"},{"floor":47,"key":"HornCleat"}],"event_choices":[{"damage_healed":0.0,"max_hp_gain":0.0,"max_hp_loss":0.0,"gold_gain":0.0,"event_name":"Golden Idol","player_choice":"Take Wound","floor":4.0,"gold_loss":0.0,"damage_taken":0.0,"relics_obtained":["Golden Idol"],"cards_obtained":["Injury"]},{"damage_healed":0.0,"max_hp_gain":0.0,"max_hp_loss":0.0,"gold_gain":0.0,"event_name":"Accursed Blacksmith","player_choice":"Rummage","floor":6.0,"gold_loss":0.0,"damage_taken":0.0,"relics_obtained":["WarpedTongs"],"cards_obtained":["Pain"]},{"damage_healed":0.0,"max_hp_gain":0.0,"max_hp_loss":0.0,"gold_gain":0.0,"event_name":"Addict","player_choice":"Stole Relic","floor":19.0,"gold_loss":0.0,"damage_taken":0.0,"relics_obtained":["Kunai"],"cards_obtained":["Shame"]},{"damage_healed":0.0,"max_hp_gain":0.0,"max_hp_loss":0.0,"gold_gain":200.0,"event_name":"Wheel of Change","player_choice":"Gold","floor":20.0,"gold_loss":0.0,"damage_taken":0.0},{"damage_healed":0,"gold_gain":0,"player_choice":"Memory 1","damage_taken":0,"max_hp_gain":0,"max_hp_loss":0,"event_name":"SensoryStone","floor":38,"gold_loss":0},{"damage_healed":0,"gold_gain":0,"player_choice":"Upgrade","damage_taken":0,"relics_obtained":["Mark of the Bloom"],"max_hp_gain":0,"max_hp_loss":0,"event_name":"MindBloom","floor":39,"gold_loss":0,"cards_upgraded":["theVacant:VacantStarterStrike","theVacant:VacantStarterStrike","theVacant:VacantStarterStrike","theVacant:VacantStarterDefend","theVacant:VacantStarterDefend","theVacant:VacantStarterDefend","theVacant:VacantStarterDefend","theVacant:Release","theVacant:Crunch","theVacant:EyePoke","theVacant:Whip","theVacant:Dig","theVacant:ShriekingBlast","theVacant:Whip","theVacant:VoidForm","theVacant:SpiritOrb","theVacant:Expand","theVacant:Spinshield","theVacant:Dig","theVacant:TheAnvil","theVacant:Sneeze","theVacant:Gloom","Deep Breath"]}],"is_beta":false,"boss_relics":[{"not_picked":["Pandora\u0027s Box","Velvet Choker"],"picked":"Coffee Dripper"},{"not_picked":["Snecko Eye","Astrolabe"],"picked":"Sozu"}],"items_purged_floors":[22,30],"is_endless":false,"potions_floor_spawned":[1,3,8,13,18,25,28,33,35,37],"ascension_level":0}}