{"host":"91blwi3hgehj6ch9","time":1613217094,"event":{"mods":["2.2 Compatiblity","AchievementEnabler","BaseMod","Colored Map","DeckTracker","Keyboard Shortcuts","Minty Spire (QoL Compilation)","Permanent Neow","Quick Restart","StSLib","SuperFastMode","everything is the same but u backflip on backflip"],"gold_per_floor":[119,119,130,146,46,46,46,46,46,46,90,111,111,139,139,220,274,291,291,291,63,63,63,80,100,100,127,127,17,38,60,60,142,142,164,39,53,69,148,186,186,36,36,85,97,97,109,109,109,109,109,109,59,93,93],"floor_reached":56,"language":"KOR","playtime":3534,"items_purged":["Strike_G","Expertise","Dagger Spray","Glass Knife+1","Poisoned Stab+1"],"score":2175,"play_id":"15ea67ea-ad7f-419c-85f2-32dc2e2f1385","local_time":"20210213205134","is_ascension_mode":true,"campfire_choices":[{"data":"Acrobatics","floor":6.0,"key":"SMITH"},{"data":"Poisoned Stab","floor":8.0,"key":"SMITH"},{"data":"Neutralize","floor":10.0,"key":"SMITH"},{"floor":15.0,"key":"REST"},{"data":"Concentrate","floor":23.0,"key":"SMITH"},{"data":"Reflex","floor":28.0,"key":"SMITH"},{"data":"Acrobatics","floor":32.0,"key":"SMITH"},{"data":"Prepared","floor":46.0,"key":"SMITH"},{"floor":49.0,"key":"RECALL"},{"data":"Tactician","floor":52.0,"key":"SMITH"}],"circlet_count":0,"master_deck":["AscendersBane","Survivor","Neutralize+1","Backflip+1","Acrobatics+1","Footwork","Underhanded Strike","Reflex+1","After Image","Heel Hook+1","Wraith Form v2","Concentrate+1","Acrobatics+1","Ghostly","Ghostly","Ghostly","Acrobatics","Finisher","A Thousand Cuts","Tactician+1","Prepared+1"],"relics":["Ring of the Snake","HornCleat","CeramicFish","Pandora\u0027s Box","Black Star","Gremlin Horn","Orichalcum","Whetstone","Smiling Mask","Turnip","Paper Crane","Mercury Hourglass"],"acts_visited":["Exordium","TheCity","TheBeyond","TheEnding"],"potions_floor_usage":[55],"damage_taken":[{"damage":13.0,"enemies":"Cultist","floor":1.0,"turns":5.0},{"damage":2.0,"enemies":"2 Louse","floor":3.0,"turns":3.0},{"damage":0.0,"enemies":"Small Slimes","floor":4.0,"turns":5.0},{"damage":15.0,"enemies":"Lagavulin","floor":11.0,"turns":5.0},{"damage":4.0,"enemies":"Looter","floor":12.0,"turns":4.0},{"damage":0.0,"enemies":"2 Fungi Beasts","floor":14.0,"turns":4.0},{"damage":17.0,"enemies":"Hexaghost","floor":16.0,"turns":12.0},{"damage":9.0,"enemies":"3 Byrds","floor":18.0,"turns":6.0},{"damage":0.0,"enemies":"2 Thieves","floor":24.0,"turns":4.0},{"damage":5.0,"enemies":"Chosen and Byrds","floor":25.0,"turns":6.0},{"damage":0.0,"enemies":"3 Cultists","floor":30.0,"turns":4.0},{"damage":0.0,"enemies":"Centurion and Healer","floor":31.0,"turns":4.0},{"damage":0.0,"enemies":"Automaton","floor":33.0,"turns":3.0},{"damage":0.0,"enemies":"3 Darklings","floor":35.0,"turns":6.0},{"damage":2.0,"enemies":"3 Shapes","floor":37.0,"turns":4.0},{"damage":0.0,"enemies":"Jaw Worm Horde","floor":38.0,"turns":4.0},{"damage":5.0,"enemies":"Reptomancer","floor":40.0,"turns":5.0},{"damage":0.0,"enemies":"2 Orb Walkers","floor":44.0,"turns":3.0},{"damage":4.0,"enemies":"Sphere and 2 Shapes","floor":45.0,"turns":6.0},{"damage":0.0,"enemies":"Spire Growth","floor":47.0,"turns":2.0},{"damage":6.0,"enemies":"Donu and Deca","floor":50.0,"turns":5.0},{"damage":0.0,"enemies":"Shield and Spear","floor":54.0,"turns":1.0},{"damage":0,"enemies":"The Heart","floor":55,"turns":3}],"seed_played":"-3024937366454955732","potions_obtained":[{"floor":1.0,"key":"DuplicationPotion"},{"floor":14.0,"key":"SkillPotion"},{"floor":24.0,"key":"Block Potion"},{"floor":30.0,"key":"LiquidMemories"},{"floor":35.0,"key":"Block Potion"},{"floor":45.0,"key":"Ancient Potion"},{"floor":54.0,"key":"Dexterity Potion"}],"is_trial":false,"path_per_floor":["M","?","M","M","$","R","?","R","T","R","E","M","?","M","R","B",null,"M","?","?","$","?","R","M","M","T","?","R","?","M","M","R","B",null,"M","$","M","M","T","E","?","$","T","?","M","R","M","?","R","B",null,"R","$","E","B",null],"character_chosen":"THE_SILENT","items_purchased":["Dagger Spray","Concentrate","Acrobatics"],"campfire_rested":1,"item_purchase_floors":[5,21,21],"current_hp_per_floor":[46,51,49,49,49,49,49,49,49,49,34,30,23,23,42,25,55,46,46,46,46,28,28,28,23,23,23,23,23,23,23,23,23,32,32,32,30,30,30,25,25,25,25,25,21,21,21,21,21,15,29,29,29,29,29],"gold":93,"neow_bonus":"REMOVE_TWO","is_daily":false,"chose_seed":false,"campfire_upgraded":8,"win_rate":0.0,"timestamp":1613217094,"path_taken":["M","?","M","M","$","R","?","R","T","R","E","M","?","M","R","BOSS","M","?","?","$","?","R","M","M","T","?","R","?","M","M","R","BOSS","M","$","M","M","?","E","?","$","T","?","M","R","M","?","R","BOSS","R","$","E","BOSS"],"items_purchased_type":["Card","Card","Card"],"build_version":"2020-12-22","purchased_purges":5,"victory":true,"max_hp_per_floor":[60,65,65,65,65,65,65,65,65,65,65,65,65,65,65,65,65,65,65,65,65,70,70,70,70,70,35,35,35,35,35,35,35,35,35,35,35,35,35,35,33,33,33,33,33,33,33,33,33,33,33,33,33,33,33],"card_choices":[{"not_picked":["Leg Sweep","Terror"],"picked":"Poisoned Stab","floor":1.0},{"not_picked":["Deflect","Quick Slash"],"picked":"Backflip","floor":3.0},{"not_picked":["Sucker Punch","Crippling Poison"],"picked":"Acrobatics","floor":4.0},{"not_picked":["Dagger Spray","Outmaneuver"],"picked":"Footwork","floor":11.0},{"not_picked":["Quick Slash","Backstab"],"picked":"Underhanded Strike","floor":12.0},{"not_picked":["Underhanded Strike","Acrobatics"],"picked":"Reflex","floor":14.0},{"not_picked":["Night Terror","Glass Knife"],"picked":"After Image","floor":16.0},{"not_picked":["Cloak And Dagger","Dagger Spray","Deadly Poison"],"picked":"SKIP","floor":18.0},{"not_picked":["Predator","Backflip","Crippling Poison"],"picked":"SKIP","floor":24.0},{"not_picked":["Blade Dance","Footwork","Deadly Poison"],"picked":"SKIP","floor":25.0},{"not_picked":["Sucker Punch","Slice+1"],"picked":"Acrobatics","floor":30.0},{"not_picked":["Sucker Punch","Catalyst"],"picked":"Finisher","floor":31.0},{"not_picked":["Unload","Corpse Explosion"],"picked":"A Thousand Cuts","floor":33.0},{"not_picked":["Dagger Spray+1","Dagger Throw+1"],"picked":"Tactician","floor":35.0},{"not_picked":["Dagger Spray+1","Outmaneuver","Acrobatics"],"picked":"SKIP","floor":37.0},{"not_picked":["Setup","Acrobatics","Dagger Spray+1"],"picked":"SKIP","floor":38.0},{"not_picked":["Deflect+1","Venomology"],"picked":"Prepared","floor":40.0},{"not_picked":["Calculated Gamble","Acrobatics+1","PiercingWail"],"picked":"SKIP","floor":45.0},{"not_picked":["Deadly Poison","Dagger Spray","Concentrate"],"picked":"SKIP","floor":47.0},{"not_picked":["Glass Knife","Prepared","Infinite Blades+1"],"picked":"SKIP","floor":54.0}],"player_experience":243773,"relics_obtained":[{"floor":9.0,"key":"HornCleat"},{"floor":11.0,"key":"CeramicFish"},{"floor":39.0,"key":"Gremlin Horn"},{"floor":40.0,"key":"Orichalcum"},{"floor":40.0,"key":"Whetstone"},{"floor":43.0,"key":"Smiling Mask"},{"floor":44.0,"key":"Turnip"},{"floor":54.0,"key":"Paper Crane"},{"floor":54.0,"key":"Mercury Hourglass"}],"event_choices":[{"damage_healed":0.0,"max_hp_gain":5.0,"max_hp_loss":0.0,"gold_gain":0.0,"event_name":"Big Fish","player_choice":"Donut","floor":2.0,"gold_loss":0.0,"damage_taken":0.0},{"damage_healed":0.0,"max_hp_gain":0.0,"max_hp_loss":0.0,"gold_gain":0.0,"event_name":"Liars Game","player_choice":"Ignored","floor":7.0,"gold_loss":0.0,"damage_taken":0.0},{"cards_removed":["Strike_G"],"damage_healed":0.0,"max_hp_gain":0.0,"max_hp_loss":0.0,"gold_gain":0.0,"event_name":"Golden Wing","player_choice":"Card Removal","floor":13.0,"gold_loss":0.0,"damage_taken":7.0},{"cards_removed":["Accuracy"],"damage_healed":0.0,"max_hp_gain":0.0,"max_hp_loss":0.0,"gold_gain":0.0,"event_name":"Back to Basics","player_choice":"Elegance","floor":19.0,"gold_loss":0.0,"damage_taken":0.0},{"damage_healed":0.0,"max_hp_gain":0.0,"max_hp_loss":0.0,"gold_gain":0.0,"event_name":"Cursed Tome","player_choice":"Ignored","floor":20.0,"gold_loss":0.0,"damage_taken":0.0},{"damage_healed":0.0,"max_hp_gain":5.0,"max_hp_loss":0.0,"gold_gain":0.0,"event_name":"Forgotten Altar","player_choice":"Shed Blood","floor":22.0,"gold_loss":0.0,"damage_taken":23.0},{"damage_healed":0.0,"max_hp_gain":0.0,"max_hp_loss":35.0,"gold_gain":0.0,"event_name":"Ghosts","player_choice":"Became a Ghost","floor":27.0,"gold_loss":0.0,"damage_taken":0.0,"cards_obtained":["Ghostly","Ghostly","Ghostly"]},{"cards_removed":["Riddle With Holes"],"damage_healed":0.0,"max_hp_gain":0.0,"max_hp_loss":0.0,"gold_gain":0.0,"event_name":"Designer","player_choice":"Upgrade and Remove","floor":29.0,"gold_loss":110.0,"damage_taken":0.0,"cards_upgraded":["Backflip"]},{"damage_healed":0.0,"max_hp_gain":0.0,"max_hp_loss":2.0,"gold_gain":0.0,"event_name":"Winding Halls","player_choice":"Max HP","floor":41.0,"gold_loss":0.0,"damage_taken":0.0},{"damage_healed":0.0,"max_hp_gain":0.0,"max_hp_loss":0.0,"gold_gain":0.0,"event_name":"Mysterious Sphere","player_choice":"Fight","floor":44.0,"gold_loss":0.0,"damage_taken":0.0},{"damage_healed":0.0,"max_hp_gain":0.0,"max_hp_loss":0.0,"gold_gain":0.0,"event_name":"SensoryStone","player_choice":"Memory 1","floor":48.0,"gold_loss":0.0,"damage_taken":0.0}],"is_beta":false,"boss_relics":[{"not_picked":["Philosopher\u0027s Stone","HoveringKite"],"picked":"Pandora\u0027s Box"},{"not_picked":["Fusion Hammer","Velvet Choker"],"picked":"Black Star"}],"items_purged_floors":[5,21,36,42,53],"is_endless":false,"potions_floor_spawned":[1,14,24,30,35,45,54],"ascension_level":18}}