{"host":"5vt7i1s0igmi3yzq","time":1613189298,"event":{"mods":["AchievementEnabler","Act Like it!","Aspiration","BaseMod","Better Altar","Better Match","Better Note","Better Sensory Stone","Better Skull","Better Third Choice","Better Vampires","BetterRewards","Colored Powertips","Fox Events","GifTheSpireLib","Hermit","Highlight Path","Minty Spire (QoL Compilation)","Morshu Shopkeeper - ENHANCED","Pale of the Ancients","Permanent Neow","Rare Cards Sparkle","Replay The Spire","Reworked Bosses","Shop Mod","StSLib","Stuff the Spire","Unceasing Turn Reminder","Wandering Minibosses","everything is the same but u backflip on backflip"],"gold_per_floor":[118,138,192,192,203,203,215,215,215,249,261,261,276,303,303,414,414,459,500,575,575,617,668,252,306,355,355,429,463,518,518,579,700,700,737,774,774,844,314,356,403,463,512,582,582,55,99,137,137,145,229,288,303,349,349,509,509,68,68,178],"floor_reached":61,"language":"ENG","playtime":7355,"items_purged":["hermit:Defend_Hermit"],"score":1691,"play_id":"28c669b9-5157-4cf3-80f2-62a38d7a3dec","local_time":"20210212220818","is_ascension_mode":false,"campfire_choices":[{"data":"hermit:Vantage","floor":6,"key":"SMITH"},{"data":"Phantasmal Killer","floor":15,"key":"SMITH"},{"floor":27,"key":"RECALL"},{"data":"StuffTheSpire:PlasmaPunch","floor":45,"key":"SMITH"},{"floor":49,"key":"DIG"},{"data":"ReplayTheSpireMod:Brewmster","floor":55,"key":"SMITH"},{"data":"Metamorphosis","floor":57,"key":"SMITH"}],"circlet_count":0,"master_deck":["hermit:Strike_Hermit","hermit:Strike_Hermit","hermit:Strike_Hermit","hermit:Strike_Hermit","hermit:Defend_Hermit+1","hermit:Defend_Hermit+1","hermit:Snapshot","hermit:Covet","hermit:Dive","hermit:Gambit+1","hermit:Grudge","hermit:Determination","hermit:Vantage+1","hermit:Shortfuse","Phantasmal Killer+1","hermit:Deadeye","Setup","hermit:GoldenBullet","Glass Knife","AbeCurse","hermit:Desperado","hermit:Snipe","hermit:Maintenance+1","hermit:FullyLoaded","StuffTheSpire:PlasmaPunch+1","hermit:CalledShot","hermit:Quickdraw","hermit:Adapt+1","hermit:Enervate","hermit:Roulette+1","hermit:LuckOfTheDraw+1","hermit:LowProfile","hermit:Gambit","hermit:HighCaliber+1","hermit:Glare+1","hermit:Roulette","Metamorphosis+1","StuffTheSpire:PlasmaPulse","hermit:GoldenBullet+1","hermit:BigShot","hermit:ShadowCloak+1","hermit:Determination+1","hermit:Ricochet+1","hermit:SprayPray+1","ReplayTheSpireMod:Brewmster+1","Deep Breath","Flash of Steel","hermit:Shortfuse","StuffTheSpire:Recharge","hermit:Roulette","hermit:SprayPray","hermit:Brawl","hermit:WideOpen+1","hermit:EyeOfTheStorm+1","hermit:Vantage+1","Dark Shackles","hermit:CursedWeapon","hermit:ItchyTrigger","hermit:Feint","hermit:Horror","hermit:TakeAim"],"relics":["hermit:Momento","aspiration:Nostalgia","Replay:M_StaffOfTheSnake","Sundial","Replay:Towering Pillar of Hats","War Paint","Ring of Fangs","Ring of Searing","Replay:Bandana","Replay:Grab Bag","Abe\u0027s Treasure","ReplayTheSpireMod:Onyx Gauntlets","aspiration:PoetsPen_weak","aspiration:Lifesprig","StuffTheSpire:HeavyRock","Durian","hermit:DentedPlate","wanderingMiniBosses:AbyssPearl","Toolbox","Mercury Hourglass","StuffTheSpire:Barrel","Shuriken","Vajra","ReplayTheSpireMod:ShopPack","ReplayTheSpireMod:Ninjato","paleoftheancients:Timepiece","paleoftheancients:KeyRelic","Ice Cream","paleoftheancients:SoulOfTheIroncluck","paleoftheancients:BlurryLens","Replay:Rubber Ducky","BargainBundle","Chameleon Ring"],"acts_visited":["Exordium","TheCity","TheBeyond","TheBeyond"],"potions_floor_usage":[10,14,22,28,30,38,40,42,50,50,50,56,60],"damage_taken":[{"damage":0,"enemies":"Small Slimes","floor":1,"turns":4},{"damage":0,"enemies":"2 Louse","floor":2,"turns":5},{"damage":0,"enemies":"Cultist","floor":5,"turns":3},{"damage":10,"enemies":"Looter","floor":7,"turns":3},{"damage":8,"enemies":"Lagavulin","floor":10,"turns":5},{"damage":0,"enemies":"Red Slaver","floor":11,"turns":4},{"damage":5,"enemies":"Large Slime","floor":13,"turns":5},{"damage":8,"enemies":"Gremlin Nob","floor":14,"turns":3},{"damage":17,"enemies":"Hexaghost","floor":16,"turns":9},{"damage":16,"enemies":"Shell Parasite","floor":18,"turns":3},{"damage":16,"enemies":"Spheric Guardian","floor":19,"turns":5},{"damage":2,"enemies":"Snake Plant","floor":22,"turns":3},{"damage":5,"enemies":"3 Cultists","floor":23,"turns":3},{"damage":0,"enemies":"Chosen and Byrds","floor":25,"turns":3},{"damage":0,"enemies":"Gremlin Leader","floor":28,"turns":3},{"damage":0,"enemies":"Cultist and Chosen","floor":29,"turns":4},{"damage":20,"enemies":"Slavers","floor":30,"turns":2},{"damage":0,"enemies":"bossMod:newChamp","floor":33,"turns":5},{"damage":0,"enemies":"Orb Walker","floor":35,"turns":2},{"damage":1,"enemies":"3 Darklings","floor":36,"turns":2},{"damage":1,"enemies":"Transient","floor":38,"turns":5},{"damage":0,"enemies":"Writhing Mass","floor":40,"turns":2},{"damage":0,"enemies":"3 Darklings","floor":41,"turns":2},{"damage":9,"enemies":"Reptomancer","floor":42,"turns":5},{"damage":0,"enemies":"R_Hoarder","floor":44,"turns":3},{"damage":0,"enemies":"Transient","floor":47,"turns":5},{"damage":0,"enemies":"Jaw Worm Horde","floor":48,"turns":2},{"damage":9,"enemies":"Time Eater","floor":50,"turns":4},{"damage":0,"enemies":"Time Eater","floor":51,"turns":1},{"damage":0,"enemies":"Time Eater","floor":52,"turns":2},{"damage":0,"enemies":"paleoftheancients:BASlime1","floor":53,"turns":1},{"damage":0,"enemies":"paleoftheancients:BASlime1","floor":56,"turns":2},{"damage":3,"enemies":"paleoftheancients:N","floor":60,"turns":2}],"seed_played":"7546095339020707182","potions_obtained":[{"floor":2,"key":"hermit:Tonic"},{"floor":7,"key":"SteroidPotion"},{"floor":13,"key":"BlessingOfTheForge"},{"floor":18,"key":"Weak Potion"},{"floor":23,"key":"Toxic Potion"},{"floor":29,"key":"Toxic Potion"},{"floor":30,"key":"SpeedPotion"},{"floor":35,"key":"Block Potion"},{"floor":38,"key":"BlessingOfTheForge"},{"floor":41,"key":"hermit:Tonic"},{"floor":51,"key":"hermit:Eclipse"}],"is_trial":false,"path_per_floor":["M","M","?","?","M","R","M","?","T","E","M","?","M","E","R","B",null,"M","M","?","?","M","M","$","M","T","R","E","M","E","?","R","B",null,"M","M","?","M","$","M","M","E","T","E","R","$","M","M","R","B","M","M","M","T","R","M","R","$","?","B",null],"character_chosen":"HERMIT","items_purchased":["aspiration:Lifesprig","StuffTheSpire:PlasmaPunch","hermit:CalledShot","hermit:Quickdraw","hermit:Adapt","Toolbox","Metamorphosis","StuffTheSpire:PlasmaPulse","hermit:GoldenBullet+1","hermit:BigShot","Vajra","ReplayTheSpireMod:ShopPack","hermit:Shortfuse","StuffTheSpire:Recharge","BargainBundle","Chameleon Ring","FairyPotion","Dark Shackles","hermit:CursedWeapon","hermit:ItchyTrigger","hermit:Feint","hermit:Horror","hermit:TakeAim"],"campfire_rested":0,"item_purchase_floors":[24,24,24,24,24,39,39,39,39,39,46,46,46,46,58,58,58,58,58,58,58,58,58],"current_hp_per_floor":[75,75,75,75,75,75,65,65,65,57,57,57,52,44,44,27,75,59,43,36,44,42,37,37,37,37,37,37,37,22,22,22,22,54,54,53,53,52,52,52,52,43,43,43,43,43,43,43,43,39,79,99,109,109,109,114,114,114,114,115],"gold":178,"neow_bonus":"NOSTALGIA","is_daily":false,"chose_seed":false,"campfire_upgraded":5,"win_rate":0.0,"timestamp":1613189298,"path_taken":["M","M","?","?","?","R","M","?","T","E","?","?","M","E","R","BOSS","M","M","?","?","M","M","$","?","T","R","E","M","E","?","R","BOSS","M","M","?","M","$","M","M","E","T","E","R","$","?","M","R","BOSS","M","M","?","T","R","M","R","$","?","BOSS"],"items_purchased_type":["Relic","Card","Card","Card","Card","Relic","Card","Card","Card","Card","Relic","Relic","Card","Card","Relic","Relic","Potion","Card","Card","Card","Card","Card","Card"],"build_version":"2020-12-22","purchased_purges":1,"victory":true,"max_hp_per_floor":[75,75,75,75,75,75,75,75,75,75,75,75,75,75,75,75,75,75,75,75,75,75,75,75,75,75,75,75,75,80,80,80,80,112,112,112,112,112,112,112,112,112,112,112,112,112,112,112,112,117,117,117,117,117,117,117,117,117,117,117],"card_choices":[{"not_picked":["hermit:WideOpen","hermit:Quickdraw"],"picked":"hermit:Dive","floor":1},{"not_picked":["hermit:Ricochet","hermit:SprayPray"],"picked":"hermit:Gambit","floor":2},{"not_picked":["Crescendo","Outmaneuver"],"picked":"hermit:Grudge","floor":3},{"not_picked":["hermit:TakeAim","hermit:LoneWolf"],"picked":"hermit:Determination","floor":3},{"not_picked":["Nirvana","hermit:CursedWeapon"],"picked":"hermit:Vantage","floor":5},{"not_picked":["TalkToTheHand","hermit:Scavenge"],"picked":"hermit:Shortfuse","floor":7},{"not_picked":["hermit:Midnight","SashWhip"],"picked":"Phantasmal Killer","floor":10},{"not_picked":["TalkToTheHand","InnerPeace"],"picked":"hermit:Deadeye","floor":11},{"not_picked":["ClearTheMind","hermit:Feint"],"picked":"Setup","floor":13},{"not_picked":["hermit:TakeAim","hermit:TakeCover"],"picked":"hermit:GoldenBullet","floor":14},{"not_picked":["hermit:EternalForm","Bullet Time"],"picked":"Glass Knife","floor":16},{"not_picked":["hermit:WideOpen","hermit:Horror"],"picked":"hermit:Desperado","floor":18},{"not_picked":["hermit:Headshot","hermit:TrackingShot"],"picked":"hermit:Snipe","floor":19},{"not_picked":["hermit:FromBeyond","hermit:ItchyTrigger"],"picked":"hermit:Maintenance+1","floor":22},{"not_picked":["hermit:Misfire","hermit:Dive"],"picked":"hermit:FullyLoaded","floor":23},{"not_picked":["hermit:WideOpen","hermit:Misfire"],"picked":"hermit:Enervate","floor":25},{"not_picked":["hermit:Combo","hermit:Manifest"],"picked":"hermit:Roulette+1","floor":28},{"not_picked":["hermit:Glare","hermit:LowProfile"],"picked":"hermit:LuckOfTheDraw+1","floor":29},{"not_picked":["hermit:Midnight","hermit:Manifest"],"picked":"hermit:LowProfile","floor":30},{"not_picked":["hermit:FromBeyond","hermit:HeroicBravado"],"picked":"hermit:Gambit","floor":33},{"not_picked":["hermit:FullyLoaded","hermit:Combo+1"],"picked":"hermit:HighCaliber+1","floor":35},{"not_picked":["hermit:Vantage","hermit:Coalescence+1"],"picked":"hermit:Glare+1","floor":36},{"not_picked":["hermit:Snipe","hermit:TrackingShot+1"],"picked":"hermit:Roulette","floor":38},{"not_picked":["hermit:Quickdraw+1","hermit:Virtue"],"picked":"hermit:ShadowCloak+1","floor":40},{"not_picked":["hermit:BodyArmor+1","hermit:Coalescence"],"picked":"hermit:Determination+1","floor":41},{"not_picked":["hermit:ShadowCloak+1","hermit:Coalescence"],"picked":"hermit:Ricochet+1","floor":42},{"not_picked":["hermit:BodyArmor+1","hermit:Misfire"],"picked":"hermit:SprayPray+1","floor":44},{"not_picked":["Secret Weapon","Secret Technique"],"picked":"ReplayTheSpireMod:Brewmster","floor":46},{"not_picked":["Replay:Parry","ReplayTheSpireMod:Private Reserves"],"picked":"Deep Breath","floor":46},{"not_picked":["Trip","Violence"],"picked":"Flash of Steel","floor":46},{"not_picked":["hermit:TakeAim","hermit:BigShot"],"picked":"hermit:Roulette","floor":47},{"not_picked":["hermit:Snipe","hermit:Coalescence+1"],"picked":"hermit:SprayPray","floor":48},{"not_picked":["hermit:LowProfile+1","hermit:Combo"],"picked":"hermit:Brawl","floor":51},{"not_picked":["hermit:Misfire","hermit:Manifest"],"picked":"hermit:WideOpen+1","floor":52},{"not_picked":["hermit:Brawl","hermit:OverwhelmingPower"],"picked":"hermit:EyeOfTheStorm+1","floor":53},{"not_picked":["hermit:WideOpen","hermit:Midnight"],"picked":"hermit:Vantage+1","floor":56}],"player_experience":396378,"relics_obtained":[{"floor":3,"key":"Sundial"},{"floor":9,"key":"Replay:Towering Pillar of Hats"},{"floor":10,"key":"War Paint"},{"floor":12,"key":"Ring of Fangs"},{"floor":12,"key":"Ring of Searing"},{"floor":14,"key":"Replay:Bandana"},{"floor":28,"key":"StuffTheSpire:HeavyRock"},{"floor":30,"key":"Durian"},{"floor":38,"key":"wanderingMiniBosses:AbyssPearl"},{"floor":42,"key":"Mercury Hourglass"},{"floor":43,"key":"StuffTheSpire:Barrel"},{"floor":44,"key":"Shuriken"},{"floor":49,"key":"ReplayTheSpireMod:Ninjato"},{"floor":51,"key":"paleoftheancients:SoulOfTheIroncluck"},{"floor":52,"key":"paleoftheancients:SoulOfTheShapes"},{"floor":53,"key":"paleoftheancients:BlurryLens"},{"floor":54,"key":"Replay:Rubber Ducky"}],"event_choices":[{"cards_removed":["ReplayTheSpireMod:Splinters"],"damage_healed":0,"gold_gain":0,"player_choice":"Removed Curses","damage_taken":0,"max_hp_gain":0,"max_hp_loss":0,"event_name":"Fountain of Cleansing","floor":4,"gold_loss":0},{"damage_healed":0,"gold_gain":0,"player_choice":"Upgraded","damage_taken":0,"max_hp_gain":0,"max_hp_loss":0,"event_name":"Upgrade Shrine","floor":8,"gold_loss":0,"cards_upgraded":["hermit:Gambit"]},{"damage_healed":0,"gold_gain":75,"player_choice":"Touch","damage_taken":7,"max_hp_gain":0,"max_hp_loss":0,"event_name":"FaceTrader","floor":20,"gold_loss":0},{"damage_healed":0,"gold_gain":0,"player_choice":"Upgraded","damage_taken":0,"max_hp_gain":0,"max_hp_loss":0,"event_name":"Upgrade Shrine","floor":31,"gold_loss":0,"cards_upgraded":["hermit:Adapt"]},{"cards_removed":["hermit:Defend_Hermit"],"damage_healed":0,"gold_gain":0,"player_choice":"Purged","damage_taken":0,"max_hp_gain":0,"max_hp_loss":0,"event_name":"Purifier","floor":37,"gold_loss":0}],"is_beta":false,"boss_relics":[{"not_picked":["Ring of Chaos","StuffTheSpire:RunicConfusion"],"picked":"Replay:Grab Bag"},{"not_picked":["Sozu","ReplayTheSpireMod:DimensionalGlitch"],"picked":"Abe\u0027s Treasure"},{"not_picked":["Replay:Wanted Poster","StuffTheSpire:ModemDavis"],"picked":"ReplayTheSpireMod:Onyx Gauntlets"},{"not_picked":["Pandora\u0027s Box","aspiration:IroncladSkillbook"],"picked":"aspiration:PoetsPen_weak"},{"not_picked":["StuffTheSpire:Kangaroo","Runic Pyramid"],"picked":"hermit:DentedPlate"}],"items_purged_floors":[58],"is_endless":false,"potions_floor_spawned":[2,7,13,18,23,29,30,35,38,41,51],"ascension_level":0}}