{"host":"mwb0clku6crgv6yl","time":1613188215,"event":{"mods":["AchievementEnabler","BaseMod","Highlight Path","Koishi","Minty Spire (QoL Compilation)","Replay The Spire","StSLib","The Construct","The Cursed","The Gatherer","The Hierophant"],"gold_per_floor":[112,112,70,70,90,130,130,163,163,179,179,179],"floor_reached":11,"language":"ZHS","playtime":340,"items_purged":[],"score":212,"play_id":"0dec8577-397b-4ded-9823-a66aa0d4e1fb","local_time":"20210213115015","is_ascension_mode":true,"campfire_choices":[{"floor":7.0,"key":"REST"}],"circlet_count":0,"master_deck":["AscendersBane","Strike_G","Strike_G","Strike_G","Strike_G","Strike_G+1","Defend_G","Defend_G","Defend_G","Defend_G","Defend_G","Survivor","Neutralize+1","Hidden Blade","ReplayTheSpireMod:Speed Training","Quick Slash","Quick Slash","Backflip"],"relics":["Ring of the Snake","NeowsBlessing","Golden Idol","Singing Bowl","ReplayTheSpireMod:Lightbulb","Snack Pack"],"acts_visited":["Exordium"],"potions_floor_usage":[8,11],"damage_taken":[{"damage":0.0,"enemies":"Small Slimes","floor":1.0,"turns":1.0},{"damage":0.0,"enemies":"Jaw Worm","floor":5.0,"turns":1.0},{"damage":0.0,"enemies":"Gremlin Nob","floor":6.0,"turns":1.0},{"damage":19,"enemies":"3 Sentries","floor":8,"turns":10},{"damage":0,"enemies":"2 Louse","floor":10,"turns":3},{"damage":57,"enemies":"Gremlin Nob","floor":11,"turns":4}],"seed_played":"-332116606547304959","potions_obtained":[{"floor":6.0,"key":"Fire Potion"},{"floor":10,"key":"SneckoOil"}],"is_trial":false,"path_per_floor":["M","?","$","?","M","E","R","E","T","M","E"],"character_chosen":"THE_SILENT","items_purchased":["ReplayTheSpireMod:Speed Training"],"campfire_rested":1,"item_purchase_floors":[3],"current_hp_per_floor":[59,39,39,16,16,16,35,18,18,20,0,0],"gold":179,"neow_bonus":"THREE_ENEMY_KILL","is_daily":false,"chose_seed":false,"campfire_upgraded":0,"win_rate":0.0,"timestamp":1613188215,"path_taken":["M","?","$","?","M","E","R","E","T","M","E"],"items_purchased_type":["Card"],"build_version":"2020-12-22","purchased_purges":0,"victory":false,"max_hp_per_floor":[66,66,66,66,66,66,66,68,68,68,68,68],"card_choices":[{"not_picked":["Underhanded Strike","PiercingWail"],"picked":"Hidden Blade","floor":1.0},{"not_picked":["Deflect","Flying Knee"],"picked":"Quick Slash","floor":5.0},{"not_picked":["Sucker Punch","Calculated Gamble"],"picked":"Quick Slash","floor":6.0},{"not_picked":["Predator","Dodge and Roll","Poisoned Stab"],"picked":"Singing Bowl","floor":8},{"not_picked":["Dagger Throw","ReplayTheSpireMod:Scrap Shanks"],"picked":"Backflip","floor":10}],"player_experience":307968,"relics_obtained":[{"floor":6.0,"key":"Singing Bowl"},{"floor":8,"key":"ReplayTheSpireMod:Lightbulb"},{"floor":9,"key":"Snack Pack"}],"event_choices":[{"damage_healed":0.0,"max_hp_gain":0.0,"max_hp_loss":0.0,"gold_gain":0.0,"event_name":"Shining Light","player_choice":"Entered Light","floor":2.0,"gold_loss":0.0,"damage_taken":20.0,"cards_upgraded":["Strike_G","Neutralize"]},{"damage_healed":0.0,"max_hp_gain":0.0,"max_hp_loss":0.0,"gold_gain":0.0,"event_name":"Golden Idol","player_choice":"Take Damage","floor":4.0,"gold_loss":0.0,"damage_taken":23.0,"relics_obtained":["Golden Idol"]}],"is_beta":false,"boss_relics":[],"items_purged_floors":[],"is_endless":false,"potions_floor_spawned":[6,10],"killed_by":"Gremlin Nob","ascension_level":20}}