{"host":"lly094a91h6n5nv5","time":1613245159,"event":{"mods":["AchievementEnabler","BaseMod","Block Reminder","Colored Map","Minty Spire (QoL Compilation)"],"gold_per_floor":[17,117,136,136,147,147,177,24,48,48,78,253,82,115,115,216,216,227,34,34,60,104,104,145,145,220,180,180,214,233,287,287,388,388,412,235,235,185,211,211,230,230,230],"floor_reached":42,"language":"ENG","playtime":2973,"items_purged":["Bash","Strike_R"],"score":697,"play_id":"23d173bd-1656-4963-aa3f-035d79d81c9f","local_time":"20210213133919","is_ascension_mode":true,"campfire_choices":[{"data":"Uppercut","floor":6.0,"key":"SMITH"},{"data":"Fire Breathing","floor":10.0,"key":"SMITH"},{"data":"True Grit","floor":15.0,"key":"SMITH"},{"data":"True Grit","floor":23.0,"key":"SMITH"},{"data":"Fire Breathing","floor":25.0,"key":"SMITH"},{"data":"Dark Embrace","floor":28.0,"key":"SMITH"},{"data":"Shockwave","floor":32.0,"key":"SMITH"},{"data":"Ghostly","floor":40.0,"key":"SMITH"}],"circlet_count":0,"master_deck":["Strike_R","Strike_R","Strike_R+1","Strike_R","Defend_R","Defend_R","Defend_R","Defend_R","Fire Breathing+1","Fire Breathing+1","Decay","Shockwave+1","Offering","Doubt","True Grit+1","Sentinel+1","True Grit+1","Impervious","Dark Embrace+1","Ghostly+1","Ghostly","Ghostly","Ghostly","Ghostly","Shrug It Off+1","Wild Strike","Wild Strike","True Grit+1","Power Through","Fire Breathing+1","Parasite"],"relics":["Burning Blood","Torii","Tiny Chest","Lantern","Blood Vial","InkBottle","Velvet Choker","Bag of Preparation","CeramicFish","Red Mask","Smiling Mask","Self Forming Clay","Happy Flower","Toy Ornithopter","SlaversCollar","Medical Kit"],"acts_visited":["Exordium","TheCity","TheBeyond"],"potions_floor_usage":[42],"damage_taken":[{"damage":1.0,"enemies":"2 Louse","floor":1.0,"turns":3.0},{"damage":6.0,"enemies":"Cultist","floor":3.0,"turns":3.0},{"damage":12.0,"enemies":"Small Slimes","floor":5.0,"turns":5.0},{"damage":13.0,"enemies":"3 Sentries","floor":7.0,"turns":4.0},{"damage":33.0,"enemies":"Lagavulin","floor":11.0,"turns":7.0},{"damage":41.0,"enemies":"Gremlin Nob","floor":14.0,"turns":5.0},{"damage":23.0,"enemies":"Slime Boss","floor":16.0,"turns":8.0},{"damage":11.0,"enemies":"Chosen","floor":18.0,"turns":6.0},{"damage":9.0,"enemies":"Masked Bandits","floor":22.0,"turns":7.0},{"damage":12.0,"enemies":"Book of Stabbing","floor":24.0,"turns":6.0},{"damage":7.0,"enemies":"Slavers","floor":29.0,"turns":5.0},{"damage":1.0,"enemies":"3 Byrds","floor":30.0,"turns":4.0},{"damage":43.0,"enemies":"Champ","floor":33.0,"turns":13.0},{"damage":2.0,"enemies":"3 Darklings","floor":35.0,"turns":4.0},{"damage":2.0,"enemies":"Orb Walker","floor":39.0,"turns":5.0},{"damage":34.0,"enemies":"Writhing Mass","floor":41.0,"turns":11.0},{"damage":27,"enemies":"3 Darklings","floor":42,"turns":2}],"seed_played":"543355797807843281","potions_obtained":[{"floor":1.0,"key":"Fruit Juice"},{"floor":5.0,"key":"Strength Potion"},{"floor":7.0,"key":"BlessingOfTheForge"},{"floor":14.0,"key":"BloodPotion"},{"floor":16.0,"key":"SteroidPotion"},{"floor":22.0,"key":"Fire Potion"},{"floor":29.0,"key":"BloodPotion"},{"floor":41.0,"key":"DistilledChaos"}],"is_trial":false,"path_per_floor":["M","?","M","?","M","R","E","$","T","R","E","?","$","E","R","B",null,"M","$","?","T","?","R","E","R","T","?","R","E","M","T","R","B",null,"M","$","?","$","M","R","M","M"],"character_chosen":"IRONCLAD","items_purchased":["Offering","True Grit","Sentinel","Dark Embrace","Bag of Preparation","Power Through","Medical Kit"],"campfire_rested":0,"item_purchase_floors":[8,13,13,19,19,36,36],"current_hp_per_floor":[77,77,77,77,71,71,64,64,64,64,37,37,37,9,9,11,67,64,64,42,42,39,39,35,35,35,35,35,36,42,42,42,9,34,40,40,40,40,42,42,14,0,0],"gold":230,"neow_bonus":"ONE_RARE_RELIC","is_daily":false,"chose_seed":false,"campfire_upgraded":8,"win_rate":0.0,"timestamp":1613245159,"path_taken":["M","?","?","?","M","R","E","?","T","R","E","?","$","E","R","BOSS","M","$","?","?","?","R","E","R","T","?","R","E","?","?","R","BOSS","M","$","?","$","M","R","M","M"],"items_purchased_type":["Card","Card","Card","Card","Relic","Card","Relic"],"build_version":"2020-12-22","purchased_purges":2,"victory":false,"max_hp_per_floor":[80,80,80,80,80,80,80,80,80,80,80,80,80,85,85,85,85,85,85,42,42,42,42,42,42,42,42,42,42,42,42,42,42,42,42,42,42,42,42,42,42,42,42],"card_choices":[{"not_picked":["Clothesline","Dark Embrace"],"picked":"Fire Breathing","floor":1.0},{"not_picked":["Searing Blow","Sword Boomerang"],"picked":"Fire Breathing","floor":3.0},{"not_picked":["Wild Strike","Clothesline"],"picked":"Uppercut","floor":5.0},{"not_picked":["Spot Weakness","Sever Soul"],"picked":"Shockwave","floor":7.0},{"not_picked":["Burning Pact","Dual Wield","Thunderclap"],"picked":"SKIP","floor":11.0},{"not_picked":["Pommel Strike","Inflame"],"picked":"True Grit","floor":14.0},{"not_picked":["Exhume","Barricade"],"picked":"Impervious","floor":16.0},{"not_picked":["Perfected Strike","Iron Wave","Clash"],"picked":"SKIP","floor":18.0},{"not_picked":["Fire Breathing","Spot Weakness"],"picked":"Shrug It Off+1","floor":22.0},{"not_picked":["Anger","Infernal Blade"],"picked":"Wild Strike","floor":24.0},{"not_picked":["Blood for Blood+1","Sword Boomerang","Thunderclap"],"picked":"SKIP","floor":29.0},{"not_picked":["Flex+1","Armaments"],"picked":"Wild Strike","floor":30.0},{"not_picked":["Searing Blow","Battle Trance"],"picked":"True Grit+1","floor":35.0},{"not_picked":["True Grit+1","Pummel+1"],"picked":"Fire Breathing+1","floor":39.0},{"not_picked":["Clothesline","Heavy Blade+1","Body Slam+1"],"picked":"SKIP","floor":41.0}],"player_experience":218438,"relics_obtained":[{"floor":7.0,"key":"Tiny Chest"},{"floor":9.0,"key":"Lantern"},{"floor":11.0,"key":"Blood Vial"},{"floor":14.0,"key":"InkBottle"},{"floor":21.0,"key":"CeramicFish"},{"floor":22.0,"key":"Red Mask"},{"floor":24.0,"key":"Smiling Mask"},{"floor":26.0,"key":"Self Forming Clay"},{"floor":29.0,"key":"Happy Flower"},{"floor":31.0,"key":"Toy Ornithopter"}],"event_choices":[{"damage_healed":0.0,"max_hp_gain":0.0,"max_hp_loss":0.0,"gold_gain":100.0,"event_name":"Golden Shrine","player_choice":"Pray","floor":2.0,"gold_loss":0.0,"damage_taken":0.0},{"damage_healed":0.0,"max_hp_gain":0.0,"max_hp_loss":0.0,"gold_gain":0.0,"event_name":"Wheel of Change","player_choice":"Cursed","floor":4.0,"gold_loss":0.0,"damage_taken":0.0,"cards_obtained":["Decay"]},{"damage_healed":0.0,"max_hp_gain":0.0,"max_hp_loss":0.0,"gold_gain":175.0,"event_name":"Liars Game","player_choice":"AGREE","floor":12.0,"gold_loss":0.0,"damage_taken":0.0,"cards_obtained":["Doubt"]},{"damage_healed":0.0,"max_hp_gain":0.0,"max_hp_loss":43.0,"gold_gain":0.0,"event_name":"Ghosts","player_choice":"Became a Ghost","floor":20.0,"gold_loss":0.0,"damage_taken":0.0,"cards_obtained":["Ghostly","Ghostly","Ghostly","Ghostly","Ghostly"]},{"damage_healed":0.0,"max_hp_gain":0.0,"max_hp_loss":0.0,"gold_gain":0.0,"event_name":"Masked Bandits","player_choice":"Fought Bandits","floor":22.0,"gold_loss":0.0,"damage_taken":0.0},{"damage_healed":0.0,"max_hp_gain":0.0,"max_hp_loss":0.0,"gold_gain":0.0,"event_name":"Designer","player_choice":"Upgraded Two","floor":27.0,"gold_loss":40.0,"damage_taken":0.0,"cards_upgraded":["Strike_R","Sentinel"]},{"cards_removed":["Uppercut"],"damage_healed":0.0,"max_hp_gain":0.0,"max_hp_loss":0.0,"gold_gain":0.0,"event_name":"Falling","player_choice":"Removed Attack","floor":37.0,"gold_loss":0.0,"damage_taken":0.0}],"is_beta":false,"boss_relics":[{"not_picked":["Empty Cage","Calling Bell"],"picked":"Velvet Choker"},{"not_picked":["Sozu","Black Blood"],"picked":"SlaversCollar"}],"items_purged_floors":[13,38],"is_endless":false,"potions_floor_spawned":[1,5,7,14,16,22,29,41],"killed_by":"3 Darklings","ascension_level":9}}