{"host":"vz6qv7tthcp8jtis","time":1613248729,"event":{"mods":["BaseMod","Block Reminder","Colored Map","Highlight Path","Keyboard Shortcuts","Minty Spire (QoL Compilation)","Relic Stats"],"gold_per_floor":[112,287,304,229,240,265,284,284,284,319,319,344,364,396,396,496,496,509,210,226,141,141,175,175,204,204,221,221,240,257,289,289,390,390,405,160,160,160,160,186,200,200,224,224,75,89,122,0,0,0,0,0,0,35,35,35],"floor_reached":55,"language":"ENG","playtime":3085,"items_purged":["Doubt","Doubt"],"score":970,"play_id":"ebe30955-2e2c-4376-8505-1ef34c5196e7","local_time":"20210213213849","is_ascension_mode":true,"campfire_choices":[{"floor":8,"key":"REST"},{"data":"Limit Break","floor":15,"key":"SMITH"},{"data":"Infernal Blade","floor":24,"key":"SMITH"},{"data":"Bash","floor":28,"key":"SMITH"},{"data":"Inflame","floor":32,"key":"SMITH"},{"floor":42,"key":"RECALL"},{"data":"Berserk","floor":44,"key":"SMITH"},{"data":"Inflame","floor":49,"key":"SMITH"},{"data":"Armaments","floor":52,"key":"PURGE"}],"circlet_count":0,"master_deck":["Whirlwind","Intimidate","Limit Break+1","Headbutt","Reaper","Inflame+1","Infernal Blade+1","Thunderclap","Armaments+1","Flex+1","Spot Weakness+1","Impervious+1","Twin Strike+1","Warcry+1","Shrug It Off+1","Shrug It Off+1","Ghostly+1","Ghostly+1","Ghostly+1","Ghostly+1","Ghostly+1","Seeing Red+1","Inflame+1","Sword Boomerang+1","Impervious+1","Twin Strike+1","Ghostly Armor+1","Berserk+1","Finesse+1","Jack Of All Trades+1","Finesse+1","Pummel+1","Pommel Strike+1"],"relics":["Pandora\u0027s Box","Letter Opener","Pantograph","Meat on the Bone","Champion Belt","Toxic Egg 2","Odd Mushroom","Sundial","Astrolabe","Brimstone","Peace Pipe","Question Card","Matryoshka","Ancient Tea Set","Pear","Boot","Coffee Dripper","Gremlin Horn","Thread and Needle","Paper Frog","HandDrill","Ornamental Fan","Red Mask","Mercury Hourglass"],"acts_visited":["Exordium","TheCity","TheBeyond","TheEnding"],"potions_floor_usage":[16,25,27,33,47,55,55,55],"damage_taken":[{"damage":9,"enemies":"Jaw Worm","floor":1,"turns":2},{"damage":24,"enemies":"Small Slimes","floor":3,"turns":3},{"damage":8,"enemies":"2 Louse","floor":5,"turns":2},{"damage":31,"enemies":"3 Sentries","floor":6,"turns":4},{"damage":16,"enemies":"Large Slime","floor":7,"turns":3},{"damage":26,"enemies":"Lagavulin","floor":10,"turns":6},{"damage":17,"enemies":"Gremlin Nob","floor":12,"turns":4},{"damage":0,"enemies":"The Mushroom Lair","floor":13,"turns":1},{"damage":8,"enemies":"3 Sentries","floor":14,"turns":3},{"damage":29,"enemies":"The Guardian","floor":16,"turns":6},{"damage":6,"enemies":"3 Byrds","floor":18,"turns":3},{"damage":12,"enemies":"Shell Parasite","floor":20,"turns":2},{"damage":13,"enemies":"Book of Stabbing","floor":23,"turns":5},{"damage":2,"enemies":"Slavers","floor":25,"turns":2},{"damage":3,"enemies":"Snake Plant","floor":27,"turns":3},{"damage":2,"enemies":"Centurion and Healer","floor":29,"turns":4},{"damage":9,"enemies":"Sentry and Sphere","floor":30,"turns":5},{"damage":0,"enemies":"Gremlin Leader","floor":31,"turns":5},{"damage":4,"enemies":"Automaton","floor":33,"turns":8},{"damage":4,"enemies":"3 Shapes","floor":35,"turns":2},{"damage":0,"enemies":"Giant Head","floor":40,"turns":5},{"damage":0,"enemies":"3 Darklings","floor":41,"turns":2},{"damage":0,"enemies":"Transient","floor":46,"turns":5},{"damage":0,"enemies":"Nemesis","floor":47,"turns":3},{"damage":19,"enemies":"Awakened One","floor":50,"turns":6},{"damage":0,"enemies":"Shield and Spear","floor":54,"turns":5},{"damage":66,"enemies":"The Heart","floor":55,"turns":6}],"seed_played":"-3648769588512965097","potions_obtained":[{"floor":3,"key":"Swift Potion"},{"floor":7,"key":"LiquidBronze"},{"floor":12,"key":"SpeedPotion"},{"floor":13,"key":"EssenceOfSteel"},{"floor":16,"key":"Strength Potion"},{"floor":23,"key":"Fire Potion"},{"floor":27,"key":"EntropicBrew"},{"floor":29,"key":"LiquidBronze"},{"floor":33,"key":"Swift Potion"},{"floor":35,"key":"SkillPotion"},{"floor":54,"key":"LiquidBronze"}],"is_trial":false,"path_per_floor":["M","?","M","$","M","E","M","R","T","E","?","E","?","E","R","B",null,"M","$","M","?","?","E","R","E","T","M","R","M","M","E","R","B",null,"M","$","?","?","?","E","M","R","T","R","$","M","E","?","R","B",null,"R","$","E","B"],"character_chosen":"IRONCLAD","items_purchased":["Shrug It Off+1","Brimstone","Gremlin Horn","HandDrill"],"campfire_rested":1,"item_purchase_floors":[19,19,36,45],"current_hp_per_floor":[71,71,55,55,59,28,14,38,38,24,24,20,32,51,51,47,80,80,80,68,68,40,27,27,40,50,50,50,50,41,41,41,46,50,50,50,50,47,37,47,47,47,47,47,47,47,47,47,47,28,47,47,47,47,0,0],"gold":35,"neow_bonus":"BOSS_RELIC","is_daily":false,"chose_seed":false,"campfire_upgraded":6,"win_rate":0.0,"timestamp":1613248729,"path_taken":["M","?","M","$","M","E","M","R","T","E","?","E","?","E","R","BOSS","M","$","M","?","?","E","R","E","T","M","R","M","M","E","R","BOSS","M","$","?","?","?","E","M","R","T","R","?","?","E","?","R","BOSS","R","$","E","BOSS"],"items_purchased_type":["Card","Relic","Relic","Relic"],"build_version":"2020-12-22","purchased_purges":2,"victory":false,"max_hp_per_floor":[80,80,80,80,80,80,80,80,80,80,80,80,80,80,80,80,80,80,80,80,80,40,40,40,40,50,50,50,50,50,50,50,50,50,50,50,50,47,47,47,47,47,47,47,47,47,47,47,47,47,47,47,47,47,47,47],"relic_stats":{"Gremlin Horn":[4,4],"counters":[27,105],"Astrolabe":["Twin Strike","Doubt","Warcry"],"Letter Opener":[223],"Question Card":15,"Boot":[17],"Mercury Hourglass":[18],"Peace Pipe":1,"Sundial":[2],"Ornamental Fan":[8],"Pantograph":34,"Pandora\u0027s Box":["Whirlwind","Cleave","Intimidate","Limit Break","Armaments","Headbutt","Reaper","Inflame","Rupture"],"HandDrill":[2],"Champion Belt":[25],"obtain_stats":[{"Gremlin Horn":36,"Ancient Tea Set":26,"Boot":31,"Burning Blood":0,"Matryoshka":25,"Sundial":14,"Pantograph":9,"HandDrill":45,"Red Mask":48,"Toxic Egg 2":12,"Paper Frog":43,"Pear":26,"Astrolabe":17,"Thread and Needle":40,"Letter Opener":6,"Odd Mushroom":13,"Question Card":23,"Mercury Hourglass":54,"Peace Pipe":21,"Brimstone":19,"Ornamental Fan":47,"Pandora\u0027s Box":0,"Coffee Dripper":34,"Champion Belt":11,"Meat on the Bone":10},{"Gremlin Horn":20,"Ancient Tea Set":14,"Boot":18,"Burning Blood":0,"Matryoshka":14,"Sundial":9,"Pantograph":5,"HandDrill":22,"Red Mask":24,"Toxic Egg 2":7,"Paper Frog":22,"Pear":14,"Astrolabe":10,"Thread and Needle":21,"Letter Opener":4,"Odd Mushroom":8,"Question Card":13,"Mercury Hourglass":26,"Peace Pipe":12,"Brimstone":11,"Ornamental Fan":24,"Pandora\u0027s Box":0,"Coffee Dripper":19,"Champion Belt":6,"Meat on the Bone":6},{"Gremlin Horn":73,"Ancient Tea Set":46,"Boot":63,"Burning Blood":0,"Matryoshka":46,"Sundial":28,"Pantograph":14,"HandDrill":80,"Red Mask":88,"Toxic Egg 2":24,"Paper Frog":80,"Pear":46,"Astrolabe":34,"Thread and Needle":78,"Letter Opener":11,"Odd Mushroom":25,"Question Card":44,"Mercury Hourglass":99,"Peace Pipe":39,"Brimstone":37,"Ornamental Fan":88,"Pandora\u0027s Box":0,"Coffee Dripper":71,"Champion Belt":20,"Meat on the Bone":20}],"Meat on the Bone":36},"card_choices":[{"not_picked":["Warcry","Wild Strike"],"picked":"Infernal Blade","floor":1},{"not_picked":["Clash","Havoc","Searing Blow"],"picked":"SKIP","floor":3},{"not_picked":["Thunderclap","Wild Strike","Warcry"],"picked":"SKIP","floor":5},{"not_picked":["Entrench","Uppercut","Shockwave"],"picked":"SKIP","floor":6},{"not_picked":["Body Slam","Fire Breathing","Rampage"],"picked":"SKIP","floor":7},{"not_picked":["Perfected Strike","Barricade"],"picked":"Thunderclap","floor":10},{"not_picked":["Havoc+1","Barricade"],"picked":"Armaments+1","floor":12},{"not_picked":["Pummel","Fire Breathing"],"picked":"Flex+1","floor":13},{"not_picked":["Thunderclap","Sword Boomerang"],"picked":"Spot Weakness+1","floor":14},{"not_picked":["Limit Break+1","Juggernaut"],"picked":"Impervious+1","floor":16},{"not_picked":["Cleave","Headbutt","Rupture"],"picked":"SKIP","floor":18},{"not_picked":["Armaments+1","Fire Breathing"],"picked":"Shrug It Off+1","floor":20},{"not_picked":["Cleave+1","Wild Strike+1"],"picked":"Seeing Red+1","floor":23},{"not_picked":["Sword Boomerang","Cleave+1","Warcry+1"],"picked":"Inflame","floor":25},{"not_picked":["Whirlwind","Thunderclap","Headbutt"],"picked":"Sword Boomerang+1","floor":27},{"not_picked":["Rage+1","Pommel Strike","Reckless Charge+1"],"picked":"Impervious+1","floor":29},{"not_picked":["Whirlwind","Havoc+1","Feel No Pain+1"],"picked":"Twin Strike+1","floor":30},{"not_picked":["Dark Embrace","Pommel Strike+1","Shockwave+1"],"picked":"Ghostly Armor+1","floor":31},{"not_picked":["Feed","Juggernaut","Brutality"],"picked":"Berserk","floor":33},{"not_picked":["Clothesline","Entrench+1","Flex+1","Cleave+1"],"picked":"SKIP","floor":35},{"not_picked":["Deep Breath+1","Apotheosis+1","Violence+1"],"picked":"Finesse+1","floor":39},{"not_picked":["Bandage Up+1","Dark Shackles+1","Magnetism"],"picked":"Jack Of All Trades+1","floor":39},{"not_picked":["Dark Shackles+1","PanicButton+1","Bandage Up+1"],"picked":"Finesse+1","floor":39},{"not_picked":["Reckless Charge","Uppercut+1","Body Slam"],"picked":"Pummel+1","floor":40},{"not_picked":["Clothesline","True Grit+1","Twin Strike","Body Slam"],"picked":"SKIP","floor":41},{"not_picked":["Havoc+1","Shockwave+1","Rage+1","Metallicize"],"picked":"SKIP","floor":46},{"not_picked":["Feel No Pain","Fiend Fire","Rupture+1","Burning Pact+1"],"picked":"SKIP","floor":47},{"not_picked":["Sword Boomerang+1","Feel No Pain","Shockwave+1"],"picked":"Pommel Strike+1","floor":54}],"player_experience":139017,"relics_obtained":[{"floor":6,"key":"Letter Opener"},{"floor":9,"key":"Pantograph"},{"floor":10,"key":"Meat on the Bone"},{"floor":12,"key":"Toxic Egg 2"},{"floor":13,"key":"Odd Mushroom"},{"floor":14,"key":"Sundial"},{"floor":23,"key":"Question Card"},{"floor":25,"key":"Matryoshka"},{"floor":26,"key":"Ancient Tea Set"},{"floor":26,"key":"Pear"},{"floor":31,"key":"Boot"},{"floor":40,"key":"Thread and Needle"},{"floor":43,"key":"Paper Frog"},{"floor":47,"key":"Ornamental Fan"},{"floor":54,"key":"Mercury Hourglass"}],"event_choices":[{"damage_healed":0,"gold_gain":175,"player_choice":"AGREE","damage_taken":0,"max_hp_gain":0,"max_hp_loss":0,"event_name":"Liars Game","floor":2,"gold_loss":0,"cards_obtained":["Doubt"]},{"damage_healed":0,"gold_gain":0,"player_choice":"Box","damage_taken":0,"relics_obtained":["Champion Belt"],"max_hp_gain":0,"max_hp_loss":0,"event_name":"Big Fish","floor":11,"gold_loss":0,"cards_obtained":["Regret"]},{"damage_healed":0,"gold_gain":0,"player_choice":"Fought Mushrooms","damage_taken":0,"max_hp_gain":0,"max_hp_loss":0,"event_name":"Mushrooms","floor":13,"gold_loss":0},{"damage_healed":0,"gold_gain":0,"player_choice":"Obtained Relic","damage_taken":0,"relics_obtained":["Peace Pipe"],"max_hp_gain":0,"max_hp_loss":0,"event_name":"Addict","floor":21,"gold_loss":85},{"damage_healed":0,"gold_gain":0,"player_choice":"Became a Ghost","damage_taken":0,"max_hp_gain":0,"max_hp_loss":40,"event_name":"Ghosts","floor":22,"gold_loss":0,"cards_obtained":["Ghostly","Ghostly","Ghostly","Ghostly","Ghostly"]},{"cards_removed":["Bash"],"damage_healed":0,"gold_gain":0,"player_choice":"Removed Attack","damage_taken":0,"max_hp_gain":0,"max_hp_loss":0,"event_name":"Falling","floor":37,"gold_loss":0},{"damage_healed":0,"gold_gain":0,"player_choice":"Max HP","damage_taken":0,"max_hp_gain":0,"max_hp_loss":3,"event_name":"Winding Halls","floor":38,"gold_loss":0},{"damage_healed":0,"gold_gain":0,"player_choice":"Memory 3","damage_taken":10,"max_hp_gain":0,"max_hp_loss":0,"event_name":"SensoryStone","floor":39,"gold_loss":0},{"damage_healed":0,"gold_gain":0,"player_choice":"Paid","damage_taken":0,"relics_obtained":["Red Mask"],"max_hp_gain":0,"max_hp_loss":0,"event_name":"Tomb of Lord Red Mask","floor":48,"gold_loss":122}],"is_beta":false,"boss_relics":[{"not_picked":["Ectoplasm","Sozu"],"picked":"Astrolabe"},{"not_picked":["Runic Pyramid","Busted Crown"],"picked":"Coffee Dripper"}],"items_purged_floors":[4,19],"is_endless":false,"potions_floor_spawned":[3,7,12,13,14,16,23,27,29,30,33,35,54],"killed_by":"The Heart","ascension_level":2}}