{"host":"2q82lssse0ckn8xu","time":1613206643,"event":{"mods":["AchievementEnabler","BaseMod","Colored Map","Colored Powertips","Minty Spire (QoL Compilation)","Permanent Neow","Quick Restart","StSLib","The Saiyan","Unceasing Turn Reminder"],"gold_per_floor":[117,137,157,174,184,215,215,249,276,276,292,310,326,359,359,459,459,478,478,478,492,492,492,492,492,519,519,519],"floor_reached":27,"language":"ENG","playtime":1337,"items_purged":[],"score":381,"play_id":"769cc18c-2bb3-403a-9725-3e18307c6436","local_time":"20210213142723","is_ascension_mode":true,"campfire_choices":[{"floor":7.0,"key":"REST"},{"floor":10.0,"key":"REST"},{"floor":15.0,"key":"REST"},{"floor":23.0,"key":"REST"}],"circlet_count":0,"master_deck":["AscendersBane","Defend_P","Defend_P","Defend_P","Defend_P","Eruption","Vigilance","Omniscience","WheelKick","Swivel","ReachHeaven","Study","ClearTheMind","BattleHymn","Evaluate","Prostrate","Vault","FollowUp","Alpha","Indignation","Perseverance+1","Writhe","Bite","Bite","Bite","Bite","Bite"],"relics":["HolyWater","Potion Belt","Mango","Vajra","Boot","Damaru","Juzu Bracelet"],"acts_visited":["Exordium","TheCity"],"potions_floor_usage":[],"damage_taken":[{"damage":2.0,"enemies":"Cultist","floor":1.0,"turns":5.0},{"damage":2.0,"enemies":"Small Slimes","floor":2.0,"turns":3.0},{"damage":0.0,"enemies":"2 Louse","floor":3.0,"turns":2.0},{"damage":3.0,"enemies":"Blue Slaver","floor":4.0,"turns":4.0},{"damage":9.0,"enemies":"Looter","floor":5.0,"turns":4.0},{"damage":29.0,"enemies":"3 Sentries","floor":6.0,"turns":7.0},{"damage":20.0,"enemies":"Lagavulin","floor":8.0,"turns":5.0},{"damage":6.0,"enemies":"3 Louse","floor":11.0,"turns":3.0},{"damage":21.0,"enemies":"Lots of Slimes","floor":12.0,"turns":4.0},{"damage":12.0,"enemies":"2 Fungi Beasts","floor":13.0,"turns":4.0},{"damage":9.0,"enemies":"3 Sentries","floor":14.0,"turns":7.0},{"damage":25.0,"enemies":"Hexaghost","floor":16.0,"turns":8.0},{"damage":28.0,"enemies":"Chosen","floor":18.0,"turns":6.0},{"damage":0.0,"enemies":"Shell Parasite","floor":21.0,"turns":1.0},{"damage":0.0,"enemies":"Snecko","floor":22.0,"turns":1.0},{"damage":50,"enemies":"Shelled Parasite and Fungi","floor":27,"turns":3}],"seed_played":"-3195968530592657139","potions_obtained":[{"floor":2.0,"key":"FearPotion"},{"floor":3.0,"key":"EntropicBrew"},{"floor":4.0,"key":"Explosive Potion"},{"floor":5.0,"key":"Ancient Potion"},{"floor":11.0,"key":"BottledMiracle"}],"is_trial":false,"path_per_floor":["M","M","M","M","M","E","R","E","T","R","M","M","M","E","R","B",null,"M","?","?","M","M","R","?","?","T","M"],"character_chosen":"WATCHER","items_purchased":[],"campfire_rested":4,"item_purchase_floors":[],"current_hp_per_floor":[63,61,61,58,49,20,41,35,35,60,54,33,21,12,37,12,68,40,23,17,17,17,44,44,44,44,0,0],"gold":519,"neow_bonus":"ONE_RANDOM_RARE_CARD","is_daily":false,"chose_seed":false,"campfire_upgraded":0,"win_rate":0.0,"timestamp":1613206643,"path_taken":["M","M","M","M","M","E","R","E","T","R","?","M","M","E","R","BOSS","M","?","?","?","M","R","?","?","T","M"],"items_purchased_type":[],"build_version":"2020-12-22","purchased_purges":0,"victory":false,"max_hp_per_floor":[72,72,72,72,72,72,72,86,86,86,86,86,86,86,86,86,86,86,91,91,91,91,91,91,63,63,63,63],"card_choices":[{"not_picked":["SashWhip","Halt"],"picked":"WheelKick","floor":1.0},{"not_picked":["Fasting2","Prostrate"],"picked":"Swivel","floor":2.0},{"not_picked":["TalkToTheHand","BowlingBash"],"picked":"ReachHeaven","floor":3.0},{"not_picked":["Evaluate","Consecrate"],"picked":"Study","floor":4.0},{"not_picked":["Halt","EmptyBody"],"picked":"ClearTheMind","floor":5.0},{"not_picked":["Prostrate","TalkToTheHand"],"picked":"BattleHymn","floor":6.0},{"not_picked":["BowlingBash","Prostrate"],"picked":"Evaluate","floor":8.0},{"not_picked":["EmptyFist","MentalFortress"],"picked":"Prostrate","floor":11.0},{"not_picked":["Prostrate","BowlingBash"],"picked":"Vault","floor":12.0},{"not_picked":["ClearTheMind","MentalFortress"],"picked":"FollowUp","floor":13.0},{"not_picked":["Consecrate","CrushJoints","FlurryOfBlows"],"picked":"SKIP","floor":14.0},{"not_picked":["Brilliance","Blasphemy"],"picked":"Alpha","floor":16.0},{"not_picked":["Evaluate","ForeignInfluence"],"picked":"Indignation","floor":18.0},{"not_picked":["ThirdEye","Wireheading"],"picked":"Perseverance+1","floor":21.0}],"player_experience":684664,"relics_obtained":[{"floor":6.0,"key":"Potion Belt"},{"floor":8.0,"key":"Mango"},{"floor":9.0,"key":"Vajra"},{"floor":14.0,"key":"Boot"},{"floor":26.0,"key":"Juzu Bracelet"}],"event_choices":[{"damage_healed":0.0,"max_hp_gain":5.0,"max_hp_loss":0.0,"gold_gain":0.0,"event_name":"Forgotten Altar","player_choice":"Shed Blood","floor":19.0,"gold_loss":0.0,"damage_taken":22.0},{"damage_healed":0.0,"max_hp_gain":0.0,"max_hp_loss":0.0,"gold_gain":0.0,"event_name":"Knowing Skull","player_choice":"","floor":20.0,"potions_obtained":[],"gold_loss":0.0,"damage_taken":6.0,"cards_obtained":[]},{"damage_healed":0.0,"max_hp_gain":0.0,"max_hp_loss":0.0,"gold_gain":0.0,"event_name":"The Mausoleum","player_choice":"Opened","floor":24.0,"gold_loss":0.0,"damage_taken":0.0,"relics_obtained":["Damaru"],"cards_obtained":["Writhe"]},{"damage_healed":0.0,"max_hp_gain":0.0,"max_hp_loss":28.0,"gold_gain":0.0,"event_name":"Vampires","player_choice":"Became a vampire","floor":25.0,"gold_loss":0.0,"damage_taken":0.0,"cards_obtained":["Bite","Bite","Bite","Bite","Bite"]}],"is_beta":false,"boss_relics":[{"not_picked":["Sozu","VioletLotus"],"picked":"HolyWater"}],"items_purged_floors":[],"is_endless":false,"potions_floor_spawned":[2,3,4,5,11,22],"killed_by":"Shelled Parasite and Fungi","ascension_level":10}}