{"host":"ve5hox67eka4rdnb","time":1613220099,"event":{"mods":["ATMod(∞¢Ë™Mod)","AchievementEnabler","Act Like it!","BaseMod","Downfall","Gensokyo","Hermit","Lobotomy","LobotomyExtend","Marisa£®ÏF”Í°°ƒß¿Ì…≥£©","Minty Spire (QoL Compilation)","Quick Restart","Remilia£®¿Ÿ√◊¿Ú—«£©","Replay The Spire","Shop Mod","StSLib"],"gold_per_floor":[111,122,122,197,213,244,244,276,276,291,303,303,332,30,30,127,127,140,25,25,39,59,90,107,138,161,190,190,200,227,90,90,193,193,212,212,229,240,240,273,273,290,290,290,305,337,31,41,41,41,41,41,41,1,36,36],"floor_reached":57,"language":"ZHS","playtime":1988,"items_purged":["Strike_R","Strike_R","Bash"],"score":2146,"play_id":"b3cc54ff-f124-4756-9c9b-8439c6311d43","local_time":"20210213204139","is_ascension_mode":true,"campfire_choices":[{"data":"AT_EmpoweredMortalDraw","floor":7.0,"key":"SMITH"},{"data":"Dual Wield","floor":12.0,"key":"SMITH"},{"data":"AT_MachinaRedman","floor":15.0,"key":"SMITH"},{"data":"Exhume","floor":32,"key":"SMITH"},{"floor":41,"key":"RECALL"},{"floor":49,"key":"DIG"},{"floor":53,"key":"DIG"}],"circlet_count":0,"master_deck":["Strike_R+1","Strike_R+1","Defend_R","Defend_R","Defend_R","Defend_R","AT_MachinaRedman+1","AT_EmpoweredMortalDraw+1","Warcry","Inflame+1","Dual Wield+1","Pommel Strike","Berserk+1","AT_CaressingTears","Burning Pact","Exhume+1","AT_Dispersion+1","Pommel Strike+1","Burning Pact+1"],"relics":["AT_ATBox","AT_MortalBlade","LetterFromLob","The Courier","FossilizedHelix","Gambling Chip","Simple Rune","Omamori","ClockworkSouvenir","Black Star","Guide Book","Frozen Egg 2","Bronze Scales","Replay:Accelerometer","Shuriken","Replay:Wax Seal","Bag of Marbles","ReplayTheSpireMod:TigerMarble","Quantum Egg","BranchBurnRelic","SlaversCollar","AT_ChloranthyRing","Ancient Tea Set","Shovel","Magic Flower","BargainBundle","Oddly Smooth Stone","Gremlin Horn","Kunai","Snack Pack","Turnip"],"acts_visited":["Exordium","TheCity","TheBeyond","TheEnding"],"potions_floor_usage":[33,48,48,48,50,56,56],"damage_taken":[{"damage":0.0,"enemies":"Jaw Worm","floor":1.0,"turns":1.0},{"damage":0.0,"enemies":"2 Louse","floor":2.0,"turns":1.0},{"damage":0.0,"enemies":"Cultist","floor":5.0,"turns":1.0},{"damage":0.0,"enemies":"3 Sentries","floor":6.0,"turns":2.0},{"damage":15.0,"enemies":"Lagavulin","floor":8.0,"turns":3.0},{"damage":0.0,"enemies":"3 Louse","floor":10.0,"turns":1.0},{"damage":0.0,"enemies":"Exordium Wildlife","floor":11.0,"turns":1.0},{"damage":0.0,"enemies":"3 Sentries","floor":13.0,"turns":1.0},{"damage":0.0,"enemies":"Slime Boss","floor":16.0,"turns":2.0},{"damage":0.0,"enemies":"Spheric Guardian","floor":18.0,"turns":1.0},{"damage":0.0,"enemies":"2 Thieves","floor":21.0,"turns":1.0},{"damage":0.0,"enemies":"Cultist and Chosen","floor":22.0,"turns":1.0},{"damage":22.0,"enemies":"Replay:Snechameleon","floor":23.0,"turns":4.0},{"damage":0.0,"enemies":"Snecko","floor":24.0,"turns":2.0},{"damage":0.0,"enemies":"Book of Stabbing","floor":25.0,"turns":2.0},{"damage":27,"enemies":"Replay:Snechameleon","floor":27,"turns":3},{"damage":0,"enemies":"Snake Plant","floor":29,"turns":1},{"damage":0,"enemies":"Gremlin Leader","floor":30,"turns":2},{"damage":41,"enemies":"Champ","floor":33,"turns":6},{"damage":0,"enemies":"3 Darklings","floor":35,"turns":2},{"damage":0,"enemies":"Orb Walker","floor":37,"turns":2},{"damage":0,"enemies":"3 Darklings","floor":38,"turns":1},{"damage":0,"enemies":"Reptomancer","floor":40,"turns":2},{"damage":0,"enemies":"Transient","floor":42,"turns":5},{"damage":0,"enemies":"Writhing Mass","floor":45,"turns":1},{"damage":0,"enemies":"Nemesis","floor":46,"turns":2},{"damage":18,"enemies":"Spire Growth","floor":48,"turns":3},{"damage":16,"enemies":"Donu and Deca","floor":50,"turns":4},{"damage":8,"enemies":"Shield and Spear","floor":55,"turns":2},{"damage":105,"enemies":"The Heart","floor":56,"turns":6}],"seed_played":"3008716198669400087","potions_obtained":[{"floor":2.0,"key":"bronze:BurnAndBuffPotion"},{"floor":10.0,"key":"SteroidPotion"},{"floor":11.0,"key":"LiquidMemories"},{"floor":13.0,"key":"DistilledChaos"},{"floor":21.0,"key":"Adrenaline Potion"},{"floor":24.0,"key":"Adrenaline Potion"},{"floor":25.0,"key":"bronze:BurnAndBuffPotion"},{"floor":38,"key":"Dexterity Potion"},{"floor":42,"key":"Fire Potion"},{"floor":48,"key":"Swift Potion"}],"is_trial":false,"path_per_floor":["M","M","?","?","M","E","R","E","T","M","M","R","E","$","R","B",null,"M","$","?","M","M","E","M","E","T","E","?","M","E","$","R","B",null,"M","?","M","M","?","E","R","M","T","E","M","E","$","M","R","B",null,null,"R","$","E","B",null],"character_chosen":"IRONCLAD","items_purchased":["Omamori","ClockworkSouvenir","Guide Book","DuplicationPotion","BargainBundle","Elixir","BloodPotion","Oddly Smooth Stone","Dexterity Potion"],"campfire_rested":0,"item_purchase_floors":[14,14,19,31,47,47,47,47,54],"current_hp_per_floor":[80,80,80,69,69,69,69,54,54,54,54,54,54,54,54,54,74,74,74,74,74,74,52,52,52,52,25,25,35,35,35,35,12,63,63,63,63,63,63,63,63,80,80,80,80,80,80,62,62,73,73,78,78,78,72,6],"gold":36,"neow_bonus":"BOSS_RELIC","is_daily":false,"chose_seed":false,"campfire_upgraded":4,"win_rate":0.0,"timestamp":1613220099,"path_taken":["M","M","?","?","M","E","R","E","T","M","M","R","E","$","R","BOSS","M","$","?","M","M","E","M","E","T","E","?","M","E","$","R","BOSS","M","?","M","M","?","E","R","M","T","E","M","E","$","M","R","BOSS","R","$","E","BOSS"],"items_purchased_type":["Relic","Relic","Relic","Potion","Relic","Potion","Potion","Relic","Potion"],"build_version":"2020-12-22","purchased_purges":3,"victory":true,"max_hp_per_floor":[80,80,80,80,80,80,80,80,80,80,80,80,80,80,80,80,80,80,80,80,80,80,80,80,80,80,80,80,80,80,80,80,80,80,80,80,80,80,80,80,80,80,80,80,80,80,80,80,80,80,80,80,80,80,80,80],"card_choices":[{"not_picked":["Clash","Headbutt"],"picked":"Warcry","floor":1.0},{"not_picked":["Ghostly Armor","Body Slam","Headbutt"],"picked":"SKIP","floor":2.0},{"not_picked":["Fire Breathing","Armaments"],"picked":"Inflame","floor":5.0},{"not_picked":["Wild Strike","Entrench","Perfected Strike"],"picked":"SKIP","floor":6.0},{"not_picked":["Demon Form","Metallicize"],"picked":"Dual Wield","floor":8.0},{"not_picked":["Shrug It Off","Wild Strike"],"picked":"Pommel Strike","floor":10.0},{"not_picked":["Abandon","ReplayTheSpireMod:Strike From Hell","Flex"],"picked":"SKIP","floor":11.0},{"not_picked":["Clothesline","Flame Barrier","Headbutt"],"picked":"SKIP","floor":13.0},{"not_picked":["Impervious","Fiend Fire"],"picked":"Berserk","floor":16.0},{"not_picked":["AT_BodySlamDance+1","Run Through"],"picked":"AT_CaressingTears","floor":18.0},{"not_picked":["Havoc+1","AT_IchimonjiDouble","Headbutt"],"picked":"SKIP","floor":21.0},{"not_picked":["Cleave","Power Through","Flex"],"picked":"SKIP","floor":22.0},{"not_picked":["Replay:Undeath\u0027s Touch","Evolve+1","ReplayTheSpireMod:Muscle Training"],"picked":"SKIP","floor":23.0},{"not_picked":["Iron Wave+1","Sentinel","Disarm"],"picked":"SKIP","floor":24.0},{"not_picked":["Anger+1","Twin Strike","Body Slam+1"],"picked":"SKIP","floor":25.0},{"not_picked":["Clothesline","Headbutt"],"picked":"Burning Pact","floor":27},{"not_picked":["Twin Strike+1","Clothesline+1"],"picked":"Exhume","floor":29},{"not_picked":["Clash","Dropkick+1","ReplayTheSpireMod:Strike From Hell"],"picked":"SKIP","floor":30},{"not_picked":["Barricade+1","Immolate"],"picked":"AT_Dispersion+1","floor":33},{"not_picked":["ReplayTheSpireMod:Strike From Hell+1","Heavy Blade+1","Perfected Strike"],"picked":"SKIP","floor":35},{"not_picked":["Flex+1","Clothesline"],"picked":"Pommel Strike+1","floor":37},{"not_picked":["Havoc+1","Blood for Blood+1","Sword Boomerang+1"],"picked":"SKIP","floor":38},{"not_picked":["Run Through+1","Sentinel"],"picked":"Burning Pact+1","floor":40},{"not_picked":["AT_BodySlamDance","ReplayTheSpireMod:Strike From Hell+1","Whirlwind"],"picked":"SKIP","floor":42},{"not_picked":["Eclipse","Anger+1","Thunderclap"],"picked":"SKIP","floor":45},{"not_picked":["Twin Strike","Armaments","AT_CaressingTears+1"],"picked":"SKIP","floor":46},{"not_picked":["Twin Strike","Exhume","Clothesline+1"],"picked":"SKIP","floor":48},{"not_picked":["Sword Boomerang+1","Fire Breathing+1","Twin Strike+1"],"picked":"SKIP","floor":55}],"player_experience":214245,"relics_obtained":[{"floor":1.0,"key":"LetterFromLob"},{"floor":6.0,"key":"The Courier"},{"floor":8.0,"key":"FossilizedHelix"},{"floor":9.0,"key":"Gambling Chip"},{"floor":13.0,"key":"Simple Rune"},{"floor":23.0,"key":"Frozen Egg 2"},{"floor":23.0,"key":"Bronze Scales"},{"floor":25.0,"key":"Replay:Accelerometer"},{"floor":25.0,"key":"Shuriken"},{"floor":26.0,"key":"Replay:Wax Seal"},{"floor":27,"key":"Bag of Marbles"},{"floor":27,"key":"ReplayTheSpireMod:TigerMarble"},{"floor":30,"key":"Quantum Egg"},{"floor":30,"key":"Dead Branch"},{"floor":40,"key":"AT_ChloranthyRing"},{"floor":40,"key":"Ancient Tea Set"},{"floor":46,"key":"Shovel"},{"floor":46,"key":"Magic Flower"},{"floor":49,"key":"Gremlin Horn"},{"floor":53,"key":"Kunai"},{"floor":55,"key":"Snack Pack"},{"floor":55,"key":"Turnip"}],"event_choices":[{"cards_removed":["Strike_R"],"damage_healed":0.0,"max_hp_gain":0.0,"max_hp_loss":0.0,"gold_gain":0.0,"event_name":"Living Wall","player_choice":"Forget","floor":3.0,"gold_loss":0.0,"damage_taken":0.0},{"damage_healed":0.0,"max_hp_gain":0.0,"max_hp_loss":0.0,"gold_gain":75.0,"event_name":"World of Goop","player_choice":"Gather Gold","floor":4.0,"gold_loss":0.0,"damage_taken":11.0},{"damage_healed":0,"gold_gain":0,"player_choice":"Cursed","damage_taken":0,"max_hp_gain":0,"max_hp_loss":0,"event_name":"Wheel of Change","floor":28,"gold_loss":0,"cards_obtained":["Decay"]},{"damage_healed":0,"gold_gain":0,"player_choice":"Ignored","damage_taken":0,"max_hp_gain":0,"max_hp_loss":0,"event_name":"Tomb of Lord Red Mask","floor":36,"gold_loss":0}],"is_beta":false,"boss_relics":[{"not_picked":["Runic Cube","Pandora\u0027s Box"],"picked":"Black Star"},{"not_picked":["Sozu","Snecko Eye"],"picked":"SlaversCollar"}],"items_purged_floors":[14,31,47],"is_endless":false,"potions_floor_spawned":[2,10,11,13,21,24,25,38,42,48],"ascension_level":5}}