{"host":"mw3dmj42qtkbha4b","time":1613230424,"event":{"mods":["BaseMod","Colored Map","Colored Powertips","DeckTracker","Minty Spire (QoL Compilation)","StSLib","SuperFastMode"],"gold_per_floor":[113,113,123,140,156,156,181,181,181,181,181],"floor_reached":10,"language":"KOR","playtime":207,"items_purged":[],"score":136,"play_id":"85a3bb72-e5c0-4d4f-8000-378256cbd831","local_time":"20210214003344","is_ascension_mode":true,"campfire_choices":[{"data":"Ball Lightning","floor":6.0,"key":"SMITH"},{"floor":8,"key":"REST"}],"circlet_count":0,"master_deck":["AscendersBane","Strike_B","Strike_B","Strike_B","Strike_B","Defend_B","Defend_B","Defend_B","Defend_B","Zap+1","Dualcast","Ball Lightning+1"],"relics":["Cracked Core","NeowsBlessing","Happy Flower","Matryoshka"],"acts_visited":["Exordium"],"potions_floor_usage":[10],"damage_taken":[{"damage":0.0,"enemies":"Small Slimes","floor":1.0,"turns":1.0},{"damage":0.0,"enemies":"Cultist","floor":3.0,"turns":1.0},{"damage":0.0,"enemies":"Jaw Worm","floor":4.0,"turns":1.0},{"damage":12.0,"enemies":"Exordium Thugs","floor":5.0,"turns":3.0},{"damage":47,"enemies":"Lagavulin","floor":7,"turns":6},{"damage":31,"enemies":"3 Sentries","floor":10,"turns":4}],"seed_played":"8532464465429737091","potions_obtained":[{"floor":1.0,"key":"EntropicBrew"},{"floor":7,"key":"Swift Potion"}],"is_trial":false,"path_per_floor":["M","?","M","M","M","R","E","R","T","E"],"character_chosen":"DEFECT","items_purchased":[],"campfire_rested":1,"item_purchase_floors":[],"current_hp_per_floor":[64,64,64,64,52,52,5,26,26,0,0],"gold":181,"neow_bonus":"THREE_ENEMY_KILL","is_daily":false,"chose_seed":false,"campfire_upgraded":1,"win_rate":0.0,"timestamp":1613230424,"path_taken":["M","?","M","?","M","R","E","R","T","E"],"items_purchased_type":[],"build_version":"2020-12-22","purchased_purges":0,"victory":false,"max_hp_per_floor":[71,71,71,71,71,71,71,71,71,71,71],"card_choices":[{"not_picked":["Cold Snap","Stack","Streamline"],"picked":"SKIP","floor":1.0},{"not_picked":["Turbo","Cold Snap"],"picked":"Ball Lightning","floor":3.0},{"not_picked":["Aggregate","Hologram","Beam Cell"],"picked":"SKIP","floor":4.0},{"not_picked":["Heatsinks","Rip and Tear","Gash"],"picked":"SKIP","floor":5.0},{"not_picked":["Auto Shields","Recycle","Ball Lightning"],"picked":"SKIP","floor":7}],"player_experience":1815714,"relics_obtained":[{"floor":7,"key":"Happy Flower"},{"floor":9,"key":"Matryoshka"}],"event_choices":[{"damage_healed":0.0,"max_hp_gain":0.0,"max_hp_loss":0.0,"gold_gain":0.0,"event_name":"Upgrade Shrine","player_choice":"Upgraded","floor":2.0,"gold_loss":0.0,"damage_taken":0.0,"cards_upgraded":["Zap"]}],"is_beta":false,"boss_relics":[],"items_purged_floors":[],"is_endless":false,"potions_floor_spawned":[1,7],"killed_by":"3 Sentries","ascension_level":20}}