{"host":"u499vgr0907g2fby","time":1613224063,"event":{"mods":["BaseMod","Downfall","Googly Eyes","Minty Spire (QoL Compilation)","StSLib"],"gold_per_floor":[99,112,129,304,229,244,290,29,62,89,127,156,168,168,168],"floor_reached":13,"language":"ENG","playtime":1001,"items_purged":["Doubt"],"score":168,"play_id":"ea1af02c-e3da-4dba-b394-50467f496762","local_time":"20210213094743","is_ascension_mode":true,"campfire_choices":[{"floor":1,"key":"RECALL"}],"circlet_count":0,"master_deck":["Slimebound:Strike_Slimebound","Slimebound:Strike_Slimebound","Slimebound:Strike_Slimebound","Slimebound:Tackle","Slimebound:Defend_Slimebound","Slimebound:Defend_Slimebound","Slimebound:Defend_Slimebound","Slimebound:Defend_Slimebound","Slimebound:Split","Slimebound:CorrosiveSpit","Slimebound:LevelUp","Slimebound:ServeAndProtect","Slimebound:Repurpose","Slimebound:DisruptingSlam","Slimebound:TagTeam","Slimebound:SlimeTap","Slimebound:SplitAcid","Slimebound:FormOfPuddle","Slimebound:SplitAcid","Slimebound:LevelUp","Slimebound:Repurpose"],"relics":["Black Star","Slimebound:GreedOozeRelic","Anchor","Orrery","Vajra","MawBank","Orichalcum","Mango"],"acts_visited":["Exordium"],"potions_floor_usage":[9,13],"damage_taken":[{"damage":3,"enemies":"Cultist","floor":2,"turns":4},{"damage":9,"enemies":"Small Slimes","floor":3,"turns":5},{"damage":0,"enemies":"2 Louse","floor":6,"turns":3},{"damage":0,"enemies":"downfall:FleeingMerchant","floor":8,"turns":4},{"damage":27,"enemies":"Gremlin Nob","floor":9,"turns":4},{"damage":0,"enemies":"Blue Slaver","floor":10,"turns":2},{"damage":0,"enemies":"Lagavulin","floor":11,"turns":5},{"damage":1,"enemies":"3 Louse","floor":12,"turns":3},{"damage":61,"enemies":"Gremlin Nob","floor":13,"turns":4}],"seed_played":"-6082389601958012604","potions_obtained":[{"floor":2,"key":"Strength Potion"},{"floor":6,"key":"Weak Potion"},{"floor":10,"key":"BlessingOfTheForge"}],"is_trial":false,"path_per_floor":["R","M","M","?","?","M","T","$","E","M","E","M","E"],"character_chosen":"SLIMEBOUND","items_purchased":["Orrery","Slimebound:SplitAcid"],"campfire_rested":0,"item_purchase_floors":[8,8],"current_hp_per_floor":[59,56,47,47,47,47,47,47,20,20,34,33,0,0,0],"gold":168,"neow_bonus":"BOSS_RELIC","is_daily":false,"chose_seed":false,"campfire_upgraded":0,"win_rate":0.0,"timestamp":1613224063,"path_taken":["R","M","?","?","?","M","T","?","E","M","E","M","E"],"items_purchased_type":["Relic","Card"],"build_version":"2020-12-22","purchased_purges":1,"victory":false,"max_hp_per_floor":[65,65,65,65,65,65,65,65,65,65,79,79,79,79,79],"card_choices":[{"not_picked":["Slimebound:AcidTongue","Slimebound:ViciousTackle"],"picked":"Slimebound:LevelUp","floor":2},{"not_picked":["Slimebound:Schlurp","Slimebound:SplitAcid"],"picked":"Slimebound:ServeAndProtect","floor":3},{"not_picked":["Slimebound:SlimeSpikes","Slimebound:LeadByExample"],"picked":"Slimebound:Repurpose","floor":6},{"not_picked":["Slimebound:SlimeSpikes","Slimebound:Schlurp"],"picked":"Slimebound:DisruptingSlam","floor":8},{"not_picked":["Slimebound:SplitBruiser","Slimebound:Equalize"],"picked":"Slimebound:TagTeam","floor":8},{"not_picked":["Slimebound:GoopTackle","Slimebound:SplitMire"],"picked":"Slimebound:SlimeTap","floor":8},{"not_picked":["Slimebound:LeechingTouch","Slimebound:RainOfGoop"],"picked":"Slimebound:SplitAcid","floor":8},{"not_picked":["Slimebound:SlimeSlap","Slimebound:RollThrough"],"picked":"Slimebound:FormOfPuddle","floor":8},{"not_picked":["Slimebound:PressTheAttack","Slimebound:ItLooksTasty","Slimebound:LeechingTouch"],"picked":"SKIP","floor":9},{"not_picked":["Slimebound:PressTheAttack","Slimebound:GoopTackle"],"picked":"Slimebound:LevelUp","floor":10},{"not_picked":["Slimebound:RollThrough","Slimebound:ComboTackle","Slimebound:DisruptingSlam"],"picked":"SKIP","floor":11},{"not_picked":["Slimebound:LivingWall","Slimebound:SlimeSpikes"],"picked":"Slimebound:Repurpose","floor":12}],"player_experience":2034825,"relics_obtained":[{"floor":7,"key":"Anchor"},{"floor":9,"key":"Vajra"},{"floor":9,"key":"MawBank"},{"floor":11,"key":"Orichalcum"},{"floor":11,"key":"Mango"}],"event_choices":[],"is_beta":false,"boss_relics":[],"items_purged_floors":[8],"is_endless":false,"potions_floor_spawned":[2,6,10],"killed_by":"Gremlin Nob","ascension_level":8}}