{"host":"3zmssa4s99zhxek5","time":1613179675,"event":{"mods":["AchievementEnabler","BaseMod","Minty Spire (QoL Compilation)","Permanent Neow","Relic Stats"],"gold_per_floor":[118,118,132,57,0,0,15,348,348,362,362,362,391,401,401,475,475,486,151,151,161,161,161,9,29,29,29,42,42,42],"floor_reached":29,"language":"KOR","playtime":1662,"items_purged":["Strike_R","Strike_R"],"score":466,"play_id":"ea2fe826-53e3-49bf-a42a-99816b7c0d70","local_time":"20210213102755","is_ascension_mode":true,"campfire_choices":[{"data":"Bash","floor":6,"key":"SMITH"},{"data":"Berserk","floor":12,"key":"SMITH"},{"floor":15,"key":"REST"},{"data":"Combust","floor":23,"key":"SMITH"},{"floor":27,"key":"REST"}],"circlet_count":0,"master_deck":["AscendersBane","Strike_R","Defend_R","Defend_R","Defend_R","Defend_R","Bash+1","Cleave","Twin Strike","Iron Wave","Berserk+1","Iron Wave+1","Clothesline+1","Thunderclap+1","Power Through","Impervious","Headbutt+1","Combust+1","Swift Strike+1","Whirlwind+1","J.A.X.","Flex","Havoc+1","Anger+1"],"relics":["Runic Cube","Old Coin","Molten Egg 2","Boot","Sozu","Art of War"],"acts_visited":["Exordium","TheCity"],"potions_floor_usage":[8,13,13],"damage_taken":[{"damage":6,"enemies":"Jaw Worm","floor":1,"turns":6},{"damage":2,"enemies":"2 Louse","floor":3,"turns":2},{"damage":3,"enemies":"Small Slimes","floor":7,"turns":4},{"damage":25,"enemies":"3 Sentries","floor":8,"turns":11},{"damage":16,"enemies":"Blue Slaver","floor":10,"turns":4},{"damage":6,"enemies":"Gremlin Nob","floor":13,"turns":3},{"damage":6,"enemies":"Exordium Wildlife","floor":14,"turns":4},{"damage":24,"enemies":"Hexaghost","floor":16,"turns":9},{"damage":0,"enemies":"Chosen","floor":18,"turns":5},{"damage":3,"enemies":"3 Byrds","floor":21,"turns":2},{"damage":22,"enemies":"Shelled Parasite and Fungi","floor":25,"turns":4},{"damage":12,"enemies":"Snake Plant","floor":28,"turns":4},{"damage":31,"enemies":"Snecko","floor":29,"turns":5}],"seed_played":"5908483525607548985","potions_obtained":[{"floor":3,"key":"Dexterity Potion"},{"floor":8,"key":"Strength Potion"}],"is_trial":false,"path_per_floor":["M","?","M","?","$","R","M","E","T","M","?","R","E","M","R","B",null,"M","$","?","M","?","R","$","M","T","R","M","M"],"character_chosen":"IRONCLAD","items_purchased":["FearPotion","Combust","Swift Strike+1","Whirlwind+1","Flex"],"campfire_rested":2,"item_purchase_floors":[5,19,19,19,24],"current_hp_per_floor":[62,62,60,60,60,60,57,32,32,16,16,16,10,4,26,2,57,57,57,57,54,33,33,33,11,11,35,23,0,0],"gold":42,"neow_bonus":"BOSS_RELIC","is_daily":false,"chose_seed":false,"campfire_upgraded":3,"win_rate":0.0,"timestamp":1613179675,"path_taken":["M","?","M","?","?","R","M","E","T","M","?","R","E","M","R","BOSS","M","$","?","M","?","R","$","M","T","R","M","M"],"items_purchased_type":["Potion","Card","Card","Card","Card"],"build_version":"2020-12-22","purchased_purges":2,"victory":false,"max_hp_per_floor":[75,75,75,75,75,75,75,75,75,75,75,75,75,75,75,75,75,75,75,75,75,80,80,80,80,80,80,80,80,80],"relic_stats":{"Sozu":2,"counters":[13,63],"Art of War":[1],"Boot":[15],"obtain_stats":[{"Sozu":17,"Molten Egg 2":9,"Art of War":26,"Boot":13,"Burning Blood":0,"Runic Cube":0,"Old Coin":8},{"Sozu":8,"Molten Egg 2":4,"Art of War":11,"Boot":6,"Burning Blood":0,"Runic Cube":0,"Old Coin":4},{"Sozu":43,"Molten Egg 2":23,"Art of War":54,"Boot":30,"Burning Blood":0,"Runic Cube":0,"Old Coin":23}],"Runic Cube":[34]},"card_choices":[{"not_picked":["Flex","Entrench"],"picked":"Cleave","floor":1},{"not_picked":["Flex","Warcry"],"picked":"Twin Strike","floor":3},{"not_picked":["Iron Wave","Infernal Blade","Perfected Strike"],"picked":"SKIP","floor":7},{"not_picked":["Infernal Blade","Perfected Strike"],"picked":"Iron Wave","floor":7},{"not_picked":["Offering","Body Slam"],"picked":"Berserk","floor":8},{"not_picked":["Thunderclap+1","Infernal Blade"],"picked":"Iron Wave+1","floor":10},{"not_picked":["Entrench","Cleave+1"],"picked":"Thunderclap+1","floor":13},{"not_picked":["Clothesline+1","Warcry"],"picked":"Power Through","floor":14},{"not_picked":["Demon Form","Juggernaut"],"picked":"Impervious","floor":16},{"not_picked":["Disarm","Armaments"],"picked":"Headbutt+1","floor":18},{"not_picked":["Fire Breathing+1","Evolve","Headbutt+1"],"picked":"SKIP","floor":21},{"not_picked":["Pommel Strike+1","Wild Strike+1"],"picked":"Havoc+1","floor":25},{"not_picked":["Bloodletting","Hemokinesis+1"],"picked":"Anger+1","floor":28}],"player_experience":1617842,"relics_obtained":[{"floor":8,"key":"Old Coin"},{"floor":9,"key":"Molten Egg 2"},{"floor":13,"key":"Boot"},{"floor":26,"key":"Art of War"}],"event_choices":[{"damage_healed":0,"gold_gain":0,"player_choice":"Ignored","damage_taken":0,"max_hp_gain":0,"max_hp_loss":0,"event_name":"Liars Game","floor":2,"gold_loss":0},{"cards_removed":["Strike_R"],"damage_healed":0,"gold_gain":0,"player_choice":"Card Removal","damage_taken":0,"max_hp_gain":0,"max_hp_loss":0,"event_name":"The Cleric","floor":4,"gold_loss":75},{"damage_healed":0,"gold_gain":0,"cards_transformed":["Strike_R"],"player_choice":"Change","damage_taken":0,"max_hp_gain":0,"max_hp_loss":0,"event_name":"Living Wall","floor":11,"gold_loss":0,"cards_obtained":["Clothesline"]},{"damage_healed":0,"gold_gain":0,"player_choice":"Obtain J.A.X.","damage_taken":0,"max_hp_gain":0,"max_hp_loss":0,"event_name":"Drug Dealer","floor":20,"gold_loss":0,"cards_obtained":["J.A.X."]},{"damage_healed":0,"gold_gain":0,"player_choice":"Shed Blood","damage_taken":26,"max_hp_gain":5,"max_hp_loss":0,"event_name":"Forgotten Altar","floor":22,"gold_loss":0}],"is_beta":false,"boss_relics":[{"not_picked":["Busted Crown","Empty Cage"],"picked":"Sozu"}],"items_purged_floors":[19,24],"is_endless":false,"potions_floor_spawned":[3,8,10,21,25],"killed_by":"Snecko","ascension_level":20}}