{"host":"jpzdg3po3tjxdjri","time":1613258588,"event":{"mods":["BaseMod","Better Third Choice","Colored Map","Colored Powertips","Minty Spire (QoL Compilation)","StSLib"],"gold_per_floor":[118,181,181,195,195,195,49,78,78,91,111,34,34,47,47,148,148,136,146,156,431,395,395,395],"floor_reached":23,"language":"ENG","playtime":602,"items_purged":["Strike_B"],"score":201,"play_id":"9db5e6c0-a89c-474b-a009-5ca5673be3ec","local_time":"20210213232308","is_ascension_mode":true,"campfire_choices":[{"data":"Streamline","floor":6,"key":"SMITH"},{"data":"Loop","floor":13,"key":"SMITH"},{"data":"Zap","floor":15,"key":"SMITH"}],"circlet_count":0,"master_deck":["Strike_B","Strike_B","Strike_B","Defend_B","Defend_B","Defend_B","Defend_B","Zap+1","Dualcast","Leap","Streamline+1","Rebound","Loop+1","Auto Shields","Melter","Capacitor","Thunder Strike","Conserve Battery","Gash+1","Defragment"],"relics":["Cracked Core","Omamori","Singing Bowl","Bottled Tornado","SacredBark"],"acts_visited":["Exordium","TheCity"],"potions_floor_usage":[19,23,23],"damage_taken":[{"damage":0,"enemies":"Small Slimes","floor":1,"turns":3},{"damage":6,"enemies":"Jaw Worm","floor":4,"turns":4},{"damage":12,"enemies":"Lagavulin","floor":8,"turns":6},{"damage":1,"enemies":"Cultist","floor":10,"turns":3},{"damage":0,"enemies":"Large Slime","floor":11,"turns":4},{"damage":1,"enemies":"Looter","floor":14,"turns":3},{"damage":26,"enemies":"Slime Boss","floor":16,"turns":9},{"damage":24,"enemies":"2 Thieves","floor":18,"turns":5},{"damage":34,"enemies":"3 Byrds","floor":19,"turns":4},{"damage":14,"enemies":"Centurion and Healer","floor":20,"turns":8},{"damage":15,"enemies":"Gremlin Leader","floor":23,"turns":6}],"seed_played":"7853129655005353732","potions_obtained":[{"floor":1,"key":"LiquidBronze"},{"floor":4,"key":"FearPotion"},{"floor":16,"key":"ColorlessPotion"},{"floor":18,"key":"LiquidMemories"},{"floor":19,"key":"DistilledChaos"}],"is_trial":false,"path_per_floor":["M","?","?","M","?","R","$","E","T","M","M","$","R","M","R","B",null,"M","M","M","?","$","E"],"character_chosen":"DEFECT","items_purchased":["Loop","Capacitor","Defragment"],"campfire_rested":0,"item_purchase_floors":[7,12,22],"current_hp_per_floor":[75,75,63,57,62,62,62,50,50,51,51,51,51,52,52,26,84,62,28,14,14,14,0,0],"gold":395,"neow_bonus":"THREE_CARDS","is_daily":false,"chose_seed":false,"campfire_upgraded":3,"win_rate":0.0,"timestamp":1613258588,"path_taken":["M","?","?","?","?","R","?","E","T","M","M","$","R","M","R","BOSS","M","M","M","?","$","E"],"items_purchased_type":["Card","Card","Card"],"build_version":"2020-12-22","purchased_purges":1,"victory":false,"max_hp_per_floor":[75,75,75,75,80,80,80,80,80,82,82,82,82,84,84,84,84,86,86,86,86,86,86,86],"card_choices":[{"not_picked":["Turbo","Fusion"],"picked":"Leap","floor":0},{"not_picked":["Auto Shields","Barrage"],"picked":"Streamline","floor":1},{"not_picked":["Barrage","Auto Shields"],"picked":"Rebound","floor":4},{"not_picked":["Storm","Darkness"],"picked":"Auto Shields","floor":8},{"not_picked":["Beam Cell","Go for the Eyes","Hello World"],"picked":"Singing Bowl","floor":10},{"not_picked":["Cold Snap","Leap"],"picked":"Melter","floor":11},{"not_picked":["Double Energy","Heatsinks","Redo"],"picked":"Singing Bowl","floor":14},{"not_picked":["Core Surge","Rainbow"],"picked":"Thunder Strike","floor":16},{"not_picked":["Stack","Compile Driver","Turbo"],"picked":"Singing Bowl","floor":18},{"not_picked":["Go for the Eyes","Beam Cell+1"],"picked":"Conserve Battery","floor":19},{"not_picked":["Reprogram+1","Hologram"],"picked":"Gash+1","floor":20}],"player_experience":904387,"relics_obtained":[{"floor":8,"key":"Singing Bowl"},{"floor":9,"key":"Bottled Tornado"}],"event_choices":[{"damage_healed":0,"gold_gain":63,"player_choice":"Gained Gold","damage_taken":0,"max_hp_gain":0,"max_hp_loss":0,"event_name":"Golden Wing","floor":2,"gold_loss":0},{"damage_healed":0,"gold_gain":0,"player_choice":"Relic ","damage_taken":12,"max_hp_gain":0,"max_hp_loss":0,"event_name":"betterThird:BetterScrap","floor":3,"gold_loss":0,"cards_obtained":["Envenom"]},{"damage_healed":0,"gold_gain":0,"player_choice":"Donut","damage_taken":0,"max_hp_gain":5,"max_hp_loss":0,"event_name":"Big Fish","floor":5,"gold_loss":0},{"damage_healed":0,"gold_gain":275,"player_choice":"Desecrate","damage_taken":0,"max_hp_gain":0,"max_hp_loss":0,"event_name":"Golden Shrine","floor":21,"gold_loss":0,"cards_obtained":["Regret"]}],"is_beta":false,"boss_relics":[{"not_picked":["FrozenCore","Velvet Choker"],"picked":"SacredBark"}],"items_purged_floors":[7],"is_endless":false,"potions_floor_spawned":[1,4,16,18,19],"killed_by":"Gremlin Leader","ascension_level":1}}