{"host":"m9osufisr3agwk96","time":1613207785,"event":{"mods":["Aspiration","BaseMod","Colored Map","Colored Powertips","Downfall","Duelist Mod","Friendly Minions","GifTheSpireLib","Hermit","Hero for Fun","Highlight Path","Hubris","Infinite Spire","Minty Spire (QoL Compilation)","Rare Cards Sparkle","Reliquary","Replay The Spire","Shop Mod","StSLib"],"gold_per_floor":[142,154,154,254,266,266,277,277,303,273,288,288,305,375,375,472,472,483,90,90,109,120,120,137,137,162,162,179,179,179,198,198,296,296,306,316,336,349,369,369,384,402,402,417,430,430,430,448,448,448],"floor_reached":49,"language":"ENG","playtime":4498,"items_purged":[],"score":489,"play_id":"1db6f895-b0cb-4ccc-9d30-4357c111a212","local_time":"20210213011625","is_ascension_mode":false,"campfire_choices":[{"data":"theDuelist:FinalFlame","floor":6,"key":"SMITH"},{"data":"theDuelist:BeaverWarrior","floor":8,"key":"SMITH"},{"data":"theDuelist:BeaverWarrior","floor":12,"key":"SMITH"},{"data":"theDuelist:BlueBloodedOni","floor":15,"key":"SMITH"},{"floor":23,"key":"REST"},{"floor":25,"key":"REST"},{"floor":27,"key":"REST"},{"data":"theDuelist:ScrapFactory","floor":30,"key":"SMITH"},{"data":"theDuelist:ScrapFactory","floor":32,"key":"SMITH"},{"floor":40,"key":"REST"}],"circlet_count":0,"master_deck":["theDuelist:BeaverWarrior+1","theDuelist:BeaverWarrior+1","theDuelist:CastleWalls","theDuelist:CastleWalls","theDuelist:FinalFlame+1","theDuelist:GiantSoldier","theDuelist:GiantSoldier","theDuelist:ScrapFactory+1","theDuelist:Sparks+1","theDuelist:Sparks+1","theDuelist:GoldenApples","theDuelist:MagnumShield","theDuelist:Kuriboh","theDuelist:GravityAxe","theDuelist:GravityAxe","Master of Strategy","theDuelist:BlueBloodedOni+1","CurseOfTheBell","theDuelist:ScrapFactory+1","hexamod:SuperheatedStrike","theDuelist:PowerKaishin","theDuelist:ChangeHeart+1","theDuelist:GravityAxe+1","theDuelist:PreventRat+1","theDuelist:BigKoala","theDuelist:YamiForm+1","theDuelist:RainbowKuriboh+1","theDuelist:SilverApples","theDuelist:BattleFootballer+1","Parasite","theDuelist:HappyLover+1","theDuelist:GridRod+1","theDuelist:MythicalBeast","theDuelist:FairyBox+1","theDuelist:MagnumShield","theDuelist:PreventRat"],"relics":["theDuelist:MillenniumPuzzle","theDuelist:CardPoolRelic","theDuelist:CardPoolBasicRelic","theDuelist:BoosterPackPoolRelic","theDuelist:CardPoolAddRelic","theDuelist:CardPoolMinusRelic","theDuelist:CardPoolSaveRelic","theDuelist:CardPoolOptionsRelic","aspiration:FrozenJewel","theDuelist:ZoneToken","theDuelist:MillenniumPrayerbook","Calling Bell","Replay:Wax Seal","Frozen Egg 2","Replay:Kaleidoscope","Whetstone","theDuelist:CardRewardRelicF","ReplayTheSpireMod:TigerMarble","Busted Crown","hubris:Reverence"],"acts_visited":["Exordium","TheCity","TheBeyond"],"potions_floor_usage":[7,7,18,21,22,24,31,35,37,38,41,42,49,49],"damage_taken":[{"damage":0,"enemies":"Jaw Worm","floor":1,"turns":4},{"damage":0,"enemies":"Small Slimes","floor":2,"turns":3},{"damage":0,"enemies":"Cultist","floor":5,"turns":5},{"damage":0,"enemies":"Exordium Thugs","floor":7,"turns":4},{"damage":0,"enemies":"Looter","floor":10,"turns":4},{"damage":0,"enemies":"3 Louse","floor":11,"turns":4},{"damage":2,"enemies":"Blue Slaver","floor":13,"turns":3},{"damage":33,"enemies":"The Guardian","floor":16,"turns":12},{"damage":13,"enemies":"3 Byrds","floor":18,"turns":7},{"damage":31,"enemies":"Chosen","floor":21,"turns":7},{"damage":24,"enemies":"Snake Plant","floor":22,"turns":4},{"damage":1,"enemies":"Shelled Parasite and Fungi","floor":24,"turns":8},{"damage":0,"enemies":"3 Cultists","floor":28,"turns":6},{"damage":12,"enemies":"Centurion and Healer","floor":31,"turns":9},{"damage":46,"enemies":"hubris:MusketHawk","floor":33,"turns":13},{"damage":14,"enemies":"3 Darklings","floor":35,"turns":7},{"damage":0,"enemies":"Orb Walker","floor":36,"turns":6},{"damage":0,"enemies":"4 Shapes","floor":37,"turns":4},{"damage":9,"enemies":"3 Darklings","floor":38,"turns":6},{"damage":28,"enemies":"Writhing Mass","floor":39,"turns":7},{"damage":3,"enemies":"Spire Growth","floor":41,"turns":6},{"damage":17,"enemies":"Transient","floor":42,"turns":5},{"damage":0,"enemies":"Sphere and 2 Shapes","floor":44,"turns":4},{"damage":56,"enemies":"4 Shapes","floor":45,"turns":12},{"damage":14,"enemies":"3 Darklings","floor":48,"turns":3},{"damage":4,"enemies":"Writhing Mass","floor":49,"turns":5}],"seed_played":"8749850799656576883","potions_obtained":[{"floor":2,"key":"AttackPotion"},{"floor":5,"key":"PowerPotion"},{"floor":11,"key":"Strength Potion"},{"floor":16,"key":"theDuelist:DestructPotionPot"},{"floor":21,"key":"BlessingOfTheForge"},{"floor":22,"key":"theDuelist:BigOrbBottle"},{"floor":28,"key":"Block Potion"},{"floor":33,"key":"theDuelist:VampireVial"},{"floor":35,"key":"Toxic Potion"},{"floor":37,"key":"Regen Potion"},{"floor":39,"key":"SkillPotion"},{"floor":41,"key":"infinitespire:BlackPotion"},{"floor":42,"key":"theDuelist:ReducerPotion"},{"floor":48,"key":"GamblersBrew"}],"is_trial":false,"path_per_floor":["M","M","?","?","M","R","M","R","T","M","M","R","M","T","R","B",null,"M","$","?","M","M","R","M","R","T","R","M","?","R","M","R","B",null,"M","M","M","M","M","R","M","M","T","M","M","PTL","PTL","M","M"],"character_chosen":"THE_DUELIST","items_purchased":["Whetstone","theDuelist:CardRewardRelicF"],"campfire_rested":4,"item_purchase_floors":[19,19],"current_hp_per_floor":[88,88,88,88,88,88,88,88,88,88,88,88,86,86,86,53,88,75,75,75,54,30,59,58,87,87,98,98,98,98,86,86,40,98,84,84,84,84,56,85,82,65,65,65,16,16,16,2,0,0],"gold":448,"neow_bonus":"TEN_PERCENT_HP_BONUS","is_daily":false,"chose_seed":false,"campfire_upgraded":6,"win_rate":0.0,"timestamp":1613207785,"path_taken":["M","M","?","?","?","R","M","R","T","M","M","R","M","?","R","BOSS","M","$","?","M","M","R","M","R","T","R","M","?","R","M","R","BOSS","M","M","M","M","M","R","M","M","T","M","M","PTL","PTL","M","M"],"items_purchased_type":["Relic","Relic"],"build_version":"2020-12-22","purchased_purges":0,"victory":false,"max_hp_per_floor":[88,88,88,88,88,88,88,88,88,88,88,88,88,88,88,88,88,88,88,88,98,98,98,98,98,98,98,98,98,98,98,98,98,98,98,98,98,98,98,98,98,98,98,98,98,98,98,98,98,98],"card_choices":[{"not_picked":["theDuelist:WormKing","theDuelist:BlueBloodedOni","theDuelist:ScrapFactory","theDuelist:GreenGraveOni"],"picked":"theDuelist:GoldenApples","floor":1},{"not_picked":["theDuelist:RainbowNeos","theDuelist:WhiteMagicalHat","theDuelist:AfterTheStorm","theDuelist:CircleFireKings"],"picked":"theDuelist:MagnumShield","floor":2},{"not_picked":["theDuelist:MillenniumGolem","theDuelist:DestructPotion","theDuelist:Reload","theDuelist:HammerShot"],"picked":"theDuelist:Kuriboh","floor":5},{"not_picked":["theDuelist:CrossAttack","theDuelist:SwordDeepSeated","theDuelist:Electrowhip","theDuelist:DarkBurningAttack"],"picked":"theDuelist:GravityAxe","floor":7},{"not_picked":["theDuelist:WhiteHowling","theDuelist:ImperialOrder","theDuelist:ElectromagneticShield","theDuelist:MiraculousDescent"],"picked":"theDuelist:GravityAxe","floor":10},{"not_picked":["Impatience","Panacea","Swift Strike"],"picked":"Master of Strategy","floor":11},{"not_picked":["theDuelist:RainbowNeos","theDuelist:Eva","theDuelist:PurplePainOni","theDuelist:RedHeadedOni"],"picked":"theDuelist:BlueBloodedOni","floor":13},{"not_picked":["theDuelist:SpiritHarp","theDuelist:SangaEarth","theDuelist:FrontierWiseman","theDuelist:Eva","theDuelist:KamionTimelord"],"picked":"SKIP","floor":18},{"not_picked":["theDuelist:RainbowNeos+1","theDuelist:MagnumShield","theDuelist:Tuningware","theDuelist:Invigoration"],"picked":"theDuelist:PowerKaishin","floor":21},{"not_picked":["theDuelist:Fissure","theDuelist:RainbowLife","theDuelist:SphereKuriboh+1","theDuelist:FutureFusion"],"picked":"theDuelist:ChangeHeart+1","floor":22},{"not_picked":["theDuelist:ImperialOrder+1","theDuelist:ElectromagneticShield+1","theDuelist:MiraculousDescent+1"],"picked":"theDuelist:GravityAxe+1","floor":24},{"not_picked":["theDuelist:Sangan","theDuelist:Mathematician","theDuelist:MillenniumShield+1","theDuelist:KamionTimelord"],"picked":"theDuelist:PreventRat+1","floor":28},{"not_picked":["theDuelist:SangaEarth","theDuelist:RainbowNeos","theDuelist:WormApocalypse","theDuelist:Eva"],"picked":"theDuelist:BigKoala","floor":31},{"not_picked":["theDuelist:SwordsConcealing+1","theDuelist:Raigeki","theDuelist:GridRod+1","theDuelist:KamionTimelord"],"picked":"theDuelist:YamiForm+1","floor":33},{"not_picked":["theDuelist:PurplePainOni+1","theDuelist:RainbowOverdragon+1"],"picked":"theDuelist:RainbowKuriboh+1","floor":35},{"not_picked":["theDuelist:ImperialOrder+1","theDuelist:GravityAxe+1","theDuelist:Electrowhip+1","theDuelist:MiraculousDescent+1"],"picked":"SKIP","floor":36},{"not_picked":["theDuelist:DarkBurningAttack","theDuelist:WhiteMagicalHat+1"],"picked":"theDuelist:SilverApples","floor":37},{"not_picked":["theDuelist:Sangan","theDuelist:MythicalBeast"],"picked":"theDuelist:BattleFootballer+1","floor":38},{"not_picked":["theDuelist:Eva","theDuelist:RainbowOverdragon"],"picked":"theDuelist:HappyLover+1","floor":39},{"not_picked":["theDuelist:Wildfire","theDuelist:SwordsConcealing+1"],"picked":"theDuelist:GridRod+1","floor":41},{"not_picked":["theDuelist:SangaEarth+1","theDuelist:KamionTimelord"],"picked":"theDuelist:MythicalBeast","floor":42},{"not_picked":["theDuelist:DoubleTool","theDuelist:GravityAxe+1"],"picked":"theDuelist:FairyBox+1","floor":44},{"not_picked":["theDuelist:MythicalBeast+1","theDuelist:GravityAxe+1"],"picked":"theDuelist:MagnumShield","floor":45},{"not_picked":["theDuelist:WhiteNinja","theDuelist:Mathematician"],"picked":"theDuelist:PreventRat","floor":48}],"player_experience":479469,"relics_obtained":[{"floor":3,"key":"aspiration:FrozenJewel"},{"floor":9,"key":"theDuelist:ZoneToken"},{"floor":14,"key":"theDuelist:MillenniumPrayerbook"},{"floor":17,"key":"Replay:Wax Seal"},{"floor":17,"key":"Frozen Egg 2"},{"floor":17,"key":"Replay:Kaleidoscope"},{"floor":26,"key":"ReplayTheSpireMod:TigerMarble"},{"floor":43,"key":"hubris:Reverence"}],"event_choices":[{"damage_healed":0,"gold_gain":100,"player_choice":"Pray","damage_taken":0,"max_hp_gain":0,"max_hp_loss":0,"event_name":"Golden Shrine","floor":4,"gold_loss":0},{"damage_healed":0,"gold_gain":0,"player_choice":"Read","damage_taken":0,"max_hp_gain":0,"max_hp_loss":0,"event_name":"The Library","floor":20,"gold_loss":0,"cards_obtained":["hexamod:SuperheatedStrike"]},{"damage_healed":0,"gold_gain":0,"player_choice":"Ignored","damage_taken":0,"max_hp_gain":0,"max_hp_loss":0,"event_name":"Ghosts","floor":29,"gold_loss":0}],"is_beta":false,"boss_relics":[{"not_picked":["hubris:RunicObelisk","Electric Blood"],"picked":"Calling Bell"},{"not_picked":["Replay:Drink Me","Snecko Eye"],"picked":"Busted Crown"}],"items_purged_floors":[],"is_endless":false,"potions_floor_spawned":[2,5,11,16,21,22,28,33,35,37,39,41,42,48],"killed_by":"Writhing Mass","ascension_level":0}}