{"host":"wap2syee81dejzvz","time":1613249343,"event":{"mods":["BaseMod","Colored Powertips","Hermit","Marisa????????","Minty Spire (QoL Compilation)","StSLib","The Cursed","The Disciple","The Servant 0.9.4"],"gold_per_floor":[109,109,121,139,214,244,10,42,114,114,127,140,140,175,175,273,273,287,114,39,57,57,88,88,115,186,202,231,247,275,275,275,372,372,383,401,401,419,419,419,419],"floor_reached":40,"language":"ENG","playtime":4227,"items_purged":["Strike_B","Strike_B"],"score":586,"play_id":"6ee9d60f-1bbc-4af3-9389-74338af520cd","local_time":"20210213134903","is_ascension_mode":true,"campfire_choices":[{"data":"Echo Form","floor":10.0,"key":"SMITH"},{"data":"Hologram","floor":13.0,"key":"SMITH"},{"data":"Buffer","floor":15.0,"key":"SMITH"},{"data":"Ghostly","floor":24.0,"key":"SMITH"},{"data":"Ghostly","floor":32.0,"key":"SMITH"}],"circlet_count":0,"master_deck":["Strike_B","Defend_B","Defend_B","Defend_B","Defend_B","Zap+1","Dualcast+1","Cold Snap","BootSequence","Hello World","Compile Driver","Echo Form+1","FTL","Hologram+1","Buffer+1","Seek","Static Discharge","Self Repair","Reinforced Body","Ghostly","Ghostly+1","Ghostly+1","Ghostly","Ghostly","Static Discharge","Static Discharge+1","Hologram","Consume+1","Necronomicurse","Electrodynamics","Madness","Madness","Swift Strike"],"relics":["Cracked Core","Girya","Ancient Tea Set","Gremlin Horn","Bag of Marbles","Sozu","Kunai","Bottled Flame","InkBottle","StrikeDummy","Toy Ornithopter","Necronomicon","Nuclear Battery"],"acts_visited":[],"potions_floor_usage":[],"damage_taken":[{"damage":1.0,"enemies":"Jaw Worm","floor":1.0,"turns":2.0},{"damage":0.0,"enemies":"Cultist","floor":3.0,"turns":3.0},{"damage":3.0,"enemies":"Small Slimes","floor":4.0,"turns":3.0},{"damage":2.0,"enemies":"Lagavulin","floor":6.0,"turns":7.0},{"damage":16.0,"enemies":"3 Sentries","floor":8.0,"turns":6.0},{"damage":5.0,"enemies":"2 Fungi Beasts","floor":11.0,"turns":3.0},{"damage":0.0,"enemies":"Looter","floor":12.0,"turns":3.0},{"damage":1.0,"enemies":"Lagavulin","floor":14.0,"turns":5.0},{"damage":0.0,"enemies":"Slime Boss","floor":16.0,"turns":6.0},{"damage":7.0,"enemies":"2 Thieves","floor":18.0,"turns":4.0},{"damage":0.0,"enemies":"Shell Parasite","floor":21.0,"turns":5.0},{"damage":26.0,"enemies":"Slavers","floor":23.0,"turns":5.0},{"damage":5.0,"enemies":"Gremlin Leader","floor":25.0,"turns":10.0},{"damage":3.0,"enemies":"Snake Plant","floor":27.0,"turns":2.0},{"damage":2.0,"enemies":"Slavers","floor":28.0,"turns":7.0},{"damage":14.0,"enemies":"Centurion and Healer","floor":29.0,"turns":9.0},{"damage":15.0,"enemies":"Gremlin Leader","floor":30.0,"turns":7.0},{"damage":6.0,"enemies":"Automaton","floor":33.0,"turns":10.0},{"damage":3.0,"enemies":"3 Shapes","floor":35.0,"turns":4.0},{"damage":21.0,"enemies":"3 Darklings","floor":36.0,"turns":3.0},{"damage":0.0,"enemies":"4 Shapes","floor":38.0,"turns":2.0},{"damage":34,"enemies":"Giant Head","floor":40,"turns":9}],"seed_played":"5792770491003666601","potions_obtained":[{"floor":4.0,"key":"Ancient Potion"},{"floor":6.0,"key":"LiquidBronze"},{"floor":8.0,"key":"Strength Potion"},{"floor":11.0,"key":"PowerPotion"},{"floor":12.0,"key":"Energy Potion"}],"is_trial":false,"path_per_floor":["M","?","M","M","?","E","$","E","T","R","M","M","R","E","R","B",null,"M","$","?","M","?","E","R","E","T","M","E","M","E","?","R","B",null,"M","M","?","M","?","E"],"character_chosen":"DEFECT","items_purchased":["Echo Form","Self Repair"],"campfire_rested":0,"item_purchase_floors":[7,19],"current_hp_per_floor":[74,74,74,71,60,58,58,42,42,42,37,37,37,36,36,36,75,68,68,68,75,37,25,25,27,27,31,36,36,28,12,12,13,37,37,23,18,25,25,0,0],"gold":419,"neow_bonus":"UPGRADE_CARD","is_daily":false,"chose_seed":false,"campfire_upgraded":5,"win_rate":0.0,"timestamp":1613249343,"path_taken":["M","?","M","?","?","E","?","E","T","R","M","M","R","E","R","BOSS","M","$","?","M","?","E","R","E","T","M","E","M","E","?","R","BOSS","M","M","?","M","?","E"],"items_purchased_type":["Card","Card"],"build_version":"2020-12-22","purchased_purges":2,"victory":false,"max_hp_per_floor":[75,75,75,75,75,75,75,75,75,75,75,75,75,75,75,75,75,75,75,75,75,37,37,37,37,37,37,37,37,37,37,37,37,37,37,37,37,37,37,37,37],"card_choices":[{"not_picked":["Compile Driver","Leap"],"picked":"Cold Snap","floor":1.0},{"not_picked":["Conserve Battery","Stack"],"picked":"BootSequence","floor":3.0},{"not_picked":["Redo","Thunder Strike"],"picked":"Hello World","floor":4.0},{"not_picked":["Thunder Strike","Chaos"],"picked":"Compile Driver","floor":6.0},{"not_picked":["Rebound","Stack"],"picked":"FTL","floor":8.0},{"not_picked":["Lockon","Redo"],"picked":"Hologram","floor":11.0},{"not_picked":["Redo","Sweeping Beam","Ball Lightning"],"picked":"SKIP","floor":12.0},{"not_picked":["Cold Snap","Ball Lightning"],"picked":"Buffer","floor":14.0},{"not_picked":["Hyperbeam","Core Surge"],"picked":"Seek","floor":16.0},{"not_picked":["Undo+1","Leap"],"picked":"Static Discharge","floor":18.0},{"not_picked":["Chaos","Steam+1"],"picked":"Reinforced Body","floor":21.0},{"not_picked":["Thunder Strike","Beam Cell"],"picked":"Static Discharge","floor":23.0},{"not_picked":["White Noise","Meteor Strike"],"picked":"Static Discharge+1","floor":25.0},{"not_picked":["Redo+1","Steam+1","Static Discharge"],"picked":"SKIP","floor":27.0},{"not_picked":["Stack+1","Tempest"],"picked":"Hologram","floor":28.0},{"not_picked":["Steam","Doom and Gloom","Redo"],"picked":"SKIP","floor":29.0},{"not_picked":["Lockon","Genetic Algorithm"],"picked":"Consume+1","floor":30.0},{"not_picked":["Hyperbeam","Biased Cognition"],"picked":"Electrodynamics","floor":33.0},{"not_picked":["Compile Driver+1","Self Repair","Melter"],"picked":"SKIP","floor":35.0},{"not_picked":["Hologram+1","Conserve Battery","Turbo+1"],"picked":"SKIP","floor":36.0},{"not_picked":["Gash","Reprogram","Beam Cell"],"picked":"SKIP","floor":38.0}],"player_experience":187618,"relics_obtained":[{"floor":6.0,"key":"Girya"},{"floor":8.0,"key":"Ancient Tea Set"},{"floor":9.0,"key":"Gremlin Horn"},{"floor":14.0,"key":"Bag of Marbles"},{"floor":23.0,"key":"Kunai"},{"floor":25.0,"key":"Bottled Flame"},{"floor":26.0,"key":"InkBottle"},{"floor":28.0,"key":"StrikeDummy"},{"floor":30.0,"key":"Toy Ornithopter"},{"floor":31.0,"key":"Necronomicon"}],"event_choices":[{"damage_healed":0.0,"max_hp_gain":0.0,"max_hp_loss":0.0,"gold_gain":0.0,"event_name":"Accursed Blacksmith","player_choice":"Forge","floor":2.0,"gold_loss":0.0,"damage_taken":0.0,"cards_upgraded":["Dualcast"]},{"damage_healed":0.0,"max_hp_gain":0.0,"max_hp_loss":0.0,"gold_gain":75.0,"event_name":"World of Goop","player_choice":"Gather Gold","floor":5.0,"gold_loss":0.0,"damage_taken":11.0},{"cards_removed":["Strike_B"],"damage_healed":0.0,"max_hp_gain":0.0,"max_hp_loss":0.0,"gold_gain":0.0,"event_name":"Beggar","player_choice":"Gave Gold","floor":20.0,"gold_loss":75.0,"damage_taken":0.0},{"damage_healed":0.0,"max_hp_gain":0.0,"max_hp_loss":38.0,"gold_gain":0.0,"event_name":"Ghosts","player_choice":"Became a Ghost","floor":22.0,"gold_loss":0.0,"damage_taken":0.0,"cards_obtained":["Ghostly","Ghostly","Ghostly","Ghostly","Ghostly"]},{"damage_healed":0.0,"max_hp_gain":0.0,"max_hp_loss":0.0,"gold_gain":0.0,"event_name":"Cursed Tome","player_choice":"Obtained Book","floor":31.0,"gold_loss":0.0,"damage_taken":16.0},{"damage_healed":0.0,"max_hp_gain":0.0,"max_hp_loss":0.0,"gold_gain":0.0,"event_name":"Winding Halls","player_choice":"Embrace Madness","floor":37.0,"gold_loss":0.0,"damage_taken":5.0,"cards_obtained":["Madness","Madness"]},{"damage_healed":0.0,"max_hp_gain":0.0,"max_hp_loss":0.0,"gold_gain":0.0,"event_name":"Match and Keep!","player_choice":"1 cards matched","floor":39.0,"gold_loss":0.0,"damage_taken":0.0,"cards_obtained":["Swift Strike"]}],"is_beta":false,"boss_relics":[{"not_picked":["Coffee Dripper","Runic Pyramid"],"picked":"Sozu"},{"not_picked":["Fusion Hammer","Busted Crown"],"picked":"Nuclear Battery"}],"items_purged_floors":[7,19],"is_endless":false,"potions_floor_spawned":[4,6,8,11,12,18,27,29,30],"killed_by":"Giant Head","ascension_level":1}}