{"host":"u7y9frlpoazak2mn","time":1613254686,"event":{"mods":["AchievementEnabler","Act Like it!","Aspiration","BaseMod","Beaked The Cultist","Better Altar","Better Match","Better Note","Better Sensory Stone","Better Skull","Better Third Choice","Colored Map","Colored Powertips","Displayed Cursed Tome","Downfall","Emptier Cage","Energized Spire","GifTheSpireLib","Hermit","Marked Mod","Mimic Mod","Minty Spire (QoL Compilation)","Permanent Neow","Prisma Mod","Rare Cards Sparkle","Relic Stats","StSLib","The Construct","Waifu the Spire"],"gold_per_floor":[118,118,118,118,16,46,21,21,74,74,111,111,142,7,7,107,107,124,144,144,161,177,208,224,253,253,17,17,36,36,56,56,156,156,175,175,106,124,399,399,399],"floor_reached":40,"language":"ENG","playtime":4060,"items_purged":["hermit:Strike_Hermit","downfall:Haunted"],"score":512,"play_id":"935fa4d6-0c1a-4b7a-8feb-86707250229a","local_time":"20210213171806","is_ascension_mode":false,"campfire_choices":[{"data":"hermit:Covet","floor":10,"key":"SMITH"},{"floor":12,"key":"REST"},{"data":"hermit:EyeOfTheStorm","floor":15,"key":"SMITH"},{"floor":28,"key":"REST"},{"data":"hermit:LuckOfTheDraw","floor":30,"key":"SMITH"},{"data":"hermit:DeadOrAlive","floor":32,"key":"SMITH"}],"circlet_count":0,"master_deck":["hermit:Strike_Hermit","hermit:Strike_Hermit","hermit:Defend_Hermit","hermit:Defend_Hermit","hermit:Snapshot","hermit:Covet+1","hermit:Ricochet","hermit:WideOpen","Regret","downfall:Haunted","Clumsy","hermit:FinalCanter","Writhe","hermit:BodyArmor","hermit:CalledShot","hermit:Ricochet","hermit:BodyArmor","hermit:Reprieve","hermit:Deadeye","hermit:EyeOfTheStorm+1","hermit:Adapt","hermit:LuckOfTheDraw+1","hermit:HighCaliber","hermit:Manifest+1","hermit:Malice","hermit:DeadOrAlive+1","hermit:Determination+1","hermit:Deadeye","hermit:ItchyTrigger","hermit:FullyLoaded+1","hermit:Determination+1","hermit:TakeCover","Regret"],"relics":["hermit:Momento","Anchor","Du-Vu Doll","Juzu Bracelet","Centennial Puzzle","aspiration:ChemicalBlood","aspiration:PoetsPen_weak","Blood Vial","aspiration:SeaSaltIceCream","Frozen Egg 2","Vajra","aspiration:FutureDiary"],"acts_visited":["Exordium","TheCity","TheBeyond"],"potions_floor_usage":[16,23,23,29],"damage_taken":[{"damage":0,"enemies":"Cultist","floor":1,"turns":2},{"damage":21,"enemies":"3 Sentries","floor":6,"turns":7},{"damage":4,"enemies":"Jaw Worm","floor":11,"turns":3},{"damage":3,"enemies":"Lagavulin","floor":13,"turns":3},{"damage":30,"enemies":"Hexaghost","floor":16,"turns":6},{"damage":0,"enemies":"Chosen","floor":18,"turns":3},{"damage":0,"enemies":"Shell Parasite","floor":19,"turns":2},{"damage":15,"enemies":"Shelled Parasite and Fungi","floor":21,"turns":3},{"damage":6,"enemies":"Snake Plant","floor":22,"turns":2},{"damage":17,"enemies":"Slavers","floor":23,"turns":6},{"damage":0,"enemies":"3 Cultists","floor":24,"turns":2},{"damage":0,"enemies":"Centurion and Healer","floor":25,"turns":5},{"damage":10,"enemies":"Shelled Parasite and Fungi","floor":29,"turns":5},{"damage":10,"enemies":"Sentry and Sphere","floor":31,"turns":3},{"damage":33,"enemies":"Champ","floor":33,"turns":5},{"damage":0,"enemies":"Orb Walker","floor":35,"turns":2},{"damage":32,"enemies":"3 Darklings","floor":38,"turns":4},{"damage":55,"enemies":"Reptomancer","floor":40,"turns":2}],"seed_played":"3621804333434311713","potions_obtained":[{"floor":16,"key":"FearPotion"},{"floor":18,"key":"Ancient Potion"},{"floor":23,"key":"FearPotion"},{"floor":29,"key":"SmokeBomb"},{"floor":33,"key":"EssenceOfSteel"}],"is_trial":false,"path_per_floor":["M","?","?","?","$","E","$","?","T","R","MIM","R","E","$","R","B",null,"M","M","?","M","M","E","M","M","T","$","R","M","R","M","R","B",null,"M","?","$","M","?","E"],"character_chosen":"HERMIT","items_purchased":["hermit:BodyArmor","hermit:Ricochet","hermit:EyeOfTheStorm","hermit:Determination+1","Vajra","hermit:Determination+1"],"campfire_rested":2,"item_purchase_floors":[5,7,14,27,27,37],"current_hp_per_floor":[68,68,68,73,73,52,52,52,52,52,48,69,66,66,66,36,73,73,73,73,58,52,43,45,47,47,47,68,68,68,60,60,29,73,73,73,73,53,53,0,0],"gold":399,"neow_bonus":"TRANSFORM_TWO_CARDS","is_daily":false,"chose_seed":false,"campfire_upgraded":4,"win_rate":0.0,"timestamp":1613254686,"path_taken":["M","?","?","?","?","E","$","?","T","R","?","R","E","$","R","BOSS","M","M","?","M","M","E","M","M","T","$","R","M","R","M","R","BOSS","M","?","$","M","?","E"],"items_purchased_type":["Card","Card","Card","Card","Relic","Card"],"build_version":"2020-12-22","purchased_purges":2,"victory":false,"max_hp_per_floor":[68,68,68,73,73,73,73,73,73,73,73,73,73,73,73,73,73,73,73,73,73,73,73,73,73,73,73,73,73,73,73,73,73,73,73,73,73,73,73,73,73],"relic_stats":{"Blood Vial":12,"Centennial Puzzle":[33],"counters":[18,65],"Juzu Bracelet":0,"obtain_stats":[{"Du-Vu Doll":4,"Blood Vial":23,"Anchor":2,"Centennial Puzzle":9,"Vajra":27,"aspiration:PoetsPen_weak":17,"Juzu Bracelet":6,"aspiration:SeaSaltIceCream":26,"Frozen Egg 2":26,"aspiration:FutureDiary":34,"hermit:Momento":0,"aspiration:ChemicalBlood":13},{"Du-Vu Doll":1,"Blood Vial":10,"Anchor":1,"Centennial Puzzle":2,"Vajra":12,"aspiration:PoetsPen_weak":5,"Juzu Bracelet":2,"aspiration:SeaSaltIceCream":12,"Frozen Egg 2":12,"aspiration:FutureDiary":15,"hermit:Momento":0,"aspiration:ChemicalBlood":4},{"Du-Vu Doll":2,"Blood Vial":37,"Anchor":2,"Centennial Puzzle":9,"Vajra":44,"aspiration:PoetsPen_weak":21,"Juzu Bracelet":9,"aspiration:SeaSaltIceCream":44,"Frozen Egg 2":44,"aspiration:FutureDiary":57,"hermit:Momento":0,"aspiration:ChemicalBlood":15}]},"card_choices":[{"not_picked":["hermit:Roulette","hermit:LowProfile","hermit:TrackingShot"],"picked":"SKIP","floor":1},{"not_picked":["hermit:CursedWeapon","hermit:FullyLoaded"],"picked":"hermit:CalledShot","floor":6},{"not_picked":["hermit:Enervate","hermit:Coalescence"],"picked":"hermit:Reprieve","floor":11},{"not_picked":["hermit:Quickdraw","hermit:Midnight"],"picked":"hermit:Deadeye","floor":13},{"not_picked":["hermit:Magnum","hermit:EternalForm"],"picked":"hermit:Adapt","floor":16},{"not_picked":["hermit:BodyArmor","hermit:Maintenance+1"],"picked":"hermit:LuckOfTheDraw","floor":18},{"not_picked":["hermit:Dive","hermit:LowProfile"],"picked":"hermit:HighCaliber","floor":19},{"not_picked":["hermit:Maintenance","hermit:NoHoldsBarred"],"picked":"hermit:Manifest+1","floor":21},{"not_picked":["hermit:Coalescence","hermit:Feint","hermit:WideOpen"],"picked":"SKIP","floor":22},{"not_picked":["hermit:BodyArmor","hermit:WideOpen"],"picked":"hermit:Malice","floor":23},{"not_picked":["hermit:CursedWeapon","hermit:TrackingShot"],"picked":"hermit:DeadOrAlive","floor":24},{"not_picked":["hermit:LowProfile","hermit:Roughhouse","hermit:Spite"],"picked":"SKIP","floor":25},{"not_picked":["hermit:Desperado+1","hermit:CalledShot"],"picked":"hermit:Deadeye","floor":29},{"not_picked":["hermit:Ricochet","hermit:BodyArmor+1"],"picked":"hermit:ItchyTrigger","floor":31},{"not_picked":["hermit:Feint","hermit:Dive+1"],"picked":"hermit:FullyLoaded+1","floor":35},{"not_picked":["hermit:Ricochet+1","hermit:WideOpen+1"],"picked":"hermit:TakeCover","floor":38}],"player_experience":453110,"relics_obtained":[{"floor":6,"key":"Juzu Bracelet"},{"floor":9,"key":"Centennial Puzzle"},{"floor":13,"key":"aspiration:ChemicalBlood"},{"floor":23,"key":"Blood Vial"},{"floor":26,"key":"aspiration:SeaSaltIceCream"}],"event_choices":[{"damage_healed":0,"gold_gain":0,"player_choice":"Box","damage_taken":0,"relics_obtained":["Anchor"],"max_hp_gain":0,"max_hp_loss":0,"event_name":"Big Fish","floor":2,"gold_loss":0,"cards_obtained":["Regret"]},{"damage_healed":0,"gold_gain":0,"player_choice":"Ignored","damage_taken":0,"max_hp_gain":0,"max_hp_loss":0,"event_name":"Golden Idol","floor":3,"gold_loss":0},{"damage_healed":0,"gold_gain":0,"cards_transformed":["hermit:Defend_Hermit"],"player_choice":"Change","damage_taken":0,"max_hp_gain":0,"max_hp_loss":0,"event_name":"Living Wall","floor":8,"gold_loss":0,"cards_obtained":["hermit:BodyArmor"]},{"damage_healed":0,"gold_gain":0,"player_choice":"Ignored","damage_taken":0,"max_hp_gain":0,"max_hp_loss":0,"event_name":"betterNote:BetterNote","floor":20,"gold_loss":0,"cards_obtained":["PathToVictory"]},{"damage_healed":0,"gold_gain":0,"player_choice":"Ignored","damage_taken":0,"max_hp_gain":0,"max_hp_loss":0,"event_name":"Tomb of Lord Red Mask","floor":36,"gold_loss":0},{"damage_healed":0,"gold_gain":275,"player_choice":"Desecrate","damage_taken":0,"max_hp_gain":0,"max_hp_loss":0,"event_name":"Golden Shrine","floor":39,"gold_loss":0,"cards_obtained":["Regret"]}],"is_beta":false,"boss_relics":[{"not_picked":["Astrolabe","SacredBark"],"picked":"aspiration:PoetsPen_weak"},{"not_picked":["Fusion Hammer","aspiration:BeakedSkillbook"],"picked":"aspiration:FutureDiary"}],"items_purged_floors":[5,14],"is_endless":false,"potions_floor_spawned":[16,18,21,29,31],"killed_by":"Reptomancer","ascension_level":0}}