{"host":"iodx9wtiy6cq33np","time":1613200562,"event":{"mods":["2.2 Compatiblity","AchievementEnabler","Act Like it!","BaseMod","Colored Map","DeckTracker","Keyboard Shortcuts","Minty Spire (QoL Compilation)","Permanent Neow","Quick Restart","Rare Cards Sparkle","StSLib","SuperFastMode","The Dragon Tamer","everything is the same but u backflip on backflip"],"gold_per_floor":[15,15,30,50,60,60,88,88,135,148,173,192,192,202,202,315,315,334,343,90,189,213,213,245,245,245,258,258,292,316,343,343,450,450,467,485,509,509,559,600,41,41,67,85,85,112,0,16,16,16],"floor_reached":51,"language":"KOR","playtime":2109,"items_purged":["DTMod:Strike","DTMod:TargetDefense"],"score":932,"play_id":"f022e3fc-3b18-4daa-b8c1-b124fa3255d7","local_time":"20210213161602","is_ascension_mode":false,"metric_token":991,"campfire_choices":[{"data":"DTMod:SwitchingTactic","floor":6.0,"key":"SMITH"},{"data":"DTMod:Training","floor":8.0,"key":"SMITH"},{"data":"DTMod:ComboAttack","floor":13.0,"key":"SMITH"},{"data":"DTMod:MagiciansMark","floor":15.0,"key":"SMITH"},{"data":"DTMod:WarmUp","floor":23.0,"key":"SMITH"},{"data":"DTMod:TriAttack","floor":25.0,"key":"SMITH"},{"floor":32.0,"key":"REST"},{"data":"DTMod:GearUp","floor":42.0,"key":"SMITH"},{"floor":45,"key":"REST"},{"floor":49,"key":"REST"}],"dtmod_dragon_data":[22,58,3,0,10,0],"circlet_count":0,"master_deck":["DTMod:Strike","DTMod:Strike","DTMod:DoubleHit","DTMod:TargetDefense","DTMod:TargetDefense","DTMod:SwitchingTactic+1","DTMod:ComboAttack+1","DTMod:MagiciansMark+1","DTMod:Training+1","DTMod:ShieldDrain","DTMod:Feint","DTMod:TriAttack+1","DTMod:WarmUp+1","DTMod:TagTeam+1","DTMod:TauntingStrike+1","DTMod:Training+1","DTMod:GearUp+1","DTMod:MagicField+1","DTMod:QuickFly+1"],"relics":["DTMod:PactStone","Mummified Hand","Vajra","CeramicFish","Unceasing Top","Black Star","Sling","Art of War","DTMod:BasicTextbook","Molten Egg 2","Strawberry","Turnip","Centennial Puzzle","DTMod:TheChair","Mango","Incense Burner","Toy Ornithopter","Shuriken","Toolbox","Regal Pillow","DTMod:AncientBone","Ginger","Red Mask"],"acts_visited":["Exordium","TheCity","TheBeyond"],"potions_floor_usage":[44,50,50],"damage_taken":[{"damage":0.0,"enemies":"Jaw Worm","floor":1.0,"turns":4.0},{"damage":0.0,"enemies":"Cultist","floor":3.0,"turns":3.0},{"damage":0.0,"enemies":"2 Louse","floor":4.0,"turns":2.0},{"damage":0.0,"enemies":"Exordium Thugs","floor":5.0,"turns":5.0},{"damage":0.0,"enemies":"3 Sentries","floor":7.0,"turns":8.0},{"damage":0.0,"enemies":"3 Louse","floor":10.0,"turns":3.0},{"damage":2.0,"enemies":"Lagavulin","floor":11.0,"turns":6.0},{"damage":7.0,"enemies":"Blue Slaver","floor":12.0,"turns":2.0},{"damage":0.0,"enemies":"Red Slaver","floor":14.0,"turns":3.0},{"damage":0.0,"enemies":"Hexaghost","floor":16.0,"turns":8.0},{"damage":0.0,"enemies":"Chosen","floor":18.0,"turns":4.0},{"damage":6.0,"enemies":"2 Thieves","floor":22.0,"turns":2.0},{"damage":0.0,"enemies":"Slavers","floor":24.0,"turns":3.0},{"damage":0.0,"enemies":"Snake Plant","floor":27.0,"turns":2.0},{"damage":22.0,"enemies":"Book of Stabbing","floor":29.0,"turns":5.0},{"damage":5.0,"enemies":"3 Cultists","floor":31.0,"turns":6.0},{"damage":7.0,"enemies":"Champ","floor":33.0,"turns":7.0},{"damage":0.0,"enemies":"3 Shapes","floor":35.0,"turns":3.0},{"damage":16.0,"enemies":"3 Darklings","floor":36.0,"turns":5.0},{"damage":0.0,"enemies":"Jaw Worm Horde","floor":37.0,"turns":4.0},{"damage":0.0,"enemies":"Mind Bloom Boss Battle","floor":39.0,"turns":6.0},{"damage":4.0,"enemies":"Reptomancer","floor":40.0,"turns":6.0},{"damage":5,"enemies":"Writhing Mass","floor":44,"turns":4},{"damage":20,"enemies":"Nemesis","floor":46,"turns":5},{"damage":0,"enemies":"Spire Growth","floor":48,"turns":4},{"damage":0,"enemies":"Awakened One","floor":50,"turns":11}],"seed_played":"3737966465915507143","potions_obtained":[{"floor":1.0,"key":"BlessingOfTheForge"},{"floor":4.0,"key":"LiquidBronze"},{"floor":5.0,"key":"Regen Potion"},{"floor":12.0,"key":"FearPotion"},{"floor":16.0,"key":"SkillPotion"},{"floor":18.0,"key":"DistilledChaos"},{"floor":35.0,"key":"Explosive Potion"},{"floor":36.0,"key":"GamblersBrew"},{"floor":37.0,"key":"LiquidBronze"},{"floor":44,"key":"GamblersBrew"}],"is_trial":false,"path_per_floor":["M","?","M","M","M","R","E","R","T","M","E","M","R","M","R","B",null,"M","?","$","?","M","R","E","R","T","M","?","E","T","M","R","B",null,"M","M","M","?","?","E","$","R","T","M","R","E","?","M","R","B",null],"character_chosen":"THE_DT","items_purchased":["DTMod:DragonDance","Sling","Shuriken","Toolbox","Regen Potion"],"campfire_rested":3,"item_purchase_floors":[20,20,41,41,41],"current_hp_per_floor":[45,45,45,45,45,45,45,45,45,45,43,36,36,36,36,36,45,45,45,45,45,39,39,39,39,39,39,33,18,18,13,30,23,57,57,41,41,41,55,51,51,51,51,51,71,51,51,51,71,71],"gold":16,"neow_bonus":"REMOVE_TWO","is_daily":false,"chose_seed":false,"campfire_upgraded":7,"win_rate":0.0,"timestamp":1613200562,"path_taken":["M","?","?","M","M","R","E","R","T","M","E","M","R","M","R","BOSS","M","?","$","?","M","R","E","R","T","?","?","E","?","M","R","BOSS","M","M","M","?","?","E","$","R","T","M","R","E","?","M","R","BOSS"],"items_purchased_type":["Card","Relic","Relic","Relic","Potion"],"build_version":"2020-12-22","purchased_purges":2,"victory":true,"max_hp_per_floor":[45,45,45,45,45,45,45,45,45,45,45,45,45,45,45,45,45,45,45,45,45,45,45,45,45,45,45,50,57,57,57,57,57,57,57,57,57,57,71,71,71,71,71,71,71,71,71,71,71,71],"card_choices":[{"not_picked":["DTMod:LastStand","DTMod:BizarreTactic"],"picked":"DTMod:ComboAttack","floor":1.0},{"not_picked":["DTMod:BurningEnergy","DTMod:FlameSlash","DTMod:BurningForce"],"picked":"SKIP","floor":3.0},{"not_picked":["DTMod:Dissolve","DTMod:BlueScale"],"picked":"DTMod:MagiciansMark","floor":4.0},{"not_picked":["DTMod:MaximumCharge","DTMod:GhostSkin"],"picked":"DTMod:Training","floor":5.0},{"not_picked":["DTMod:BurningEnergy","DTMod:MasterPlan"],"picked":"DTMod:ShieldDrain","floor":7.0},{"not_picked":["DTMod:BizarreTactic","DTMod:Punisher","DTMod:Coolant"],"picked":"SKIP","floor":10.0},{"not_picked":["DTMod:ShieldDrain","DTMod:Hide","DTMod:Overwhelm"],"picked":"SKIP","floor":11.0},{"not_picked":["DTMod:MaximumCharge","DTMod:BurningEnergy"],"picked":"DTMod:Feint","floor":12.0},{"not_picked":["DTMod:Feint","DTMod:CleansingStrike","DTMod:Threaten"],"picked":"SKIP","floor":14.0},{"not_picked":["DTMod:Inferno","DTMod:ExcessFootwork"],"picked":"DTMod:TriAttack","floor":16.0},{"not_picked":["DTMod:Cover","DTMod:Punisher","DTMod:BlueScale"],"picked":"SKIP","floor":18.0},{"not_picked":["DTMod:ComboAttack+1","DTMod:Coolant"],"picked":"DTMod:TagTeam+1","floor":22.0},{"not_picked":["DTMod:RecklessFlurry","DTMod:BurningEnergy","DTMod:ForkedFire"],"picked":"SKIP","floor":24.0},{"not_picked":["DTMod:Observe","DTMod:BreakAttack+1","DTMod:BurningEnergy"],"picked":"SKIP","floor":27.0},{"not_picked":["DTMod:Astonish+1","DTMod:Observe"],"picked":"DTMod:TauntingStrike+1","floor":29.0},{"not_picked":["DTMod:PurifyingFlame+1","DTMod:Overwhelm","DTMod:Training+1"],"picked":"SKIP","floor":31.0},{"not_picked":["DTMod:PurifyingFlame+1","DTMod:Overwhelm"],"picked":"DTMod:Training+1","floor":31.0},{"not_picked":["DTMod:TriAttack+1","DTMod:Outburst"],"picked":"DTMod:GearUp","floor":33.0},{"not_picked":["DTMod:BizarreTactic","DTMod:TagTeam","DTMod:DragonDance"],"picked":"SKIP","floor":35.0},{"not_picked":["DTMod:Haste+1","DTMod:BreakAttack+1","DTMod:BizarreTactic+1"],"picked":"SKIP","floor":36.0},{"not_picked":["DTMod:DarkBreath+1","DTMod:Punisher+1"],"picked":"DTMod:MagicField+1","floor":37.0},{"not_picked":["DTMod:BlazingStrike+1","DTMod:BurningEnergy"],"picked":"DTMod:QuickFly+1","floor":40.0},{"not_picked":["DTMod:DeepFocus+1","DTMod:Hide+1","DTMod:Training+1"],"picked":"SKIP","floor":44},{"not_picked":["DTMod:Haste+1","DTMod:HeatWave+1","DTMod:ComboAttack+1"],"picked":"SKIP","floor":46},{"not_picked":["DTMod:BizarreTactic","DTMod:MagicField","DTMod:BreakAttack+1"],"picked":"SKIP","floor":48}],"player_experience":916580,"relics_obtained":[{"floor":2.0,"key":"Mummified Hand"},{"floor":7.0,"key":"Vajra"},{"floor":9.0,"key":"CeramicFish"},{"floor":11.0,"key":"Unceasing Top"},{"floor":24.0,"key":"Art of War"},{"floor":24.0,"key":"DTMod:BasicTextbook"},{"floor":26.0,"key":"Molten Egg 2"},{"floor":29.0,"key":"Strawberry"},{"floor":29.0,"key":"Turnip"},{"floor":30.0,"key":"Centennial Puzzle"},{"floor":39.0,"key":"Mango"},{"floor":40.0,"key":"Incense Burner"},{"floor":40.0,"key":"Toy Ornithopter"},{"floor":43.0,"key":"Regal Pillow"},{"floor":46,"key":"DTMod:AncientBone"},{"floor":46,"key":"Ginger"}],"event_choices":[{"damage_healed":0.0,"max_hp_gain":0.0,"max_hp_loss":0.0,"gold_gain":0.0,"event_name":"Wheel of Change","player_choice":"Relic","floor":2.0,"gold_loss":0.0,"damage_taken":0.0},{"damage_healed":0.0,"max_hp_gain":0.0,"max_hp_loss":0.0,"gold_gain":0.0,"event_name":"The Library","player_choice":"Read","floor":19.0,"gold_loss":0.0,"damage_taken":0.0,"cards_obtained":["DTMod:WarmUp"]},{"damage_healed":0.0,"max_hp_gain":0.0,"max_hp_loss":0.0,"gold_gain":99.0,"event_name":"Nest","player_choice":"Stole From Cult","floor":21.0,"gold_loss":0.0,"damage_taken":0.0},{"damage_healed":0.0,"max_hp_gain":5.0,"max_hp_loss":0.0,"gold_gain":0.0,"event_name":"Forgotten Altar","player_choice":"Shed Blood","floor":28.0,"gold_loss":0.0,"damage_taken":11.0},{"cards_removed":["DTMod:DragonDance"],"damage_healed":0.0,"max_hp_gain":0.0,"max_hp_loss":0.0,"gold_gain":0.0,"event_name":"Falling","player_choice":"Removed Power","floor":38.0,"gold_loss":0.0,"damage_taken":0.0},{"damage_healed":0.0,"max_hp_gain":0.0,"max_hp_loss":0.0,"gold_gain":0.0,"event_name":"MindBloom","player_choice":"Fight","floor":39.0,"gold_loss":0.0,"damage_taken":0.0},{"damage_healed":0,"gold_gain":0,"player_choice":"Paid","damage_taken":0,"relics_obtained":["Red Mask"],"max_hp_gain":0,"max_hp_loss":0,"event_name":"Tomb of Lord Red Mask","floor":47,"gold_loss":112}],"is_beta":false,"boss_relics":[{"not_picked":["SlaversCollar","Ectoplasm"],"picked":"Black Star"},{"not_picked":["Fusion Hammer","Pandora\u0027s Box"],"picked":"DTMod:TheChair"}],"items_purged_floors":[20,41],"is_endless":false,"potions_floor_spawned":[1,4,5,12,16,18,22,35,36,37,44,46],"ascension_level":0}}