{"host":"coame8l8goqx0svj","time":1613228487,"event":{"mods":["BaseMod","Downfall","Minty Spire (QoL Compilation)","StSLib"],"gold_per_floor":[99,99,64,64,64,93,145,160,170,170,170,80,80,80,97,193,193,193,210,228,228,228,263,302,314,326,338,366,378,390,502,525,633,645,657,669,691,280,298,298,298,312,312,324,354,354,367,367,367,367],"floor_reached":51,"language":"ENG","playtime":3165,"items_purged":["bronze:RecursiveStrike"],"score":945,"play_id":"9d72d2b9-d247-49c5-9f7b-058fee4a949b","local_time":"20210213160127","is_ascension_mode":true,"campfire_choices":[{"data":"bronze:Replicate","floor":1,"key":"SMITH"},{"floor":13,"key":"REST"},{"data":"bronze:Repulsor","floor":18,"key":"SMITH"},{"data":"bronze:Terminator","floor":35,"key":"SMITH"},{"floor":40,"key":"REST"},{"data":"bronze:Repulsor","floor":46,"key":"SMITH"},{"data":"bronze:Verify","floor":49,"key":"SMITH"}],"circlet_count":0,"master_deck":["bronze:Defend","bronze:Defend","bronze:Defend+1","bronze:Replicate+1","bronze:Goto","bronze:Fortify","bronze:Assembly","bronze:Flail","bronze:ChosenStrike","bronze:Repulsor+1","bronze:Shield","bronze:Branch","bronze:DazingPulse","bronze:ChildClass","bronze:Repair","bronze:Terminator+1","bronze:Constructor","bronze:Optimize","bronze:ItsAFeature","bronze:DecaBeam","bronze:FineTuning+1","bronze:FollowUp","bronze:Verify+1","bronze:InfiniteLoop+1","bronze:Branch+1","bronze:ForLoop+1","bronze:Constructor+1","bronze:Assembly","bronze:Terminator+1","bronze:Allocate","bronze:FollowUp","bronze:Repulsor+1","bronze:BronzeOrb+1"],"relics":["bronze:BronzeCore","downfall:HeartsMalice","Torii","Juzu Bracelet","Nunchaku","bronze:MakeshiftBattery","MawBank","Regal Pillow","sneckomod:BabySnecko","Matryoshka","Astrolabe","Eternal Feather","Centennial Puzzle","White Beast Statue","StoneCalendar","PreservedInsect","Mercury Hourglass","Dead Branch"],"acts_visited":["Exordium","TheCity","TheBeyond"],"potions_floor_usage":[12,16,16,19,20,23,23,33,38],"damage_taken":[{"damage":0,"enemies":"2 Louse","floor":2,"turns":1},{"damage":0,"enemies":"downfall:FleeingMerchant","floor":3,"turns":1},{"damage":0,"enemies":"Cultist","floor":5,"turns":1},{"damage":29,"enemies":"Gremlin Nob","floor":6,"turns":4},{"damage":7,"enemies":"Jaw Worm","floor":8,"turns":2},{"damage":8,"enemies":"Large Slime","floor":9,"turns":6},{"damage":0,"enemies":"Large Slime","floor":10,"turns":2},{"damage":5,"enemies":"downfall:FleeingMerchant","floor":12,"turns":4},{"damage":0,"enemies":"2 Fungi Beasts","floor":15,"turns":1},{"damage":20,"enemies":"WA_ARCHETYPE_RETAIN","floor":16,"turns":12},{"damage":13,"enemies":"downfall:LooterAlt2","floor":19,"turns":5},{"damage":22,"enemies":"Spheric Guardian","floor":20,"turns":4},{"damage":10,"enemies":"Book of Stabbing","floor":23,"turns":7},{"damage":14,"enemies":"3 Cultists","floor":28,"turns":4},{"damage":10,"enemies":"3 Cultists","floor":31,"turns":6},{"damage":8,"enemies":"Snake Plant","floor":32,"turns":4},{"damage":18,"enemies":"IC_MUSHROOM_ARCHETYPE","floor":33,"turns":10},{"damage":56,"enemies":"3 Shapes","floor":37,"turns":7},{"damage":0,"enemies":"downfall:FleeingMerchant","floor":38,"turns":4},{"damage":0,"enemies":"3 Darklings","floor":39,"turns":2},{"damage":33,"enemies":"Transient","floor":42,"turns":5},{"damage":18,"enemies":"Jaw Worm Horde","floor":44,"turns":6},{"damage":8,"enemies":"Giant Head","floor":45,"turns":8},{"damage":40,"enemies":"3 Darklings","floor":47,"turns":6},{"damage":24,"enemies":"DF_ARCHETYPE_ORBS","floor":50,"turns":7}],"seed_played":"4167874445957749512","potions_obtained":[{"floor":6,"key":"bronze:BuildAFunctionPotion"},{"floor":8,"key":"Explosive Potion"},{"floor":9,"key":"Dexterity Potion"},{"floor":16,"key":"Explosive Potion"},{"floor":19,"key":"sneckomod:MuddlingPotion"},{"floor":20,"key":"SkillPotion"},{"floor":22,"key":"CultistPotion"},{"floor":31,"key":"DistilledChaos"},{"floor":33,"key":"Strength Potion"},{"floor":42,"key":"BlessingOfTheForge"},{"floor":43,"key":"LiquidBronze"},{"floor":43,"key":"bronze:BurnAndBuffPotion"},{"floor":47,"key":"ColorlessPotion"}],"is_trial":false,"path_per_floor":["R","M","$","?","M","E","T","M","M","?","?","$","R","?","M","B",null,"R","M","M","?","?","E","T","?","?","?","M","?","T","?","M","B",null,"R","?","M","$","M","R","T","M","?","M","E","R","M","T","R","B",null],"character_chosen":"THE_AUTOMATON","items_purchased":["bronze:Flail","Eternal Feather","Centennial Puzzle"],"campfire_rested":2,"item_purchase_floors":[3,38,38],"current_hp_per_floor":[63,63,63,63,63,34,34,27,19,19,16,11,32,32,32,19,57,57,51,29,29,29,26,26,49,49,49,42,80,80,70,69,58,75,75,67,18,28,28,80,80,55,55,47,53,71,61,61,79,62],"gold":367,"neow_bonus":"THREE_ENEMY_KILL","is_daily":false,"chose_seed":false,"campfire_upgraded":5,"win_rate":0.0,"timestamp":1613228487,"path_taken":["R","M","$","?","?","E","T","M","M","?","?","$","R","?","M","BOSS","R","M","M","?","?","E","T","?","?","?","M","?","?","?","M","BOSS","R","?","M","$","M","R","T","M","?","M","E","R","M","?","R","BOSS"],"items_purchased_type":["Card","Relic","Relic"],"build_version":"2020-12-22","purchased_purges":1,"victory":true,"max_hp_per_floor":[70,70,70,70,70,70,70,70,70,70,70,70,70,70,70,70,70,70,70,70,70,70,70,70,70,70,70,70,80,80,80,80,80,80,80,80,80,80,80,80,80,80,80,80,80,80,80,80,80,80],"card_choices":[{"not_picked":["bronze:Shield","bronze:BronzeOrb"],"picked":"bronze:Fortify","floor":2},{"not_picked":["bronze:BronzeOrb","bronze:BitShift"],"picked":"bronze:Assembly","floor":3},{"not_picked":["bronze:Turbo","bronze:ForceShield"],"picked":"bronze:ChosenStrike","floor":5},{"not_picked":["bronze:MaxOutput","bronze:Refactor"],"picked":"bronze:Repulsor","floor":6},{"not_picked":["bronze:WildBeam","bronze:Flail"],"picked":"bronze:Shield","floor":8},{"not_picked":["bronze:NullPointer","bronze:DelayedSlice"],"picked":"bronze:Branch","floor":9},{"not_picked":[],"picked":"bronze:DazingPulse","floor":10},{"not_picked":["bronze:Iterate","bronze:Allocate"],"picked":"bronze:ChildClass","floor":10},{"not_picked":["bronze:Philosophize","bronze:Break"],"picked":"bronze:Repair","floor":12},{"not_picked":["bronze:Repulsor","bronze:Iterate","bronze:Philosophize"],"picked":"SKIP","floor":15},{"not_picked":["bronze:Hardcode","bronze:HyperBeam"],"picked":"bronze:HardenedForm","floor":16},{"not_picked":["bronze:BitShift+1","bronze:Optimize"],"picked":"bronze:Terminator","floor":19},{"not_picked":["bronze:WildBeam+1","bronze:NullPointer"],"picked":"bronze:Constructor","floor":20},{"not_picked":["bronze:TinkerersToolbox","bronze:CloningBeam"],"picked":"bronze:Optimize","floor":23},{"not_picked":["bronze:WildBeam","bronze:Flail+1"],"picked":"bronze:ItsAFeature","floor":28},{"not_picked":[],"picked":"bronze:DecaBeam","floor":31},{"not_picked":["bronze:Overheat","bronze:Frontload"],"picked":"bronze:FineTuning+1","floor":31},{"not_picked":["bronze:CutThrough","bronze:BitShift"],"picked":"bronze:FollowUp","floor":32},{"not_picked":["bronze:TinkerersToolbox","bronze:Virus"],"picked":"bronze:Verify","floor":33},{"not_picked":["bronze:Boost+1","bronze:InfiniteBeams+1"],"picked":"bronze:Constructor+1","floor":37},{"not_picked":["bronze:OilSpill","bronze:WildBeam+1"],"picked":"bronze:Assembly","floor":38},{"not_picked":["bronze:Turbo","bronze:Invalidate+1"],"picked":"bronze:Terminator+1","floor":39},{"not_picked":["bronze:Branch+1","bronze:Constructor+1"],"picked":"bronze:Allocate","floor":42},{"not_picked":["bronze:Philosophize","bronze:CutThrough+1"],"picked":"bronze:FollowUp","floor":44},{"not_picked":["bronze:AlphaBuild","bronze:MaxOutput+1"],"picked":"bronze:Repulsor","floor":45},{"not_picked":["bronze:Deprecate","bronze:Repulsor+1"],"picked":"bronze:BronzeOrb+1","floor":47}],"player_experience":1807742,"relics_obtained":[{"floor":6,"key":"Torii"},{"floor":7,"key":"Juzu Bracelet"},{"floor":23,"key":"MawBank"},{"floor":24,"key":"Regal Pillow"},{"floor":30,"key":"Matryoshka"},{"floor":41,"key":"White Beast Statue"},{"floor":41,"key":"StoneCalendar"},{"floor":45,"key":"PreservedInsect"},{"floor":48,"key":"Mercury Hourglass"},{"floor":48,"key":"Dead Branch"}],"event_choices":[{"cards_removed":["bronze:Strike"],"damage_healed":0,"gold_gain":0,"player_choice":"Offered Basic","damage_taken":0,"max_hp_gain":0,"max_hp_loss":0,"event_name":"Bonfire Elementals","floor":4,"gold_loss":0},{"damage_healed":0,"gold_gain":0,"player_choice":"Success","damage_taken":3,"relics_obtained":["Nunchaku"],"max_hp_gain":0,"max_hp_loss":0,"event_name":"Scrap Ooze","floor":11,"gold_loss":0},{"cards_removed":["bronze:Strike"],"damage_healed":0,"gold_gain":0,"player_choice":"Card Removal","damage_taken":0,"max_hp_gain":0,"max_hp_loss":0,"event_name":"The Cleric","floor":14,"gold_loss":0},{"damage_healed":0,"gold_gain":0,"cards_transformed":["bronze:Strike","bronze:Strike"],"player_choice":"Became Test Subject","damage_taken":0,"max_hp_gain":0,"max_hp_loss":0,"event_name":"Drug Dealer","floor":21,"gold_loss":0,"cards_obtained":["bronze:OilSpill","bronze:Safeguard"]},{"damage_healed":23,"gold_gain":0,"player_choice":"Heal","damage_taken":0,"max_hp_gain":0,"max_hp_loss":0,"event_name":"The Library","floor":25,"gold_loss":0},{"damage_healed":0,"gold_gain":0,"player_choice":"Ignored","damage_taken":0,"max_hp_gain":0,"max_hp_loss":0,"event_name":"Vampires","floor":26,"gold_loss":0},{"damage_healed":0,"gold_gain":0,"player_choice":"Got Potions","damage_taken":0,"max_hp_gain":0,"max_hp_loss":0,"event_name":"Lab","floor":43,"gold_loss":0}],"is_beta":false,"boss_relics":[{"not_picked":["expansioncontent:StudyCardRelic","Black Star"],"picked":"bronze:MakeshiftBattery"},{"not_picked":["Snecko Eye","Tiny House"],"picked":"Astrolabe"}],"items_purged_floors":[12],"is_endless":false,"potions_floor_spawned":[6,8,9,16,19,20,31,33,42,44,45,47],"ascension_level":8}}