{"host":"zrerxgu8lagrk16e","time":1613188954,"event":{"mods":["AchievementEnabler","BaseMod","Better Altar","Better Match","Better Note","Better Sensory Stone","Better Skull","Better Third Choice","BetterRewards","Colored Map","Colored Powertips","Minty Spire (QoL Compilation)","Quick Restart","Relic Stats","StSLib","slay the spire mod where everything is the same but ironclad has a cowboy hat"],"gold_per_floor":[118,189,154,172,172,172,207,234,269,281,293,293],"floor_reached":11,"language":"ENG","playtime":584,"items_purged":[],"score":92,"play_id":"1d3d6d77-7488-4b9d-b59a-b11f4ae41cec","local_time":"20210212230234","is_ascension_mode":true,"campfire_choices":[{"data":"Flame Barrier","floor":6,"key":"SMITH"}],"circlet_count":0,"master_deck":["Strike_R","Strike_R","Strike_R","Defend_R","Defend_R","Defend_R","Defend_R","Bash","Thunderclap","Heavy Blade","Flame Barrier+1","Warcry","Burn","Impervious","Evolve"],"relics":["Burning Blood","MawBank","Bag of Preparation"],"acts_visited":["Exordium"],"potions_floor_usage":[7],"damage_taken":[{"damage":7,"enemies":"Jaw Worm","floor":1,"turns":4},{"damage":9,"enemies":"Small Slimes","floor":4,"turns":3},{"damage":50,"enemies":"3 Sentries","floor":7,"turns":9},{"damage":0,"enemies":"Cultist","floor":8,"turns":4},{"damage":29,"enemies":"Lagavulin","floor":11,"turns":8}],"seed_played":"9156818220055376868","potions_obtained":[{"floor":4,"key":"SteroidPotion"},{"floor":7,"key":"BlessingOfTheForge"}],"is_trial":false,"path_per_floor":["M","?","?","M","?","R","E","M","T","$","E"],"character_chosen":"IRONCLAD","items_purchased":[],"campfire_rested":0,"item_purchase_floors":[],"current_hp_per_floor":[50,50,70,67,67,67,23,29,29,29,0,0],"gold":293,"neow_bonus":"TRANSFORM_TWO_CARDS","is_daily":false,"chose_seed":false,"campfire_upgraded":1,"win_rate":0.0,"timestamp":1613188954,"path_taken":["M","?","?","M","?","R","E","M","T","?","E"],"items_purchased_type":[],"build_version":"2020-12-22","purchased_purges":0,"victory":false,"max_hp_per_floor":[80,80,80,80,80,80,80,80,80,80,80,80],"relic_stats":{"counters":[5,28],"Bag of Preparation":[2],"MawBank":48,"obtain_stats":[{"Bag of Preparation":9,"MawBank":7,"Burning Blood":0},{"Bag of Preparation":4,"MawBank":3,"Burning Blood":0},{"Bag of Preparation":20,"MawBank":16,"Burning Blood":0}],"Burning Blood":24},"card_choices":[{"not_picked":["Shrug It Off","Iron Wave"],"picked":"Flame Barrier","floor":1},{"not_picked":["Flex","Rage"],"picked":"Warcry","floor":4},{"not_picked":["Dropkick","Spot Weakness"],"picked":"Impervious","floor":7},{"not_picked":["Seeing Red","Wild Strike"],"picked":"Evolve","floor":8}],"player_experience":220110,"relics_obtained":[{"floor":7,"key":"MawBank"},{"floor":9,"key":"Bag of Preparation"}],"event_choices":[{"damage_healed":0,"gold_gain":71,"player_choice":"Gained Gold","damage_taken":0,"max_hp_gain":0,"max_hp_loss":0,"event_name":"Golden Wing","floor":2,"gold_loss":0},{"damage_healed":20,"gold_gain":0,"player_choice":"Healed","damage_taken":0,"max_hp_gain":0,"max_hp_loss":0,"event_name":"The Cleric","floor":3,"gold_loss":35},{"damage_healed":67,"gold_gain":0,"player_choice":"Embrace Burn","damage_taken":0,"max_hp_gain":0,"max_hp_loss":80,"event_name":"betterThird:BetterShining","floor":5,"gold_loss":0}],"is_beta":false,"boss_relics":[],"items_purged_floors":[],"is_endless":false,"potions_floor_spawned":[4,7],"killed_by":"Lagavulin","ascension_level":6}}