{"host":"lf1yj6sxagf80nuh","time":1613226292,"event":{"mods":["Aspiration","BaseMod","Colored Map","Colored Powertips","DeckTracker","Hermit","Highlight Path","Lobotomy","LobotomyExtend","Minty Spire (QoL Compilation)","Quick Restart","StSLib","The Animator"],"gold_per_floor":[114,114,131,143,161,189,189,218,218,218,229,262,262,272,272,369,369,382,400,411,428,428,428,353,378,378,405,420,420,449,490,490,595,595,618,636,667,667,667,702,721,781,805,818,861,872,872,872,872,872],"floor_reached":51,"language":"ENG","playtime":4814,"items_purged":[],"score":776,"play_id":"b6bb6f4a-408d-40c6-a65a-35ce49f0e24c","local_time":"20210213112452","is_ascension_mode":true,"campfire_choices":[{"floor":7.0,"key":"REST"},{"data":"hermit:Gestalt","floor":13.0,"key":"SMITH"},{"floor":15.0,"key":"REST"},{"floor":23.0,"key":"REST"},{"data":"hermit:HighNoon","floor":29.0,"key":"SMITH"},{"data":"Malaise","floor":32.0,"key":"SMITH"},{"data":"1","floor":47,"key":"LIFT"},{"data":"2","floor":49,"key":"LIFT"}],"circlet_count":0,"master_deck":["hermit:Strike_Hermit+1","hermit:Strike_Hermit+1","hermit:Strike_Hermit+1","hermit:Defend_Hermit+1","hermit:Defend_Hermit+1","hermit:Snapshot","hermit:Covet","hermit:RoundhouseKick","hermit:EyeOfTheStorm","Finisher","Bouncing Flask","Malaise+1","hermit:LowProfile","hermit:Misfire","hermit:Quickdraw","hermit:Headshot","hermit:HeroicBravado+1","hermit:Gestalt+1","hermit:HighNoon+1","Rampage+1","Headbutt+1","Seeing Red+1","hermit:Snipe+1","hermit:Combo+1","hermit:Gestalt+1","Immolate+1","hermit:FromBeyond","hermit:TakeCover","Parasite","Hemokinesis+1","hermit:Enervate+1","Spot Weakness","hermit:ShadowCloak"],"relics":["hermit:Momento","Bag of Preparation","Bird Faced Urn","hermit:Horseshoe","Happy Flower","aspiration:IroncladSkillbook","Molten Egg 2","Centennial Puzzle","Lantern","Red Mask","CeramicFish","Fusion Hammer","LetterFromLob","Bronze Scales","Girya","Blood Vial","Toy Ornithopter"],"acts_visited":["Exordium","TheCity","TheBeyond"],"potions_floor_usage":[40,40,42],"damage_taken":[{"damage":2.0,"enemies":"Small Slimes","floor":1.0,"turns":3.0},{"damage":0.0,"enemies":"Cultist","floor":3.0,"turns":2.0},{"damage":13.0,"enemies":"2 Louse","floor":4.0,"turns":2.0},{"damage":14.0,"enemies":"Blue Slaver","floor":5.0,"turns":3.0},{"damage":25.0,"enemies":"Lagavulin","floor":6.0,"turns":6.0},{"damage":10.0,"enemies":"Gremlin Nob","floor":8.0,"turns":5.0},{"damage":0.0,"enemies":"2 Fungi Beasts","floor":11.0,"turns":2.0},{"damage":2.0,"enemies":"Lagavulin","floor":12.0,"turns":4.0},{"damage":1.0,"enemies":"Looter","floor":14.0,"turns":2.0},{"damage":6.0,"enemies":"Hexaghost","floor":16.0,"turns":10.0},{"damage":5.0,"enemies":"3 Byrds","floor":18.0,"turns":3.0},{"damage":13.0,"enemies":"2 Thieves","floor":19.0,"turns":5.0},{"damage":2.0,"enemies":"Snake Plant","floor":20.0,"turns":3.0},{"damage":30.0,"enemies":"Shelled Parasite and Fungi","floor":21.0,"turns":5.0},{"damage":16.0,"enemies":"Slavers","floor":25.0,"turns":4.0},{"damage":6.0,"enemies":"Gremlin Leader","floor":27.0,"turns":8.0},{"damage":3.0,"enemies":"3 Cultists","floor":28.0,"turns":5.0},{"damage":0.0,"enemies":"Masked Bandits","floor":30.0,"turns":3.0},{"damage":5.0,"enemies":"Book of Stabbing","floor":31.0,"turns":5.0},{"damage":7.0,"enemies":"Champ","floor":33.0,"turns":14.0},{"damage":0.0,"enemies":"Orb Walker","floor":35.0,"turns":2.0},{"damage":19,"enemies":"3 Darklings","floor":36,"turns":5},{"damage":2,"enemies":"Writhing Mass","floor":37,"turns":7},{"damage":8,"enemies":"Nemesis","floor":40,"turns":7},{"damage":11,"enemies":"Transient","floor":41,"turns":5},{"damage":16,"enemies":"2 Orb Walkers","floor":42,"turns":3},{"damage":13,"enemies":"4 Shapes","floor":44,"turns":7},{"damage":9,"enemies":"Giant Head","floor":45,"turns":8},{"damage":6,"enemies":"Maw","floor":46,"turns":8},{"damage":41,"enemies":"Donu and Deca","floor":50,"turns":6}],"seed_played":"-9041742602783307516","potions_obtained":[{"floor":4.0,"key":"PowerPotion"},{"floor":6.0,"key":"EntropicBrew"},{"floor":8.0,"key":"Weak Potion"},{"floor":14.0,"key":"SteroidPotion"},{"floor":18.0,"key":"hermit:BlackBile"},{"floor":20.0,"key":"Explosive Potion"},{"floor":27.0,"key":"Block Potion"},{"floor":30.0,"key":"AttackPotion"},{"floor":36,"key":"ColorlessPotion"},{"floor":37,"key":"Weak Potion"},{"floor":41,"key":"SkillPotion"},{"floor":46,"key":"Block Potion"}],"is_trial":false,"path_per_floor":["M","?","M","M","M","E","R","E","T","?","M","E","R","M","R","B",null,"M","M","M","M","?","R","?","E","T","E","M","R","?","E","R","B",null,"M","M","M","?","?","E","M","?","T","M","E","M","R","E","R","B",null],"character_chosen":"HERMIT","items_purchased":[],"campfire_rested":3,"item_purchase_floors":[],"current_hp_per_floor":[73,73,73,60,46,21,43,33,33,33,33,31,31,30,52,46,75,74,67,69,45,45,67,67,55,55,55,60,60,66,69,69,70,75,75,64,70,70,75,75,70,60,60,57,58,64,64,64,64,35],"gold":872,"neow_bonus":"ONE_RANDOM_RARE_CARD","is_daily":false,"chose_seed":false,"campfire_upgraded":3,"win_rate":0.0,"timestamp":1613226292,"path_taken":["M","?","?","M","M","E","R","E","T","?","?","E","R","M","R","BOSS","M","M","M","?","?","R","?","E","T","E","M","R","?","E","R","BOSS","M","M","M","?","?","E","?","?","T","M","E","M","R","E","R","BOSS"],"items_purchased_type":[],"build_version":"2020-12-22","purchased_purges":0,"victory":true,"max_hp_per_floor":[75,75,75,75,75,75,75,75,75,75,75,75,75,75,75,75,75,75,75,75,75,75,75,75,75,75,75,75,75,75,75,75,75,75,75,75,75,75,75,75,75,75,75,75,75,75,75,75,75,75],"card_choices":[{"not_picked":["hermit:Feint","hermit:Ricochet"],"picked":"hermit:EyeOfTheStorm","floor":1.0},{"not_picked":["hermit:CalledShot","hermit:Showdown"],"picked":"hermit:LowProfile","floor":3.0},{"not_picked":["hermit:Vantage","hermit:OverwhelmingPower"],"picked":"hermit:Misfire","floor":4.0},{"not_picked":["hermit:Snipe","hermit:Manifest"],"picked":"hermit:Quickdraw","floor":5.0},{"not_picked":["hermit:Glare","hermit:Showdown"],"picked":"hermit:Headshot","floor":6.0},{"not_picked":["hermit:CalledShot","hermit:WideOpen"],"picked":"hermit:HeroicBravado","floor":8.0},{"not_picked":["hermit:Feint","hermit:TakeCover"],"picked":"hermit:Shortfuse","floor":11.0},{"not_picked":["hermit:BigShot","hermit:EyeOfTheStorm"],"picked":"hermit:Gestalt","floor":12.0},{"not_picked":["hermit:Misfire","hermit:CursedWeapon"],"picked":"hermit:Dive","floor":14.0},{"not_picked":["hermit:FatalDesire","hermit:Adapt"],"picked":"hermit:HighNoon","floor":16.0},{"not_picked":["hermit:Feint","hermit:Desperado+1","Flex"],"picked":"Rampage+1","floor":18.0},{"not_picked":["Havoc+1","Feel No Pain","hermit:Vantage"],"picked":"Headbutt+1","floor":19.0},{"not_picked":["hermit:CursedWeapon","Heavy Blade","Shockwave+1","Iron Wave"],"picked":"SKIP","floor":20.0},{"not_picked":["hermit:Roulette","Spot Weakness","hermit:Magnum"],"picked":"Seeing Red+1","floor":21.0},{"not_picked":["hermit:Vantage","hermit:WideOpen+1","Anger+1"],"picked":"hermit:Snipe+1","floor":25.0},{"not_picked":["Armaments","hermit:Glare+1","hermit:LoneWolf"],"picked":"hermit:Combo+1","floor":27.0},{"not_picked":["hermit:SprayPray+1","hermit:Coalescence","hermit:FullyLoaded"],"picked":"hermit:Gestalt+1","floor":28.0},{"not_picked":["Second Wind","Shrug It Off","Pommel Strike+1"],"picked":"Immolate+1","floor":31.0},{"not_picked":["hermit:HeroicBravado","Double Tap","hermit:EternalForm"],"picked":"hermit:FromBeyond","floor":33.0},{"not_picked":["Rampage+1","hermit:Spite+1","hermit:HoleUp"],"picked":"hermit:TakeCover","floor":35.0},{"not_picked":["hermit:Desperado+1","hermit:CalledShot+1","hermit:BodyArmor+1","hermit:HighCaliber+1"],"picked":"SKIP","floor":36},{"not_picked":["Flame Barrier+1","hermit:BlackWind+1","Perfected Strike+1"],"picked":"Hemokinesis+1","floor":37},{"not_picked":["hermit:Gambit","hermit:Spite+1","Pommel Strike+1"],"picked":"hermit:Enervate+1","floor":40},{"not_picked":["Headbutt+1","hermit:Ricochet+1","hermit:LowProfile+1","Anger+1"],"picked":"SKIP","floor":41},{"not_picked":["Sentinel+1","Rage","hermit:LoneWolf"],"picked":"Spot Weakness","floor":42},{"not_picked":["Rage","hermit:Shortfuse+1","hermit:Showdown+1","Sever Soul+1"],"picked":"SKIP","floor":44},{"not_picked":["hermit:Spite+1","Shrug It Off","hermit:Combo"],"picked":"hermit:ShadowCloak","floor":45},{"not_picked":["Cleave+1","Headbutt+1","hermit:GoldenBullet+1","hermit:Deadeye+1"],"picked":"SKIP","floor":46}],"player_experience":512871,"relics_obtained":[{"floor":6.0,"key":"Bag of Preparation"},{"floor":8.0,"key":"Bird Faced Urn"},{"floor":9.0,"key":"hermit:Horseshoe"},{"floor":12.0,"key":"Happy Flower"},{"floor":25.0,"key":"Molten Egg 2"},{"floor":26.0,"key":"Centennial Puzzle"},{"floor":27.0,"key":"Lantern"},{"floor":30.0,"key":"Red Mask"},{"floor":31.0,"key":"CeramicFish"},{"floor":36,"key":"LetterFromLob"},{"floor":40,"key":"Bronze Scales"},{"floor":42,"key":"Girya"},{"floor":43,"key":"Blood Vial"},{"floor":45,"key":"Toy Ornithopter"}],"event_choices":[{"damage_healed":0.0,"max_hp_gain":0.0,"max_hp_loss":0.0,"gold_gain":0.0,"event_name":"Upgrade Shrine","player_choice":"Upgraded","floor":10.0,"gold_loss":0.0,"damage_taken":0.0,"cards_upgraded":["hermit:HeroicBravado"]},{"damage_healed":0.0,"max_hp_gain":0.0,"max_hp_loss":0.0,"gold_gain":0.0,"event_name":"Back to Basics","player_choice":"Simplicity","floor":22.0,"gold_loss":0.0,"damage_taken":0.0,"cards_upgraded":["hermit:Strike_Hermit","hermit:Strike_Hermit","hermit:Strike_Hermit","hermit:Defend_Hermit","hermit:Defend_Hermit"]},{"cards_removed":["hermit:Shortfuse"],"damage_healed":0.0,"max_hp_gain":0.0,"max_hp_loss":0.0,"gold_gain":0.0,"event_name":"Beggar","player_choice":"Gave Gold","floor":24.0,"gold_loss":75.0,"damage_taken":0.0},{"damage_healed":0.0,"max_hp_gain":0.0,"max_hp_loss":0.0,"gold_gain":0.0,"event_name":"Masked Bandits","player_choice":"Fought Bandits","floor":30.0,"gold_loss":0.0,"damage_taken":0.0},{"cards_removed":["hermit:Dive"],"damage_healed":0,"gold_gain":0,"player_choice":"Removed Skill","damage_taken":0,"max_hp_gain":0,"max_hp_loss":0,"event_name":"Falling","floor":38,"gold_loss":0},{"damage_healed":0,"gold_gain":0,"player_choice":"Fight","damage_taken":0,"max_hp_gain":0,"max_hp_loss":0,"event_name":"Mysterious Sphere","floor":42,"gold_loss":0}],"is_beta":false,"boss_relics":[{"not_picked":["Sozu","aspiration:RitualDagger"],"picked":"aspiration:IroncladSkillbook"},{"not_picked":["Runic Dome","Pandora\u0027s Box"],"picked":"Fusion Hammer"}],"items_purged_floors":[],"is_endless":false,"potions_floor_spawned":[4,6,8,14,18,20,27,30,36,37,41,46],"ascension_level":1}}