{"host":"dr01x95rw3kaiuk5","time":1613206138,"event":{"mods":["ATMod(°¢èªMod)","Act Like it!","Arknights","BaseMod","Colored Powertips","Conspire","Energized Spire","Friendly Minions","Gensokyo","GifTheSpireLib","KinomotoSakuraMod(Ä¾Ö®±¾Ó£)","Minty Spire (QoL Compilation)","MostiFishMod","Reliquary","Replay The Spire","Shop Mod","Spicy Shops","StSLib","TestMod","UnlockEverythingMod","[IsaacMod]ÒÔÈö¼âËþ","¡¾ÒÅÎï¿¨ÅÆ¡¿REMEMod"],"gold_per_floor":[114,36,54,73,87,87,118,268,320,337,111,124,124,149,149,226,226,236,236,236,236],"floor_reached":20,"language":"ZHS","playtime":929,"items_purged":["Strike_G","Strike_G"],"score":418,"play_id":"c681525b-a464-4382-90d1-695356be71e9","local_time":"20210213164858","is_ascension_mode":true,"campfire_choices":[{"data":"conspire:DoublingDagger","floor":6,"key":"SMITH"},{"data":"Doubt","floor":15,"key":"PURGE"}],"circlet_count":0,"master_deck":["AscendersBane","Strike_G","Strike_G","Strike_G","Defend_G","Defend_G","Defend_G","Defend_G","Defend_G","Survivor","Neutralize","AT_FamilyPortrait","Choke","conspire:DoublingDagger+1","Hidden Blade","Cloak And Dagger","Adrenaline","ReplayTheSpireMod:Scrap Shanks","Cloak And Dagger","MostiFishMod:PreservedThorns","MostiFishMod:WinterMarkForm","Decay"],"relics":["Ring of the Snake","testmod-TestBox","HushsDoor","AT_ATBox","DaveBox","REME_ComplimentaryCards","Brimstone","SteamSale","testmod-RainbowHikingShoes","NeowsBlessing","SynthV:TestCard","UnicornStump","Blood Vial","DeathBook","reliquary:FerryPass","Happy Flower","Painkiller Herb"],"acts_visited":["Exordium","TheCity"],"potions_floor_usage":[16],"damage_taken":[{"damage":0,"enemies":"ats:Genji","floor":1,"turns":1},{"damage":0,"enemies":"2 Louse","floor":3,"turns":1},{"damage":0,"enemies":"Small Slimes","floor":4,"turns":1},{"damage":2,"enemies":"Red Slaver","floor":5,"turns":2},{"damage":0,"enemies":"3 Sentries","floor":7,"turns":1},{"damage":6,"enemies":"conspire:2 RoseBushes","floor":10,"turns":1},{"damage":0,"enemies":"Looter","floor":12,"turns":1},{"damage":10,"enemies":"Gremlin Nob","floor":14,"turns":3},{"damage":31,"enemies":"The Guardian","floor":16,"turns":4},{"damage":16,"enemies":"Shell Parasite","floor":18,"turns":2},{"damage":0,"enemies":"Chosen","floor":20,"turns":2}],"seed_played":"-1773631917719517020","potions_obtained":[{"floor":1,"key":"SkillPotion"},{"floor":3,"key":"Ancient Potion"},{"floor":18,"key":"Energy Potion"}],"is_trial":false,"path_per_floor":["M","$","M","M","M","R","E","?","T","M","$","M","?","E","R","B",null,"?","?","?"],"character_chosen":"THE_SILENT","items_purchased":["Choke","DeathBook","ReplayTheSpireMod:Scrap Shanks"],"campfire_rested":0,"item_purchase_floors":[2,11,11],"current_hp_per_floor":[59,59,59,59,57,57,57,57,57,53,53,55,40,32,32,3,50,36,36,38,38],"gold":236,"neow_bonus":"THREE_ENEMY_KILL","is_daily":false,"chose_seed":false,"campfire_upgraded":1,"win_rate":0.0,"timestamp":1613206138,"path_taken":["M","$","M","M","M","R","E","?","T","M","$","M","?","E","R","BOSS","?","?","?"],"items_purchased_type":["Card","Relic","Card"],"build_version":"2020-12-22","purchased_purges":2,"victory":false,"max_hp_per_floor":[66,66,66,66,66,66,66,66,66,66,66,66,66,66,66,66,66,66,66,66,66],"card_choices":[{"not_picked":["Outmaneuver","Deadly Poison","Calculated Gamble"],"picked":"SKIP","floor":1},{"not_picked":["Quick Slash","Prepared","Poisoned Stab","ReplayTheSpireMod:Tripwire"],"picked":"conspire:DoublingDagger","floor":3},{"not_picked":["MostiFishMod:InvigoratingSolution","Acrobatics","Sucker Punch","AT_WindRun"],"picked":"Hidden Blade","floor":4},{"not_picked":["Flechettes","MostiFishMod:VineMother","ReplayTheSpireMod:Speed Training","AT_WindFlip"],"picked":"Cloak And Dagger","floor":5},{"not_picked":["Acrobatics","Cloak And Dagger","Slice","Poisoned Stab"],"picked":"Bomb","floor":7},{"not_picked":["Bomb","PiercingWail","MostiFishMod:PerfectParry","Bane"],"picked":"Adrenaline","floor":10},{"not_picked":["PiercingWail","Acrobatics","Quick Slash","MostiFishMod:VineMother"],"picked":"Cloak And Dagger","floor":12},{"not_picked":["Deflect","MostiFishMod:PoisonShield","Skewer","Bane"],"picked":"MostiFishMod:PreservedThorns","floor":14},{"not_picked":["MostiFishMod:SpreadingSpore","MostiFishMod:LethalBlade","Doppelganger","AT_KingSlayer"],"picked":"MostiFishMod:WinterMarkForm","floor":16},{"not_picked":["Bane","AT_KneejerkReflex","Quick Slash","Dodge and Roll","Tactician"],"picked":"SKIP","floor":18}],"player_experience":268888,"relics_obtained":[{"floor":1,"key":"SynthV:TestCard"},{"floor":7,"key":"UnicornStump"},{"floor":9,"key":"Blood Vial"},{"floor":14,"key":"Happy Flower"}],"event_choices":[{"damage_healed":0,"gold_gain":150,"player_choice":"AGREE","damage_taken":0,"max_hp_gain":0,"max_hp_loss":0,"event_name":"Liars Game","floor":8,"gold_loss":0,"cards_obtained":["Doubt"]},{"damage_healed":0,"gold_gain":0,"player_choice":"Smashed Altar","damage_taken":0,"max_hp_gain":0,"max_hp_loss":0,"event_name":"Forgotten Altar","floor":19,"gold_loss":0,"cards_obtained":["Decay"]}],"is_beta":false,"boss_relics":[{"not_picked":["REME_DemonsWealth","energizedSpire:RedRose"],"picked":"Painkiller Herb"},{"not_picked":[]}],"items_purged_floors":[2,11],"is_endless":false,"potions_floor_spawned":[1,3,7,12,14,18],"killed_by":"Chosen","ascension_level":20}}