{"host":"gj67si5k8996twoo","time":1613238315,"event":{"mods":["100% Spire Juice","Abigail Mod","Act Like it!","Arknights","Bartender","BaseMod","CapriCore","Chen","Colored Map","Decade(???)","Downfall","Friendly Minions","Gensokyo","GifTheSpireLib","Jorbs\u0027s Wanderer Trilogy","Koishi","Minty Spire (QoL Compilation)","Onozuka Komachi Mod","Railgun Mod","Reliquary","Remove Card Discount Mod","Shop Mod","StSLib","The Animator","The Immortal","The Servant 0.9.4","WarShipGirlsR/????R mod","Yakumo Yukari mod","Yohane!","Yuri Mod","Yuyuko"],"gold_per_floor":[119,9,19,32,244,271,271,298,323,323,183,210,210,223,223,326,326,339,365,376,392,392,423,3,3,3,36,47,47,78,88,88,191,191,207,219,37,37,53,53,73,73,73,73,102,102,133,133,133,133],"floor_reached":51,"language":"ENG","playtime":2858,"items_purged":[],"score":892,"play_id":"baffe973-2b25-4e49-adbf-428572445f1b","local_time":"20210213184515","is_ascension_mode":true,"campfire_choices":[{"data":"TheRailgun:Sister_Noise","floor":7,"key":"SMITH"},{"data":"TheRailgun:Heroinism","floor":10,"key":"SMITH"},{"data":"TheRailgun:Biribiri","floor":15,"key":"SMITH"},{"data":"TheRailgun:Level_6","floor":25,"key":"SMITH"},{"data":"TheRailgun:Sister_Noise","floor":32,"key":"SMITH"},{"data":"TheRailgun:Overload","floor":40,"key":"SMITH"},{"data":"TheRailgun:Magnetic_Flight","floor":42,"key":"SMITH"},{"data":"Gensokyo:GreaterSplit","floor":49,"key":"SMITH"}],"circlet_count":0,"master_deck":["TheRailgun:Strike","TheRailgun:Defend","TheRailgun:Defend","TheRailgun:Defend","TheRailgun:Defend","TheRailgun:Discharge","TheRailgun:Static","TheRailgun:Zip+1","stsjorbsmod:Procrastination","TheRailgun:Heroinism+1","TheRailgun:Teleporter+1","TheRailgun:Zap","TheRailgun:Sister_Noise+1","TheRailgun:Coin_Flip","TheRailgun:Lightningbolt","TheRailgun:Magnetic_Flight+1","Injury","TheRailgun:Biribiri+1","TheRailgun:Overload+1","TheRailgun:Oneesama","TheRailgun:Pull+1","TheRailgun:Level_6+1","TheRailgun:Charge+1","TheRailgun:Iron_Dust_Sword","TheRailgun:Electric_Fence+1","TheRailgun:Scatter_Railgun","TheRailgun:Sister_Noise+1","TheRailgun:Crack+1","Gensokyo:ScrapIron","Gensokyo:GreaterSplit+1","Doubt","TheRailgun:Lightning_Speed+1","TheRailgun:Iron_Dust_Sword","TheRailgun:Battery_Pack+1"],"relics":["TheRailgun:CoinRelic","Du-Vu Doll","reliquary:Boomerang","Centennial Puzzle","Choco_Feather","Incense Burner","Kunai","reliquary:RedPaperclip","Vajra","Eternal Feather","Medical Kit","reliquary:Bookmark","Pantograph","PreservedInsect","Orichalcum","Lantern","StoneCalendar","Coffee Dripper","Strange Spoon","Nunchaku","reliquary:Buckler","Cleaning_Rag"],"acts_visited":["Exordium","Gensokyo:Gensokyo","Gensokyo:Gensokyoer"],"potions_floor_usage":[12,16,16,16,31,33,50,50],"damage_taken":[{"damage":0,"enemies":"Gensokyo:3_Fairies","floor":1,"turns":3},{"damage":8,"enemies":"Gensokyo:2_Kodama","floor":3,"turns":4},{"damage":1,"enemies":"Gensokyo:Gryphon","floor":4,"turns":3},{"damage":0,"enemies":"Gensokyo:LivingMonolith","floor":5,"turns":2},{"damage":9,"enemies":"Gensokyo:Aya","floor":6,"turns":4},{"damage":18,"enemies":"Gensokyo:Mamizou","floor":8,"turns":4},{"damage":0,"enemies":"Gensokyo:Aya","floor":12,"turns":2},{"damage":0,"enemies":"Gensokyo:VengefulSpirit","floor":14,"turns":2},{"damage":0,"enemies":"Gensokyo:Yukari","floor":16,"turns":6},{"damage":0,"enemies":"Gensokyo:Chomper","floor":18,"turns":2},{"damage":2,"enemies":"Gensokyo:2_Gloops","floor":20,"turns":2},{"damage":12,"enemies":"Gensokyo:Slime_Group","floor":21,"turns":3},{"damage":13,"enemies":"Gensokyo:Tenshi","floor":23,"turns":3},{"damage":23,"enemies":"Gensokyo:Koishi","floor":27,"turns":3},{"damage":0,"enemies":"Gensokyo:3_Gloops","floor":28,"turns":4},{"damage":0,"enemies":"Gensokyo:Reisen","floor":30,"turns":2},{"damage":17,"enemies":"Gensokyo:Wraith","floor":31,"turns":4},{"damage":26,"enemies":"Gensokyo:Eiki","floor":33,"turns":6},{"damage":12,"enemies":"Gensokyo:3_Boulders","floor":35,"turns":3},{"damage":5,"enemies":"Gensokyo:3_Bats","floor":36,"turns":2},{"damage":7,"enemies":"Gensokyo:Dusk_and_Dawn","floor":39,"turns":3},{"damage":13,"enemies":"Gensokyo:Sharpion","floor":41,"turns":3},{"damage":12,"enemies":"Gensokyo:Marisa","floor":45,"turns":2},{"damage":13,"enemies":"Gensokyo:Doremy","floor":47,"turns":3},{"damage":12,"enemies":"Gensokyo:Yuyuko","floor":50,"turns":6}],"seed_played":"-6380292779918495431","potions_obtained":[{"floor":4,"key":"ColorlessPotion"},{"floor":5,"key":"hexamod:SoulburnPotion"},{"floor":8,"key":"Fire Potion"},{"floor":12,"key":"LiquidBronze"},{"floor":21,"key":"Swift Potion"},{"floor":28,"key":"hexamod:SoulburnPotion"},{"floor":30,"key":"PanachePotion"},{"floor":31,"key":"Swift Potion"},{"floor":33,"key":"Ancient Potion"}],"is_trial":false,"path_per_floor":["M","COS","M","M","M","E","R","E","T","R","?","E","?","M","R","B",null,"M","T","M","M","?","E","COS","R","T","E","M","?","E","M","R","B",null,"M","M","COS","?","M","R","M","R","T","?","E","?","E","?","R","B",null],"character_chosen":"THE_DEFAULT","items_purchased":[],"campfire_rested":0,"item_purchase_floors":[],"current_hp_per_floor":[70,70,62,61,61,52,52,34,34,34,34,39,39,39,39,54,70,70,70,68,56,56,43,43,58,58,35,35,35,49,32,50,58,70,58,53,53,53,46,64,65,70,70,70,58,58,45,45,63,63],"gold":133,"neow_bonus":"ONE_RARE_RELIC","is_daily":false,"chose_seed":false,"campfire_upgraded":8,"win_rate":0.0,"timestamp":1613238315,"path_taken":["M","COS","M","M","M","E","R","E","T","R","?","E","?","M","R","BOSS","M","?","M","M","?","E","COS","R","T","E","M","?","E","M","R","BOSS","M","?","COS","?","?","R","M","R","T","?","E","?","E","?","R","BOSS"],"items_purchased_type":[],"build_version":"2020-12-22","purchased_purges":0,"victory":true,"max_hp_per_floor":[70,70,70,70,70,70,70,70,70,70,70,70,70,70,70,70,70,70,70,70,70,70,70,70,70,70,70,70,70,70,70,70,70,70,70,70,70,70,70,70,70,70,70,70,70,70,70,70,70,70],"card_choices":[{"not_picked":["TheRailgun:Iron_Dust_Vial","TheRailgun:Zip"],"picked":"TheRailgun:Heroinism","floor":1},{"not_picked":["TheRailgun:Zip+1","TheRailgun:Circuitous+1"],"picked":"TheRailgun:Teleporter+1","floor":3},{"not_picked":["TheRailgun:Crack","TheRailgun:Electric_Fence"],"picked":"TheRailgun:Zap","floor":3},{"not_picked":["TheRailgun:Negative_Field","TheRailgun:Charge"],"picked":"TheRailgun:Sister_Noise","floor":4},{"not_picked":["TheRailgun:Negative_Field","TheRailgun:Crack","TheRailgun:Charge"],"picked":"SKIP","floor":5},{"not_picked":["TheRailgun:Token_Collection","TheRailgun:Iron_Dust_Shield"],"picked":"TheRailgun:Coin_Flip","floor":6},{"not_picked":["TheRailgun:Circuit_Breaker","TheRailgun:Charge"],"picked":"TheRailgun:Lightningbolt","floor":8},{"not_picked":["TheRailgun:Charge","TheRailgun:Heroinism"],"picked":"TheRailgun:Magnetic_Flight","floor":12},{"not_picked":["TheRailgun:Lightningbolt","TheRailgun:Spark"],"picked":"TheRailgun:Biribiri","floor":14},{"not_picked":["TheRailgun:Supercharge","TheRailgun:Railgun"],"picked":"TheRailgun:Overload","floor":16},{"not_picked":["TheRailgun:Recharge","TheRailgun:Iron_Dust_Vial"],"picked":"TheRailgun:Oneesama","floor":18},{"not_picked":["TheRailgun:Circuit_Breaker+1","TheRailgun:Electric_Fence","TheRailgun:Gekotamania"],"picked":"SKIP","floor":20},{"not_picked":["TheRailgun:Spark","TheRailgun:Hypercharge"],"picked":"TheRailgun:Pull+1","floor":21},{"not_picked":["TheRailgun:Magnetic_Movement+1","TheRailgun:Circuitous"],"picked":"TheRailgun:Charge+1","floor":23},{"not_picked":["TheRailgun:Gekota_Phone","TheRailgun:Mental_Out"],"picked":"TheRailgun:Iron_Dust_Sword","floor":27},{"not_picked":["TheRailgun:Biribiri","TheRailgun:Crackle+1"],"picked":"TheRailgun:Electric_Fence+1","floor":28},{"not_picked":["TheRailgun:Thunderbolt","TheRailgun:Pull+1"],"picked":"TheRailgun:Sister_Noise","floor":30},{"not_picked":["TheRailgun:Push","TheRailgun:Sister_Network"],"picked":"TheRailgun:Crack+1","floor":31},{"not_picked":["TheRailgun:Push+1","TheRailgun:Coin_Flip","TheRailgun:Spark"],"picked":"SKIP","floor":35},{"not_picked":["TheRailgun:Crack","TheRailgun:Oneesama+1","TheRailgun:Positive_Field"],"picked":"SKIP","floor":36},{"not_picked":["TheRailgun:Magnetic_Movement","TheRailgun:Zip"],"picked":"TheRailgun:Lightning_Speed+1","floor":39},{"not_picked":["TheRailgun:Static+1","TheRailgun:Discharge"],"picked":"TheRailgun:Iron_Dust_Sword","floor":41},{"not_picked":["TheRailgun:Lightning_Speed+1","TheRailgun:Gekotamania+1"],"picked":"TheRailgun:Battery_Pack","floor":45},{"not_picked":["TheRailgun:Iron_Dust_Vial+1","TheRailgun:Discharge+1","TheRailgun:Hypercharge"],"picked":"SKIP","floor":47}],"player_experience":191804,"relics_obtained":[{"floor":6,"key":"reliquary:Boomerang"},{"floor":8,"key":"Toy Ornithopter"},{"floor":9,"key":"Centennial Puzzle"},{"floor":12,"key":"Incense Burner"},{"floor":19,"key":"Vajra"},{"floor":23,"key":"Eternal Feather"},{"floor":26,"key":"Pantograph"},{"floor":27,"key":"PreservedInsect"},{"floor":30,"key":"Orichalcum"},{"floor":43,"key":"Nunchaku"},{"floor":45,"key":"reliquary:Buckler"},{"floor":47,"key":"Cleaning_Rag"}],"event_choices":[],"is_beta":false,"boss_relics":[{"not_picked":["Calling Bell","Black Star"],"picked":"reliquary:RedPaperclip"},{"not_picked":["Pandora\u0027s Box","Runic Dome"],"picked":"Coffee Dripper"}],"items_purged_floors":[],"is_endless":false,"potions_floor_spawned":[4,5,8,12,21,28,30,31,33,41,45],"ascension_level":1}}