{"host":"djoj10dqzzvtkauc","time":1613223599,"event":{"mods":["2.2 Compatiblity","BaseMod","Colored Map","DeckTracker","Highlight Path","Keyboard Shortcuts","Marisa£¨Ùöéë¡¡Øª×âÞÞ£©","Minty Spire (QoL Compilation)","Permanent Neow","Quick Restart","Random Character Button","StSLib","SuperFastMode","everything is the same but u backflip on backflip"],"gold_per_floor":[112,132,152,152,171,171,205,6,6,25,40,50,50,70,70,70,70],"floor_reached":16,"language":"KOR","playtime":449,"items_purged":[],"score":191,"play_id":"d5309367-5840-4432-a4a7-07ac53219afb","local_time":"20210213223959","is_ascension_mode":true,"campfire_choices":[{"data":"Dagger Spray","floor":6.0,"key":"SMITH"},{"floor":13,"key":"REST"},{"data":"Well Laid Plans","floor":15,"key":"SMITH"}],"circlet_count":0,"master_deck":["AscendersBane","Strike_G","Strike_G","Strike_G","Strike_G","Defend_G","Defend_G","Defend_G","Defend_G","Defend_G","Survivor","Neutralize","PiercingWail","Dagger Spray+1","Backflip","Night Terror","Poisoned Stab","Well Laid Plans+1","PiercingWail","Masterful Stab","Slice","Deadly Poison","PiercingWail","Flying Knee"],"relics":["Ring of the Snake","Orichalcum","Letter Opener","Singing Bowl"],"acts_visited":["Exordium"],"potions_floor_usage":[16],"damage_taken":[{"damage":0.0,"enemies":"Small Slimes","floor":1.0,"turns":4.0},{"damage":0.0,"enemies":"Cultist","floor":2.0,"turns":5.0},{"damage":2.0,"enemies":"Jaw Worm","floor":3.0,"turns":5.0},{"damage":6.0,"enemies":"Gremlin Gang","floor":5.0,"turns":4.0},{"damage":25.0,"enemies":"Gremlin Nob","floor":7.0,"turns":5.0},{"damage":8,"enemies":"Large Slime","floor":10,"turns":6},{"damage":1,"enemies":"Looter","floor":11,"turns":3},{"damage":8,"enemies":"3 Louse","floor":12,"turns":4},{"damage":2,"enemies":"Blue Slaver","floor":14,"turns":4},{"damage":29,"enemies":"Hexaghost","floor":16,"turns":10}],"seed_played":"1201287918963995647","potions_obtained":[{"floor":2.0,"key":"DistilledChaos"},{"floor":3.0,"key":"LiquidMemories"},{"floor":14,"key":"Energy Potion"}],"is_trial":false,"path_per_floor":["M","M","M","?","M","R","E","$","T","M","M","M","R","M","R","B"],"character_chosen":"THE_SILENT","items_purchased":["PiercingWail","Masterful Stab","Slice"],"campfire_rested":1,"item_purchase_floors":[8,8,8],"current_hp_per_floor":[59,59,57,57,51,51,26,26,26,18,17,9,28,28,28,0,0],"gold":70,"neow_bonus":"RANDOM_COMMON_RELIC","is_daily":false,"chose_seed":false,"campfire_upgraded":2,"win_rate":0.0,"timestamp":1613223599,"path_taken":["M","M","M","?","M","R","E","$","T","M","M","M","R","M","R","BOSS"],"items_purchased_type":["Card","Card","Card"],"build_version":"2020-12-22","purchased_purges":0,"victory":false,"max_hp_per_floor":[66,66,66,66,66,66,66,66,66,66,66,66,66,68,68,68,68],"card_choices":[{"not_picked":["Deflect","Outmaneuver"],"picked":"PiercingWail","floor":1.0},{"not_picked":["Concentrate","Prepared"],"picked":"Dagger Spray","floor":2.0},{"not_picked":["Outmaneuver","Slice"],"picked":"Backflip","floor":3.0},{"not_picked":["Grand Finale","Prepared"],"picked":"Poisoned Stab","floor":5.0},{"not_picked":["Underhanded Strike","Endless Agony"],"picked":"Well Laid Plans","floor":7.0},{"not_picked":["Backflip","Quick Slash"],"picked":"Deadly Poison","floor":10},{"not_picked":["Dagger Spray","Cloak And Dagger"],"picked":"PiercingWail","floor":11},{"not_picked":["Backstab","All Out Attack"],"picked":"Flying Knee","floor":12},{"not_picked":["Phantasmal Killer","Poisoned Stab","Sucker Punch"],"picked":"Singing Bowl","floor":14}],"player_experience":241456,"relics_obtained":[{"floor":7.0,"key":"Letter Opener"},{"floor":9.0,"key":"Singing Bowl"}],"event_choices":[{"damage_healed":0.0,"max_hp_gain":0.0,"max_hp_loss":0.0,"gold_gain":0.0,"cards_transformed":["Strike_G"],"event_name":"Transmorgrifier","player_choice":"Transformed","floor":4.0,"gold_loss":0.0,"damage_taken":0.0,"cards_obtained":["Night Terror"]}],"is_beta":false,"boss_relics":[],"items_purged_floors":[],"is_endless":false,"potions_floor_spawned":[2,3,14],"killed_by":"Hexaghost","ascension_level":16}}