{"host":"i6cyhi9fkpzvr6lb","time":1613220723,"event":{"mods":["Act Like it!","Arknights","BaseMod","Better Skull","Gensokyo","Marisa£®ÏF”Í°°ƒß¿Ì…≥£©","Minty Spire (QoL Compilation)","Reimu£®≤©¿ˆ¡È√Œ£©","Remilia£®¿Ÿ√◊¿Ú—«£©","StSLib","The Servant 0.9.4","Thieving Mod","Youmu£®ªÍ∆«—˝√Œ£©","Yuyuko"],"gold_per_floor":[119,137,153,172,172,172,189,203,226,226,239,127,204,229,229,340,340,350,564,74,88,88,88],"floor_reached":22,"language":"ZHS","playtime":1329,"items_purged":["Shading:ReiMu"],"score":255,"play_id":"86da665b-8818-4f50-8e34-02f534201e59","local_time":"20210213205203","daily_mods":["SealedDeck"],"is_ascension_mode":false,"campfire_choices":[{"floor":6.0,"key":"REST"},{"floor":10.0,"key":"REST"},{"floor":15.0,"key":"REST"}],"circlet_count":0,"master_deck":["Meditation:ReiMu+1","EmergencyTakeOff:ReiMu+1","TakeOff:ReiMu","YinYangSange:ReiMu","SpreadBorder2:ReiMu","SpreadBorder2:ReiMu+1","SpreadBorder2:ReiMu","SpringWay:ReiMu","PassingAway:ReiMu","SpiritualOutbreak2:ReiMu","UniversalSpiritual:ReiMu","FantasyBorder:ReiMu+1","RainPray2:ReiMu+1","AlertArray:ReiMu","SpreadBorder2:ReiMu","DependentForm:ReiMu","Gensokyo:TurboGranny"],"relics":["FlyPower:ReiMu","CeramicFish","RedLine:ReiMu","RuthlessExorcism:ReiMu","Chemical X","OrangePellets"],"acts_visited":["Exordium","Gensokyo:Gensokyo"],"potions_floor_usage":[16],"damage_taken":[{"damage":6.0,"enemies":"Gensokyo:Gryphon","floor":1.0,"turns":6.0},{"damage":2.0,"enemies":"Gensokyo:3_Fairies","floor":2.0,"turns":5.0},{"damage":0.0,"enemies":"Gensokyo:Python","floor":3.0,"turns":6.0},{"damage":13.0,"enemies":"Gensokyo:LivingMonolith","floor":4.0,"turns":7.0},{"damage":0.0,"enemies":"Gensokyo:Gryphon_and_Rabbit","floor":7.0,"turns":6.0},{"damage":20.0,"enemies":"Gensokyo:VengefulSpirit","floor":8.0,"turns":8.0},{"damage":4.0,"enemies":"Gensokyo:LivingMonolith","floor":11.0,"turns":9.0},{"damage":0.0,"enemies":"Gensokyo:CorruptedTreant","floor":14.0,"turns":7.0},{"damage":0,"enemies":"Gensokyo:Reimu","floor":16,"turns":13},{"damage":0,"enemies":"Gensokyo:2_Gloops","floor":18,"turns":7},{"damage":11,"enemies":"Gensokyo:CosmicMonolith","floor":21,"turns":8},{"damage":12,"enemies":"Gensokyo:Slime_Group","floor":22,"turns":1}],"seed_played":"-3312995505906679945","potions_obtained":[{"floor":1.0,"key":"Dexterity Potion"},{"floor":4.0,"key":"Dexterity Potion"},{"floor":7.0,"key":"HakureiPotion:ReiMu"},{"floor":16,"key":"SkillPotion"},{"floor":18,"key":"ThievingMod:ThievingPotion"}],"is_trial":true,"path_per_floor":["M","M","M","M","?","R","M","M","T","R","M","$","T","M","R","B",null,"M","?","COS","M","M"],"character_chosen":"REIMU","items_purchased":["AlertArray:ReiMu"],"campfire_rested":3,"item_purchase_floors":[12],"current_hp_per_floor":[59,57,57,44,7,26,26,6,6,25,21,21,21,21,40,40,65,65,12,12,1,0,0],"gold":88,"neow_bonus":"","is_daily":false,"chose_seed":false,"campfire_upgraded":0,"win_rate":0.0,"timestamp":1613220723,"path_taken":["M","M","M","M","?","R","M","?","T","R","?","?","?","M","R","BOSS","M","?","COS","?","M"],"items_purchased_type":["Card"],"build_version":"2020-12-22","purchased_purges":1,"victory":false,"max_hp_per_floor":[65,65,65,65,65,65,65,65,65,65,65,65,65,65,65,65,65,65,65,65,65,65,65],"card_choices":[{"not_picked":["CareerPray:ReiMu","SubAcupoint:ReiMu","WonderfulDomain:ReiMu"],"picked":"SKIP","floor":1.0},{"not_picked":["SubcavityInstant:ReiMu","Intuition:ReiMu"],"picked":"Shading:ReiMu","floor":2.0},{"not_picked":["SafetyPray:ReiMu","Intuition:ReiMu","OrbThrow:ReiMu"],"picked":"SKIP","floor":3.0},{"not_picked":["CareerPray:ReiMu","SafetyPray:ReiMu"],"picked":"UniversalSpiritual:ReiMu","floor":4.0},{"not_picked":["AirStrike:ReiMu","SpreadBorder2:ReiMu"],"picked":"FantasyBorder:ReiMu","floor":7.0},{"not_picked":["Dreaming2:ReiMu","Crusade:ReiMu"],"picked":"RainPray2:ReiMu","floor":8.0},{"not_picked":["SafetyPray:ReiMu","TightArray:ReiMu","Amulet:ReiMu"],"picked":"SKIP","floor":11.0},{"not_picked":["Meditation:ReiMu","SubcavityInstant:ReiMu"],"picked":"SpreadBorder2:ReiMu","floor":14.0},{"not_picked":["BlastKick2:ReiMu","HakureiPhantom:ReiMu"],"picked":"DependentForm:ReiMu","floor":16},{"not_picked":["CareerPray:ReiMu","PayForSelf:ReiMu","SafetyPray:ReiMu"],"picked":"SKIP","floor":18},{"not_picked":["Intuition:ReiMu","Amulet:ReiMu","SubAcupoint:ReiMu"],"picked":"SKIP","floor":21}],"player_experience":199515,"relics_obtained":[{"floor":9.0,"key":"CeramicFish"}],"event_choices":[{"damage_healed":0.0,"max_hp_gain":0.0,"max_hp_loss":0.0,"gold_gain":0.0,"event_name":"betterSkull:BetterSkull","player_choice":"UP UP UP ","floor":5.0,"gold_loss":0.0,"damage_taken":43.0,"cards_upgraded":["EmergencyTakeOff:ReiMu","Meditation:ReiMu","SpreadBorder2:ReiMu"],"relics_obtained":[]},{"damage_healed":0,"gold_gain":214,"player_choice":"RE UP UP GO GO ","damage_taken":61,"relics_obtained":["RuthlessExorcism:ReiMu"],"max_hp_gain":0,"max_hp_loss":0,"event_name":"betterSkull:BetterSkull","floor":19,"gold_loss":0,"cards_upgraded":["RainPray2:ReiMu","FantasyBorder:ReiMu"]}],"is_beta":false,"boss_relics":[{"not_picked":["Calling Bell","Fusion Hammer"],"picked":"RedLine:ReiMu"}],"items_purged_floors":[12],"is_endless":false,"potions_floor_spawned":[1,4,7,14,16,18],"killed_by":"Gensokyo:Slime_Group","ascension_level":0}}