{"host":"d3b2x3wue20uj2ir","time":1613229978,"event":{"mods":["AchievementEnabler","BaseMod","Better Third Choice","BetterRewards","Exacting","FTL Soundtrack","Minty Spire (QoL Compilation)","Shop Mod","StSLib"],"gold_per_floor":[118,143,143,218,218,243,243,271,325,345,3,56,56,74,74,175,175,193,1,1,16,34,60,60,71,71,84,15,25,125,157,157,260,260,292,310,310,310],"floor_reached":37,"language":"ENG","playtime":2696,"items_purged":[],"score":689,"play_id":"479d451d-c34d-4b52-b3f5-4b1cc890c11f","local_time":"20210214012618","is_ascension_mode":true,"campfire_choices":[{"data":"Barricade","floor":7.0,"key":"SMITH"},{"floor":13.0,"key":"RECALL"},{"data":"Metamorphosis","floor":15.0,"key":"SMITH"},{"floor":24.0,"key":"REST"},{"floor":32.0,"key":"REST"}],"circlet_count":0,"master_deck":["Strike_R","Strike_R","Strike_R","Strike_R","Strike_R","Defend_R","Defend_R","Defend_R","Defend_R","Bash","Metamorphosis+1","Discovery","Anger","True Grit","Metallicize","True Grit","Wild Strike","Shrug It Off","Wild Strike","Barricade+1","Metallicize","True Grit+1","Inflame","Flex+1","Shrug It Off+1","Seeing Red+1","Berserk","Sentinel+1","Flame Barrier+1","Armaments+1","Dual Wield+1","Anger+1","Iron Wave","Feel No Pain+1","Flex+1","Feel No Pain","Iron Wave","Flame Barrier+1","Barricade","Infernal Blade+1","Inflame+1"],"relics":["Burning Blood","Oddly Smooth Stone","PreservedInsect","Toxic Egg 2","Kunai","White Beast Statue","Orichalcum","SacredBark","HandDrill","Question Card","Mummified Hand","Nunchaku","SlaversCollar"],"acts_visited":["Exordium","TheCity","TheBeyond"],"potions_floor_usage":[37,37],"damage_taken":[{"damage":3.0,"enemies":"Small Slimes","floor":1.0,"turns":3.0},{"damage":6.0,"enemies":"Jaw Worm","floor":2.0,"turns":5.0},{"damage":3.0,"enemies":"3 Sentries","floor":6.0,"turns":5.0},{"damage":0.0,"enemies":"Lagavulin","floor":8.0,"turns":7.0},{"damage":0.0,"enemies":"Cultist","floor":10.0,"turns":5.0},{"damage":18.0,"enemies":"3 Sentries","floor":12.0,"turns":5.0},{"damage":2.0,"enemies":"Lots of Slimes","floor":14.0,"turns":3.0},{"damage":19.0,"enemies":"Hexaghost","floor":16.0,"turns":13.0},{"damage":3.0,"enemies":"Chosen","floor":18.0,"turns":7.0},{"damage":11.0,"enemies":"3 Byrds","floor":21.0,"turns":7.0},{"damage":23.0,"enemies":"Cultist and Chosen","floor":22.0,"turns":10.0},{"damage":32.0,"enemies":"Book of Stabbing","floor":23.0,"turns":7.0},{"damage":11.0,"enemies":"Shelled Parasite and Fungi","floor":25.0,"turns":7.0},{"damage":0.0,"enemies":"Snecko","floor":27.0,"turns":6.0},{"damage":12.0,"enemies":"Centurion and Healer","floor":29.0,"turns":7.0},{"damage":24.0,"enemies":"Gremlin Leader","floor":31.0,"turns":9.0},{"damage":14.0,"enemies":"Automaton","floor":33.0,"turns":15.0},{"damage":16.0,"enemies":"3 Shapes","floor":35.0,"turns":8.0},{"damage":35.0,"enemies":"3 Darklings","floor":36.0,"turns":10.0},{"damage":82,"enemies":"Transient","floor":37,"turns":3}],"seed_played":"9061554973144003356","potions_obtained":[{"floor":1.0,"key":"ColorlessPotion"},{"floor":2.0,"key":"DuplicationPotion"},{"floor":10.0,"key":"Dexterity Potion"},{"floor":12.0,"key":"Explosive Potion"},{"floor":14.0,"key":"Explosive Potion"},{"floor":14.0,"key":"BloodPotion"},{"floor":16.0,"key":"SmokeBomb"},{"floor":18.0,"key":"ColorlessPotion"},{"floor":21.0,"key":"DistilledChaos"},{"floor":22.0,"key":"AttackPotion"},{"floor":23.0,"key":"FearPotion"},{"floor":25.0,"key":"Swift Potion"},{"floor":27.0,"key":"Block Potion"},{"floor":29.0,"key":"FearPotion"},{"floor":31.0,"key":"BloodPotion"},{"floor":33.0,"key":"Ancient Potion"},{"floor":35.0,"key":"Weak Potion"},{"floor":36,"key":"BlessingOfTheForge"}],"is_trial":false,"path_per_floor":["M","M","?","?","?","E","R","E","T","M","$","E","R","M","R","B",null,"M","$","?","M","M","E","R","M","T","M","$","M","?","E","R","B",null,"M","M","M"],"character_chosen":"IRONCLAD","items_purchased":["Oddly Smooth Stone","Metamorphosis","Discovery","Anger","True Grit","Metallicize","White Beast Statue","Inflame","Flex+1","Flame Barrier+1","HandDrill","Feel No Pain"],"campfire_rested":2,"item_purchase_floors":[0,0,0,0,0,0,11,11,11,19,19,28],"current_hp_per_floor":[56,56,56,56,56,59,59,77,77,80,80,68,68,72,72,75,80,80,80,80,75,58,32,56,51,51,57,57,51,51,33,57,49,80,70,41,0,0],"gold":310,"neow_bonus":"","is_daily":false,"chose_seed":false,"campfire_upgraded":2,"win_rate":0.0,"timestamp":1613229978,"path_taken":["M","M","?","?","?","E","R","E","T","?","?","E","R","M","R","BOSS","M","?","?","?","?","E","R","M","T","M","?","M","?","E","R","BOSS","M","M","M"],"items_purchased_type":["Relic","Card","Card","Card","Card","Card","Relic","Card","Card","Card","Relic","Card"],"build_version":"2020-12-22","purchased_purges":0,"victory":false,"max_hp_per_floor":[80,80,80,80,80,80,80,80,80,80,80,80,80,80,80,80,80,80,80,80,80,80,80,80,80,80,80,80,80,80,80,80,80,80,80,80,80,80],"card_choices":[{"not_picked":["Blood for Blood","Combust"],"picked":"Shrug It Off","floor":1.0},{"not_picked":["Warcry","Headbutt"],"picked":"Wild Strike","floor":2.0},{"not_picked":["Twin Strike","Thunderclap"],"picked":"Barricade","floor":6.0},{"not_picked":["Hemokinesis","Havoc+1"],"picked":"Metallicize","floor":8.0},{"not_picked":["Battle Trance+1","Headbutt"],"picked":"True Grit+1","floor":10.0},{"not_picked":["Clash","Dropkick"],"picked":"Shrug It Off+1","floor":12.0},{"not_picked":["Shrug It Off+1","Perfected Strike"],"picked":"Seeing Red+1","floor":14.0},{"not_picked":["Exhume+1","Impervious+1"],"picked":"Berserk","floor":16.0},{"not_picked":["Thunderclap","Inflame"],"picked":"Sentinel+1","floor":18.0},{"not_picked":["Hemokinesis","Pommel Strike"],"picked":"Dual Wield+1","floor":21.0},{"not_picked":["Battle Trance+1","Bludgeon"],"picked":"Anger+1","floor":22.0},{"not_picked":["Spot Weakness+1","Whirlwind"],"picked":"Iron Wave","floor":23.0},{"not_picked":["Spot Weakness+1","Heavy Blade","True Grit+1"],"picked":"Feel No Pain+1","floor":25.0},{"not_picked":["Warcry+1","Pommel Strike","Headbutt"],"picked":"Flex+1","floor":27.0},{"not_picked":["Headbutt","Pommel Strike","Havoc+1"],"picked":"Iron Wave","floor":29.0},{"not_picked":["Havoc+1","Inflame","Perfected Strike"],"picked":"Flame Barrier+1","floor":31.0},{"not_picked":["Impervious+1","Offering+1","Feed"],"picked":"Barricade","floor":33.0},{"not_picked":["Anger","Havoc+1","Flex+1"],"picked":"Infernal Blade+1","floor":35.0},{"not_picked":["Rampage","Pummel","Evolve+1"],"picked":"Inflame+1","floor":36}],"player_experience":703037,"relics_obtained":[{"floor":6.0,"key":"Toxic Egg 2"},{"floor":8.0,"key":"Kunai"},{"floor":12.0,"key":"Orichalcum"},{"floor":23.0,"key":"Question Card"},{"floor":26.0,"key":"Mummified Hand"},{"floor":31.0,"key":"Nunchaku"}],"event_choices":[{"damage_healed":0.0,"max_hp_gain":0.0,"max_hp_loss":0.0,"gold_gain":0.0,"event_name":"Big Fish","player_choice":"Box","floor":3.0,"gold_loss":0.0,"damage_taken":0.0,"relics_obtained":["PreservedInsect"],"cards_obtained":["Regret"]},{"damage_healed":0.0,"max_hp_gain":0.0,"max_hp_loss":0.0,"gold_gain":75.0,"event_name":"Golden Wing","player_choice":"Gained Gold","floor":4.0,"gold_loss":0.0,"damage_taken":0.0},{"cards_removed":["Regret"],"damage_healed":0.0,"max_hp_gain":0.0,"max_hp_loss":0.0,"gold_gain":0.0,"event_name":"Fountain of Cleansing","player_choice":"Removed Curses","floor":5.0,"gold_loss":0.0,"damage_taken":0.0},{"damage_healed":0.0,"max_hp_gain":0.0,"max_hp_loss":0.0,"gold_gain":0.0,"event_name":"The Library","player_choice":"Read","floor":20.0,"gold_loss":0.0,"damage_taken":0.0,"cards_obtained":["Armaments"]},{"damage_healed":0.0,"max_hp_gain":0.0,"max_hp_loss":0.0,"gold_gain":100.0,"event_name":"Golden Shrine","player_choice":"Pray","floor":30.0,"gold_loss":0.0,"damage_taken":0.0}],"is_beta":false,"boss_relics":[{"not_picked":["Empty Cage","Sozu"],"picked":"SacredBark"},{"not_picked":["Pandora\u0027s Box","Tiny House"],"picked":"SlaversCollar"}],"items_purged_floors":[],"is_endless":false,"potions_floor_spawned":[1,2,10,12,14,16,18,21,22,23,25,27,29,31,33,35,36],"killed_by":"Transient","ascension_level":2}}