{"host":"b7j598ve05halrwk","time":1613178087,"event":{"mods":["2.2 Compatiblity","BaseMod","Block Reminder","DeckTracker","Minty Spire (QoL Compilation)","Relic Stats","Slay the Relics Exporter","StSLib","ojb\u0027s Better Paths Mod","ojb\u0027s Info Mod"],"gold_per_floor":[109,109,121,196,216,249,266,34,34,34,65,79,94,94,94,94,94],"floor_reached":16,"language":"ENG","playtime":913,"items_purged":["Regret"],"score":224,"play_id":"1415a50f-a335-4c5e-ba6b-eb87328be903","local_time":"20210212200127","is_ascension_mode":true,"campfire_choices":[{"data":"Sweeping Beam","floor":10,"key":"SMITH"},{"data":"Seek","floor":15,"key":"SMITH"}],"circlet_count":0,"master_deck":["AscendersBane","Strike_B","Strike_B","Strike_B","Strike_B","Defend_B","Defend_B","Defend_B","Defend_B","Zap","Dualcast","BootSequence","Sweeping Beam+1","Core Surge","Recycle","Turbo","Cold Snap","Fusion","Sweeping Beam","Go for the Eyes","Steam","Seek+1","Undo","Double Energy"],"relics":["Cracked Core","NeowsBlessing","Anchor","Ice Cream","Orrery","Ornamental Fan","Mango","DataDisk"],"acts_visited":["Exordium"],"potions_floor_usage":[7],"damage_taken":[{"damage":0.0,"enemies":"Jaw Worm","floor":1.0,"turns":1.0},{"damage":0.0,"enemies":"Small Slimes","floor":3.0,"turns":1.0},{"damage":0.0,"enemies":"Cultist","floor":5.0,"turns":1.0},{"damage":26.0,"enemies":"Gremlin Nob","floor":6.0,"turns":4.0},{"damage":6,"enemies":"Blue Slaver","floor":7,"turns":3},{"damage":10,"enemies":"Lagavulin","floor":11,"turns":7},{"damage":2,"enemies":"Exordium Thugs","floor":12,"turns":4},{"damage":0,"enemies":"Looter","floor":13,"turns":2},{"damage":49,"enemies":"Slime Boss","floor":16,"turns":9}],"seed_played":"-7217978534610685817","potions_obtained":[{"floor":1.0,"key":"FairyPotion"},{"floor":3.0,"key":"Energy Potion"},{"floor":11,"key":"Energy Potion"}],"is_trial":false,"path_per_floor":["M","?","M","?","M","E","M","$","T","R","E","M","M","?","R","B"],"character_chosen":"DEFECT","items_purchased":["Orrery"],"campfire_rested":0,"item_purchase_floors":[8],"current_hp_per_floor":[64,64,64,53,53,27,21,21,21,21,25,23,23,23,23,0,0],"gold":94,"neow_bonus":"THREE_ENEMY_KILL","is_daily":false,"chose_seed":false,"campfire_upgraded":2,"win_rate":0.0,"timestamp":1613178087,"path_taken":["M","?","M","?","?","E","M","$","T","R","E","?","M","?","R","BOSS"],"items_purchased_type":["Relic"],"build_version":"2020-12-22","purchased_purges":1,"victory":false,"max_hp_per_floor":[71,71,71,71,71,71,71,71,71,71,85,85,85,85,85,85,85],"relic_stats":{"counters":[9,32],"Ornamental Fan":[40],"obtain_stats":[{"Ice Cream":6,"Anchor":2,"DataDisk":14,"NeowsBlessing":0,"Ornamental Fan":9,"Orrery":8,"Mango":11,"Cracked Core":0},{"Ice Cream":4,"Anchor":1,"DataDisk":8,"NeowsBlessing":0,"Ornamental Fan":5,"Orrery":5,"Mango":6,"Cracked Core":0},{"Ice Cream":7,"Anchor":1,"DataDisk":23,"NeowsBlessing":0,"Ornamental Fan":10,"Orrery":10,"Mango":17,"Cracked Core":0}]},"card_choices":[{"not_picked":["Redo","Defragment"],"picked":"BootSequence","floor":1.0},{"not_picked":["Tempest","Hologram"],"picked":"Sweeping Beam","floor":3.0},{"not_picked":["Turbo","Force Field"],"picked":"Core Surge","floor":5.0},{"not_picked":["Static Discharge","Gash"],"picked":"Recycle","floor":6},{"not_picked":["Stack","Darkness"],"picked":"Turbo","floor":7},{"not_picked":["Redo","Go for the Eyes"],"picked":"Cold Snap","floor":8},{"not_picked":["Sweeping Beam","Hello World"],"picked":"Fusion","floor":8},{"not_picked":["Static Discharge","Beam Cell"],"picked":"Sweeping Beam","floor":8},{"not_picked":["Darkness","Rip and Tear"],"picked":"Go for the Eyes","floor":8},{"not_picked":["Blizzard","Gash"],"picked":"Steam","floor":8},{"not_picked":["Turbo","Stack"],"picked":"Seek","floor":11},{"not_picked":["Rip and Tear","Reprogram"],"picked":"Undo","floor":12},{"not_picked":["Conserve Battery","Skim"],"picked":"Double Energy","floor":13}],"player_experience":1140651,"relics_obtained":[{"floor":6,"key":"Ice Cream"},{"floor":9,"key":"Ornamental Fan"},{"floor":11,"key":"Mango"}],"event_choices":[{"damage_healed":0.0,"max_hp_gain":0.0,"max_hp_loss":0.0,"gold_gain":0.0,"event_name":"Big Fish","player_choice":"Box","floor":2.0,"gold_loss":0.0,"damage_taken":0.0,"relics_obtained":["Anchor"],"cards_obtained":["Regret"]},{"damage_healed":0.0,"max_hp_gain":0.0,"max_hp_loss":0.0,"gold_gain":75.0,"event_name":"World of Goop","player_choice":"Gather Gold","floor":4.0,"gold_loss":0.0,"damage_taken":11.0},{"damage_healed":0,"gold_gain":0,"player_choice":"Searched \u00271\u0027 times","damage_taken":0,"relics_obtained":["DataDisk"],"max_hp_gain":0,"max_hp_loss":0,"event_name":"Dead Adventurer","floor":14,"gold_loss":0}],"is_beta":false,"boss_relics":[],"items_purged_floors":[8],"is_endless":false,"potions_floor_spawned":[1,3,11],"killed_by":"Slime Boss","ascension_level":20}}