{"host":"ZYF","time":1613189686,"event":{"mods":["BaseMod","GungeonMod","Minty Spire (QoL Compilation)","Reliquary","Replay The Spire","StSLib"],"gold_per_floor":[117,131,131,131,217,217,231,231,282,282,301,301,69,116,116,116,116],"floor_reached":16,"language":"ZHS","playtime":608,"items_purged":["DemoMod:Strike_Huntress"],"score":90,"play_id":"1ae65300-9d1a-42cf-ab36-e6c8de90efd8","local_time":"20210213121446","is_ascension_mode":false,"campfire_choices":[{"data":"DemoMod:ShadowBullets","floor":6,"key":"SMITH"},{"data":"DemoMod:FastSwitch","floor":8,"key":"SMITH"},{"data":"DemoMod:CrossBow","floor":10,"key":"SMITH"},{"data":"DemoMod:BlankBullets","floor":12,"key":"SMITH"},{"data":"DemoMod:FinishedGun","floor":15,"key":"SMITH"}],"circlet_count":0,"master_deck":["DemoMod:Strike_Huntress","DemoMod:Strike_Huntress","DemoMod:Defend_Huntress+1","DemoMod:Defend_Huntress","DemoMod:Defend_Huntress","DemoMod:Defend_Huntress","DemoMod:Roll","DemoMod:ManualReload","DemoMod:RustySidearm","DemoMod:CrossBow+1","DemoMod:ShadowBullets+1","DemoMod:ZorGun+1","DemoMod:BlankBullets+1","DemoMod:FastSwitch+1","DemoMod:FastSwitch","DemoMod:FinishedGun+1"],"relics":["DemoMod:Dog","Boot","reliquary:PartyBalloon","Akabeko"],"acts_visited":["Exordium"],"potions_floor_usage":[16],"damage_taken":[{"damage":4,"enemies":"2 Louse","floor":1,"turns":3},{"damage":16,"enemies":"Jaw Worm","floor":2,"turns":6},{"damage":9,"enemies":"Small Slimes","floor":7,"turns":4},{"damage":5,"enemies":"3 Louse","floor":11,"turns":3},{"damage":12,"enemies":"Blue Slaver","floor":14,"turns":2},{"damage":29,"enemies":"Hexaghost","floor":16,"turns":9}],"seed_played":"5919637585648461657","potions_obtained":[{"floor":2,"key":"Explosive Potion"},{"floor":14,"key":"GamblersBrew"}],"is_trial":false,"path_per_floor":["M","M","?","?","?","R","M","R","T","R","M","R","$","M","R","B"],"character_chosen":"HUNTRESS","items_purchased":["Akabeko"],"campfire_rested":0,"item_purchase_floors":[13],"current_hp_per_floor":[59,43,26,54,54,54,45,45,45,45,40,40,40,28,28,0,0],"gold":116,"neow_bonus":"TWENTY_PERCENT_HP_BONUS","is_daily":false,"chose_seed":false,"campfire_upgraded":5,"win_rate":0.0,"timestamp":1613189686,"path_taken":["M","M","?","?","?","R","?","R","T","R","M","R","?","M","R","BOSS"],"items_purchased_type":["Relic"],"build_version":"2020-12-18","purchased_purges":1,"victory":false,"max_hp_per_floor":[84,84,84,84,84,84,84,84,84,84,84,84,84,84,84,84,84],"card_choices":[{"not_picked":["DemoMod:Ejector","DemoMod:SkilledReload"],"picked":"DemoMod:ShadowBullets","floor":1},{"not_picked":["DemoMod:Unmoved","DemoMod:BattleInHaste"],"picked":"DemoMod:ZorGun","floor":2},{"not_picked":["DemoMod:ConditionalReflex","DemoMod:DoubleSwitch"],"picked":"DemoMod:BlankBullets","floor":5},{"not_picked":["DemoMod:GunstockTap","DemoMod:DoubleSwitch"],"picked":"DemoMod:FastSwitch","floor":5},{"not_picked":["DemoMod:StickyCrossBow","DemoMod:ConditionalReflex","DemoMod:AbyssalTentacle"],"picked":"SKIP","floor":7},{"not_picked":["DemoMod:Unmoved","DemoMod:BoxingGlove"],"picked":"DemoMod:FastSwitch","floor":11},{"not_picked":["DemoMod:BoxingGlove","DemoMod:FortunesFavor"],"picked":"DemoMod:FinishedGun","floor":14}],"player_experience":39942,"relics_obtained":[{"floor":5,"key":"Boot"},{"floor":9,"key":"reliquary:PartyBalloon"}],"event_choices":[{"damage_healed":0,"gold_gain":0,"player_choice":"Entered Light","damage_taken":17,"max_hp_gain":0,"max_hp_loss":0,"event_name":"Shining Light","floor":3,"gold_loss":0,"cards_upgraded":["DemoMod:ZorGun","DemoMod:Defend_Huntress"]},{"damage_healed":28,"gold_gain":0,"player_choice":"Banana","damage_taken":0,"max_hp_gain":0,"max_hp_loss":0,"event_name":"Big Fish","floor":4,"gold_loss":0}],"is_beta":true,"boss_relics":[],"items_purged_floors":[13],"is_endless":false,"potions_floor_spawned":[2,14],"killed_by":"Hexaghost","ascension_level":0}}