{"host":"toh0bbw446wnuexf","time":1613175907,"event":{"mods":["BaseMod","Downfall","Hermit","Minty Spire (QoL Compilation)","Random Character Button","StSLib"],"gold_per_floor":[0,13,13,31,31,31,31,31,31,47,47,60,45,45,57,154,154,154,170,180,90,153,153,153,188,188,188,188,188],"floor_reached":27,"language":"ENG","playtime":1605,"items_purged":["bronze:BugBarrage"],"score":221,"play_id":"7214dbd4-23c0-48e1-81db-7d8a6900fe87","local_time":"20210213132507","is_ascension_mode":true,"campfire_choices":[{"data":"Mayhem","floor":1,"key":"SMITH"},{"data":"bronze:WildBeam","floor":6,"key":"SMITH"},{"data":"bronze:WildBeam","floor":9,"key":"SMITH"},{"data":"bronze:Replicate","floor":11,"key":"SMITH"},{"data":"bronze:ShipIt","floor":18,"key":"SMITH"},{"floor":23,"key":"REST"},{"floor":26,"key":"REST"}],"circlet_count":0,"master_deck":["bronze:Strike","bronze:Strike","bronze:Strike","bronze:Defend","bronze:Defend","bronze:Defend","bronze:Defend","bronze:Replicate+1","Mayhem+1","bronze:WildBeam+1","bronze:WildBeam+1","bronze:ShipIt+1","bronze:ItsAFeature+1"],"relics":["bronze:BronzeCore","StoneCalendar","Art of War","SsserpentHead","sneckomod:SneckoTalon","Ancient Tea Set"],"acts_visited":["Exordium","TheCity"],"potions_floor_usage":[],"damage_taken":[{"damage":3,"enemies":"Jaw Worm","floor":2,"turns":4},{"damage":0,"enemies":"Small Slimes","floor":4,"turns":3},{"damage":0,"enemies":"Cultist","floor":10,"turns":2},{"damage":9,"enemies":"Red Slaver","floor":12,"turns":2},{"damage":5,"enemies":"downfall:FleeingMerchant","floor":13,"turns":4},{"damage":0,"enemies":"2 Fungi Beasts","floor":15,"turns":2},{"damage":40,"enemies":"DF_ARCHETYPE_STREAMLINE","floor":16,"turns":7},{"damage":13,"enemies":"Shell Parasite","floor":19,"turns":4},{"damage":21,"enemies":"Snecko","floor":20,"turns":4},{"damage":5,"enemies":"downfall:FleeingMerchant","floor":21,"turns":4},{"damage":25,"enemies":"Cultist and Chosen","floor":22,"turns":6},{"damage":20,"enemies":"downfall:FleeingMerchant","floor":25,"turns":4},{"damage":41,"enemies":"Book of Stabbing","floor":27,"turns":4}],"seed_played":"-5505943589591092390","potions_obtained":[{"floor":2,"key":"SkillPotion"},{"floor":20,"key":"ColorlessPotion"},{"floor":22,"key":"Slimebound:ThreeZeroPotion"}],"is_trial":false,"path_per_floor":["R","M","?","M","?","R","T","T","R","M","R","M","$","?","M","B",null,"R","M","M","$","M","R","T","$","R","E"],"character_chosen":"THE_AUTOMATON","items_purchased":[],"campfire_rested":2,"item_purchase_floors":[],"current_hp_per_floor":[70,67,67,67,67,67,67,67,67,67,67,58,53,53,53,13,70,70,57,36,31,6,27,27,7,28,0,0,0],"gold":188,"neow_bonus":"RANDOM_COLORLESS_2","is_daily":false,"chose_seed":false,"campfire_upgraded":5,"win_rate":0.0,"timestamp":1613175907,"path_taken":["R","M","?","M","?","R","T","?","R","M","R","M","$","?","M","BOSS","R","M","M","$","?","R","T","?","R","E"],"items_purchased_type":[],"build_version":"2020-12-22","purchased_purges":1,"victory":false,"max_hp_per_floor":[70,70,70,70,70,70,70,70,70,70,70,70,70,70,70,70,70,70,70,70,70,70,70,70,70,70,70,70,70],"card_choices":[{"not_picked":["HandOfGreed","Secret Weapon"],"picked":"Mayhem","floor":0},{"not_picked":["bronze:BuggyMess","bronze:Turbo"],"picked":"bronze:WildBeam","floor":2},{"not_picked":["bronze:Terminator","bronze:Invalidate"],"picked":"bronze:WildBeam","floor":4},{"not_picked":["bronze:Turbo","bronze:Shell"],"picked":"bronze:BugBarrage","floor":10},{"not_picked":["bronze:Invalidate","bronze:GetLatest","bronze:BitShift"],"picked":"SKIP","floor":12},{"not_picked":["bronze:Constructor","bronze:Allocate","bronze:FollowUp"],"picked":"SKIP","floor":13},{"not_picked":["bronze:Overheat","bronze:Branch","bronze:InfiniteBeams"],"picked":"SKIP","floor":15},{"not_picked":["bronze:AlphaBuild","bronze:Format"],"picked":"bronze:ShipIt","floor":16},{"not_picked":["bronze:BitShift","bronze:Return+1","bronze:DelayedSlice+1"],"picked":"SKIP","floor":19},{"not_picked":["bronze:OilSpill","bronze:Constructor","bronze:Shield"],"picked":"SKIP","floor":20},{"not_picked":["bronze:DelayedGuard","bronze:Fortify","bronze:Flail"],"picked":"SKIP","floor":21},{"not_picked":["bronze:GetLatest+1","bronze:ForceShield","bronze:Repair+1"],"picked":"SKIP","floor":22},{"not_picked":["bronze:DelayedGuard+1","bronze:FineTuning"],"picked":"bronze:ItsAFeature+1","floor":25}],"player_experience":691704,"relics_obtained":[{"floor":7,"key":"StoneCalendar"},{"floor":8,"key":"Art of War"},{"floor":24,"key":"Ancient Tea Set"}],"event_choices":[{"cards_removed":["bronze:Goto"],"damage_healed":0,"gold_gain":0,"player_choice":"Card Removal","damage_taken":0,"max_hp_gain":0,"max_hp_loss":0,"event_name":"The Cleric","floor":3,"gold_loss":0},{"cards_removed":["bronze:Strike"],"damage_healed":0,"gold_gain":0,"player_choice":"Forget","damage_taken":0,"max_hp_gain":0,"max_hp_loss":0,"event_name":"Living Wall","floor":5,"gold_loss":0},{"damage_healed":0,"gold_gain":0,"player_choice":"Trade","damage_taken":0,"relics_obtained":["SsserpentHead"],"max_hp_gain":0,"max_hp_loss":0,"event_name":"FaceTrader","floor":14,"gold_loss":0}],"is_beta":false,"boss_relics":[{"not_picked":["Astrolabe","Pandora\u0027s Box"],"picked":"sneckomod:SneckoTalon"}],"items_purged_floors":[21],"is_endless":false,"potions_floor_spawned":[2,20,22],"killed_by":"Book of Stabbing","ascension_level":2}}