{"host":"jngeqill3bw7azzz","time":1613192516,"event":{"mods":["BaseMod","Highlight Path","Minty Spire (QoL Compilation)","Permanent Neow","Relic Stats"],"gold_per_floor":[114,129,129,145,220,250,267,281,281,281,315,315,333,121,121,200,200,218,198,212,262,162,162,185,215,215,235,270,281,294,244,244,317,317,327,327,338,116,116,116,6,31,31,31,45,72,22,38,38,38,38,38,38,38,73,73],"floor_reached":57,"language":"ENG","playtime":5602,"items_purged":["Spot Weakness","Bash","Rage","Clash","Doubt"],"score":3370,"play_id":"2cb32341-c29f-4bd1-9af8-a122deb42808","local_time":"20210213000156","is_ascension_mode":true,"campfire_choices":[{"data":"Entrench","floor":10.0,"key":"SMITH"},{"data":"Armaments","floor":12.0,"key":"SMITH"},{"data":"True Grit","floor":15.0,"key":"SMITH"},{"data":"Battle Trance","floor":23.0,"key":"SMITH"},{"data":"Pommel Strike","floor":32.0,"key":"SMITH"},{"data":"Entrench","floor":40,"key":"SMITH"},{"floor":44,"key":"RECALL"},{"data":"Impervious","floor":49,"key":"SMITH"},{"data":"Battle Trance","floor":53,"key":"SMITH"}],"circlet_count":0,"master_deck":["AscendersBane","Entrench+1","Body Slam","Feed","Pommel Strike+1","Shrug It Off+1","Ghostly Armor","Uppercut","Armaments+1","Battle Trance+1","True Grit+1","Entrench+1","Impervious+1","Battle Trance+1"],"relics":["Pandora\u0027s Box","Calipers","Tiny Chest","Art of War","Runic Dome","Smiling Mask","Singing Bowl","Lizard Tail","StrikeDummy","Cursed Key","Pen Nib","Regal Pillow","Ornamental Fan"],"acts_visited":["Exordium","TheCity","TheBeyond","TheEnding"],"potions_floor_usage":[56],"damage_taken":[{"damage":0.0,"enemies":"2 Louse","floor":1.0,"turns":3.0},{"damage":8.0,"enemies":"Small Slimes","floor":2.0,"turns":3.0},{"damage":6.0,"enemies":"Cultist","floor":4.0,"turns":4.0},{"damage":11.0,"enemies":"3 Sentries","floor":6.0,"turns":10.0},{"damage":12.0,"enemies":"3 Louse","floor":7.0,"turns":4.0},{"damage":10.0,"enemies":"Large Slime","floor":8.0,"turns":6.0},{"damage":3.0,"enemies":"Lagavulin","floor":11.0,"turns":5.0},{"damage":6.0,"enemies":"Exordium Thugs","floor":13.0,"turns":4.0},{"damage":17.0,"enemies":"The Guardian","floor":16.0,"turns":10.0},{"damage":7.0,"enemies":"Shell Parasite","floor":18.0,"turns":5.0},{"damage":12.0,"enemies":"2 Thieves","floor":20.0,"turns":4.0},{"damage":0.0,"enemies":"Book of Stabbing","floor":25.0,"turns":5.0},{"damage":0.0,"enemies":"Sentry and Sphere","floor":27.0,"turns":14.0},{"damage":8.0,"enemies":"Slavers","floor":28.0,"turns":6.0},{"damage":11.0,"enemies":"Snecko","floor":29.0,"turns":7.0},{"damage":4.0,"enemies":"Snake Plant","floor":30.0,"turns":2.0},{"damage":0.0,"enemies":"Automaton","floor":33.0,"turns":12.0},{"damage":3.0,"enemies":"Orb Walker","floor":35.0,"turns":2.0},{"damage":0.0,"enemies":"3 Darklings","floor":37.0,"turns":5.0},{"damage":0,"enemies":"Nemesis","floor":42,"turns":3},{"damage":0,"enemies":"Spire Growth","floor":45,"turns":5},{"damage":0,"enemies":"Reptomancer","floor":46,"turns":3},{"damage":0,"enemies":"Transient","floor":48,"turns":3},{"damage":0,"enemies":"Donu and Deca","floor":50,"turns":13},{"damage":0,"enemies":"Time Eater","floor":51,"turns":6},{"damage":0,"enemies":"Shield and Spear","floor":55,"turns":4},{"damage":0,"enemies":"The Heart","floor":56,"turns":11}],"seed_played":"-8694210563801231617","potions_obtained":[{"floor":1.0,"key":"EssenceOfSteel"},{"floor":6.0,"key":"Dexterity Potion"},{"floor":8.0,"key":"EssenceOfSteel"},{"floor":18.0,"key":"Regen Potion"},{"floor":19.0,"key":"CultistPotion"},{"floor":25.0,"key":"FairyPotion"},{"floor":29.0,"key":"SmokeBomb"},{"floor":37.0,"key":"DuplicationPotion"}],"is_trial":false,"path_per_floor":["M","M","?","M","?","E","M","M","T","R","E","R","M","$","R","B",null,"M","?","M","?","$","R","T","E","T","M","E","M","M","$","R","B",null,"M","?","M","$","?","R","?","E","T","R","M","E","$","M","R","B","B",null,"R","$","E","B",null],"character_chosen":"IRONCLAD","items_purchased":["Battle Trance","True Grit","Impervious"],"campfire_rested":0,"item_purchase_floors":[14,14,38],"current_hp_per_floor":[71,66,81,75,64,56,48,41,41,41,41,41,39,39,39,26,83,80,80,84,84,84,84,84,90,90,96,94,85,83,83,83,89,126,125,125,125,125,125,125,125,131,131,131,137,137,137,139,139,143,143,149,149,149,151,155],"gold":73,"neow_bonus":"BOSS_RELIC","is_daily":false,"chose_seed":false,"campfire_upgraded":8,"win_rate":0.0,"timestamp":1613192516,"path_taken":["M","M","?","M","?","E","M","M","T","R","E","R","M","$","R","BOSS","M","?","?","?","$","R","?","E","T","M","E","M","M","$","R","BOSS","M","?","M","$","?","R","?","E","T","R","M","E","$","M","R","BOSS","BOSS","R","$","E","BOSS"],"items_purchased_type":["Card","Card","Card"],"build_version":"2020-12-22","purchased_purges":5,"victory":true,"max_hp_per_floor":[78,81,81,81,81,84,88,91,91,91,94,94,98,98,98,102,102,106,106,110,110,110,110,110,116,116,122,128,130,132,132,132,138,138,140,133,133,133,133,133,133,139,139,139,145,145,145,147,147,151,151,151,151,151,153,157],"relic_stats":{"Lizard Tail":0,"Regal Pillow":0,"Singing Bowl":22,"counters":[27,159],"Ornamental Fan":[4],"Pandora\u0027s Box":["Clash","Bloodletting","Entrench","Spot Weakness","Body Slam","Feed","Pommel Strike","Rage","Shrug It Off"],"Tiny Chest":1,"Pen Nib":[6],"Art of War":[24],"Smiling Mask":300,"Cursed Key":1,"obtain_stats":[{"Regal Pillow":46,"Calipers":6,"Singing Bowl":25,"Pen Nib":42,"Smiling Mask":24,"Cursed Key":34,"Burning Blood":0,"Runic Dome":17,"Lizard Tail":26,"Ornamental Fan":55,"Pandora\u0027s Box":0,"Tiny Chest":9,"Art of War":11,"StrikeDummy":28},{"Regal Pillow":22,"Calipers":4,"Singing Bowl":12,"Pen Nib":20,"Smiling Mask":11,"Cursed Key":17,"Burning Blood":0,"Runic Dome":9,"Lizard Tail":12,"Ornamental Fan":26,"Pandora\u0027s Box":0,"Tiny Chest":6,"Art of War":7,"StrikeDummy":14},{"Regal Pillow":122,"Calipers":20,"Singing Bowl":63,"Pen Nib":114,"Smiling Mask":58,"Cursed Key":104,"Burning Blood":0,"Runic Dome":49,"Lizard Tail":63,"Ornamental Fan":148,"Pandora\u0027s Box":0,"Tiny Chest":30,"Art of War":35,"StrikeDummy":83}]},"card_choices":[{"not_picked":["Sword Boomerang","Seeing Red"],"picked":"Ghostly Armor","floor":1.0},{"not_picked":["Inflame","Thunderclap"],"picked":"Uppercut","floor":2.0},{"not_picked":["Body Slam","Warcry","Havoc"],"picked":"SKIP","floor":4.0},{"not_picked":["Whirlwind","Juggernaut"],"picked":"Armaments","floor":6.0},{"not_picked":["Pummel","Cleave","Disarm"],"picked":"SKIP","floor":7.0},{"not_picked":["Clash","Inflame","Wild Strike"],"picked":"SKIP","floor":8.0},{"not_picked":["Havoc","Combust","Whirlwind"],"picked":"SKIP","floor":11.0},{"not_picked":["Havoc","Combust","Whirlwind"],"picked":"SKIP","floor":11.0},{"not_picked":["Hemokinesis","Twin Strike","Dual Wield"],"picked":"SKIP","floor":13.0},{"not_picked":["Rampage","Shrug It Off","Fire Breathing+1"],"picked":"SKIP","floor":18.0},{"not_picked":["Perfected Strike","Heavy Blade","Iron Wave"],"picked":"SKIP","floor":20.0},{"not_picked":["Feel No Pain","Clothesline","Body Slam"],"picked":"Singing Bowl","floor":25.0},{"not_picked":["Headbutt","True Grit","Burning Pact"],"picked":"Singing Bowl","floor":27.0},{"not_picked":["Clash","Disarm","Burning Pact"],"picked":"Singing Bowl","floor":28.0},{"not_picked":["True Grit","Sentinel","Inflame"],"picked":"Singing Bowl","floor":29.0},{"not_picked":["Spot Weakness","Dropkick","Havoc"],"picked":"Singing Bowl","floor":30.0},{"not_picked":["Reaper","Limit Break","Berserk"],"picked":"Singing Bowl","floor":33.0},{"not_picked":["Sword Boomerang+1","Armaments","Dark Embrace"],"picked":"Singing Bowl","floor":35.0},{"not_picked":["Blood for Blood","Bloodletting+1"],"picked":"Entrench","floor":37.0},{"not_picked":["Sword Boomerang","Flex","Thunderclap"],"picked":"Singing Bowl","floor":42},{"not_picked":["Armaments+1","Blood for Blood","Wild Strike"],"picked":"Singing Bowl","floor":45},{"not_picked":["Reckless Charge","Iron Wave+1"],"picked":"Battle Trance","floor":46},{"not_picked":["Sever Soul+1","Ghostly Armor","Dark Embrace"],"picked":"Singing Bowl","floor":48},{"not_picked":["Hemokinesis","Metallicize","Pummel"],"picked":"Singing Bowl","floor":55}],"player_experience":2629670,"relics_obtained":[{"floor":6.0,"key":"Calipers"},{"floor":9.0,"key":"Tiny Chest"},{"floor":11.0,"key":"Art of War"},{"floor":24.0,"key":"Smiling Mask"},{"floor":25.0,"key":"Singing Bowl"},{"floor":26.0,"key":"Lizard Tail"},{"floor":28.0,"key":"StrikeDummy"},{"floor":42,"key":"Pen Nib"},{"floor":46,"key":"Regal Pillow"},{"floor":55,"key":"Ornamental Fan"}],"event_choices":[{"damage_healed":27.0,"max_hp_gain":0.0,"max_hp_loss":0.0,"gold_gain":0.0,"event_name":"Big Fish","player_choice":"Banana","floor":3.0,"gold_loss":0.0,"damage_taken":0.0},{"damage_healed":0.0,"max_hp_gain":0.0,"max_hp_loss":0.0,"gold_gain":75.0,"event_name":"World of Goop","player_choice":"Gather Gold","floor":5.0,"gold_loss":0.0,"damage_taken":11.0},{"damage_healed":0.0,"max_hp_gain":0.0,"max_hp_loss":0.0,"gold_gain":0.0,"event_name":"The Woman in Blue","player_choice":"Bought 1 Potion","floor":19.0,"gold_loss":0.0,"damage_taken":0.0},{"damage_healed":0.0,"max_hp_gain":0.0,"max_hp_loss":0.0,"gold_gain":50.0,"event_name":"Nest","player_choice":"Stole From Cult","floor":21.0,"gold_loss":0.0,"damage_taken":0.0},{"damage_healed":0.0,"max_hp_gain":0.0,"max_hp_loss":7.0,"gold_gain":0.0,"event_name":"Winding Halls","player_choice":"Max HP","floor":36.0,"gold_loss":0.0,"damage_taken":0.0},{"damage_healed":0,"gold_gain":0,"player_choice":"Ignored","damage_taken":0,"max_hp_gain":0,"max_hp_loss":0,"event_name":"Mysterious Sphere","floor":39,"gold_loss":0},{"cards_removed":["Bloodletting"],"damage_healed":0,"gold_gain":0,"player_choice":"Upgrade and Remove","damage_taken":0,"max_hp_gain":0,"max_hp_loss":0,"event_name":"Designer","floor":41,"gold_loss":110,"cards_upgraded":["Shrug It Off"]}],"is_beta":false,"boss_relics":[{"not_picked":["Runic Cube","Calling Bell"],"picked":"Runic Dome"},{"not_picked":["Empty Cage","Black Star"],"picked":"Cursed Key"}],"items_purged_floors":[14,22,31,38,47],"is_endless":false,"potions_floor_spawned":[1,6,8,18,25,29,35,37,42],"ascension_level":20}}