{"host":"i7jfea87xc8lz16p","time":1613213850,"event":{"mods":["AchievementEnabler","BaseMod","Colored Powertips","Minty Spire (QoL Compilation)","Relic Stats"],"gold_per_floor":[112,37,47,60,78,78,104,114,140,59,71,86,86,113,113,113,113],"floor_reached":16,"language":"ENG","playtime":590,"items_purged":["Strike_G"],"score":208,"play_id":"9493a3f7-ead4-4e81-8d91-7b0ae5672021","local_time":"20210213115730","is_ascension_mode":true,"campfire_choices":[{"data":"Quick Slash","floor":6,"key":"SMITH"},{"floor":13,"key":"REST"},{"floor":15,"key":"REST"}],"circlet_count":0,"master_deck":["AscendersBane","Strike_G","Strike_G","Strike_G","Strike_G","Defend_G","Defend_G","Defend_G","Defend_G","Defend_G","Survivor","Neutralize","Dash","Flying Knee","Quick Slash+1","Crippling Poison","Leg Sweep","Footwork","Blur"],"relics":["Ring of the Snake","Anchor","Dead Branch","Omamori","Odd Mushroom"],"acts_visited":["Exordium"],"potions_floor_usage":[7,14,16],"damage_taken":[{"damage":5,"enemies":"Cultist","floor":1,"turns":5},{"damage":0,"enemies":"2 Louse","floor":3,"turns":4},{"damage":0,"enemies":"Small Slimes","floor":4,"turns":3},{"damage":0,"enemies":"Looter","floor":5,"turns":3},{"damage":44,"enemies":"Gremlin Nob","floor":7,"turns":6},{"damage":0,"enemies":"Exordium Thugs","floor":8,"turns":4},{"damage":0,"enemies":"Blue Slaver","floor":11,"turns":2},{"damage":0,"enemies":"Looter","floor":12,"turns":4},{"damage":10,"enemies":"The Mushroom Lair","floor":14,"turns":6},{"damage":47,"enemies":"Slime Boss","floor":16,"turns":9}],"seed_played":"-8584437214855779464","potions_obtained":[{"floor":1,"key":"PowerPotion"},{"floor":4,"key":"SkillPotion"},{"floor":8,"key":"AttackPotion"}],"is_trial":false,"path_per_floor":["M","$","M","M","M","R","E","M","T","$","M","M","R","?","R","B"],"character_chosen":"THE_SILENT","items_purchased":["Footwork"],"campfire_rested":2,"item_purchase_floors":[10],"current_hp_per_floor":[54,54,54,54,54,54,10,10,10,10,10,10,29,19,38,0,0],"gold":113,"neow_bonus":"RANDOM_COMMON_RELIC","is_daily":false,"chose_seed":false,"campfire_upgraded":1,"win_rate":0.0,"timestamp":1613213850,"path_taken":["M","?","M","M","M","R","E","M","T","$","M","M","R","?","R","BOSS"],"items_purchased_type":["Card"],"build_version":"2020-12-22","purchased_purges":1,"victory":false,"max_hp_per_floor":[66,66,66,66,66,66,66,66,66,66,66,66,66,66,66,66,66],"relic_stats":{"counters":[10,46],"Dead Branch":[21],"obtain_stats":[{"Anchor":0,"Dead Branch":7,"Omamori":9,"Odd Mushroom":14,"Ring of the Snake":0},{"Anchor":0,"Dead Branch":5,"Omamori":6,"Odd Mushroom":9,"Ring of the Snake":0},{"Anchor":0,"Dead Branch":21,"Omamori":25,"Odd Mushroom":37,"Ring of the Snake":0}],"Ring of the Snake":[20]},"card_choices":[{"not_picked":["Deflect","Flying Knee"],"picked":"Dash","floor":1},{"not_picked":["Terror","PiercingWail"],"picked":"Flying Knee","floor":3},{"not_picked":["Prepared","Cloak And Dagger"],"picked":"Quick Slash","floor":4},{"not_picked":["Distraction","Well Laid Plans","Poisoned Stab"],"picked":"SKIP","floor":5},{"not_picked":["Distraction","Prepared"],"picked":"Crippling Poison","floor":7},{"not_picked":["Caltrops","Blade Dance"],"picked":"Leg Sweep","floor":8},{"not_picked":["Adrenaline","All Out Attack"],"picked":"Blur","floor":11},{"not_picked":["Endless Agony","Acrobatics","Deadly Poison"],"picked":"SKIP","floor":12}],"player_experience":1847067,"relics_obtained":[{"floor":7,"key":"Dead Branch"},{"floor":9,"key":"Omamori"},{"floor":14,"key":"Odd Mushroom"}],"event_choices":[{"damage_healed":0,"gold_gain":0,"player_choice":"Fought Mushrooms","damage_taken":0,"max_hp_gain":0,"max_hp_loss":0,"event_name":"Mushrooms","floor":14,"gold_loss":0}],"is_beta":false,"boss_relics":[],"items_purged_floors":[2],"is_endless":false,"potions_floor_spawned":[1,4,5,8,11],"killed_by":"Slime Boss","ascension_level":20}}