{"host":"takgv9cv6xf64vhq","time":1613240048,"event":{"mods":["BaseMod","Colored Powertips","Conspire","Decade(王小明)","Downfall","Energized Spire","Hermit","Hubris","LagranYue(拉格朗・月)","Marisa（F雨　魔理沙）","Minty Spire (QoL Compilation)","Replay The Spire","StSLib","The Cursed","The Hierophant","The Jungle","The Servant 0.9.4","TheHeartMod"],"gold_per_floor":[119,119,122,133,133,159,159,192,245,245,265,297,297,313,313,418,418,434,584,584,604,454,454,654,654,654,654,654,687,698,698,698,794,794,794,794,794,809,823,858,503,534,586,586,621,621,182,202,202,202,202,202,8,8,8],"floor_reached":54,"language":"ZHS","playtime":3188,"items_purged":["Regret","Strike_B","Normality","hubris:Disease","Defend_B"],"score":1076,"play_id":"db0cb862-912f-451e-9e76-91ec90e7d365","local_time":"20210214021408","is_ascension_mode":true,"campfire_choices":[{"data":"Rainbow","floor":10.0,"key":"SMITH"},{"data":"Glacier","floor":15.0,"key":"SMITH"},{"floor":28.0,"key":"REST"},{"data":"Buffer","floor":44,"key":"SMITH"},{"floor":49,"key":"RECALL"},{"data":"Rainbow","floor":52,"key":"SMITH"}],"circlet_count":0,"master_deck":["Defend_B","Zap+1","Dualcast","Rainbow+1","Self Repair","BootSequence","Rainbow+1","Glacier+1","Turbo","Core Surge","BasicCrystalCard+1","Glacier","Panic Button","Pot Of Greed","Pot Of Greed","Rainbow","Languid","Cold Snap+1","ReplayTheSpireMod:Dual Polarity+1","Rainbow+1","Pot Of Greed","Conserve Battery+1","Beam Cell+1","Rip and Tear+1","FIFO Queue+1","Buffer+1","Heatsinks","ReplayTheSpireMod:Dual Polarity+1","ReplaySort+1","Heatsinks+1","Self Repair","Panic Button+1"],"relics":["Cracked Core","NeowsBlessing","Happy Flower","ReplayTheSpireMod:CursedCoin","DataDisk","Gremlin Food","Toy Ornithopter","Letter Opener","energizedSpire:EnergizedDie","Grinning Jar","Ring of Misfortune","ReplayTheSpireMod:Ring of Addiction","hubris:EmptyBottle","Potion Belt","LagranYue:ReturningEmperorRelic","Replay:Frozen Program","Pear","hubris:ToyBattleship","Astrolabe","Replay:Mystery Machine","DollysMirror","hubris:CuriousFeather","Smiling Mask","Snack Pack","sneckomod:BlankCard","Guardian:BottledAnomaly","Guardian:PocketSentry"],"acts_visited":["Exordium","Exordium","TheBeyond","TheEnding"],"potions_floor_usage":[38,42,42,45,45,50],"damage_taken":[{"damage":0.0,"enemies":"Small Slimes","floor":1.0,"turns":1.0},{"damage":0.0,"enemies":"Cultist","floor":4.0,"turns":1.0},{"damage":0.0,"enemies":"Gremlin Nob","floor":6.0,"turns":1.0},{"damage":15.0,"enemies":"Lagavulin","floor":8.0,"turns":6.0},{"damage":0.0,"enemies":"Jaw Worm","floor":11.0,"turns":4.0},{"damage":19.0,"enemies":"Gremlin Nob","floor":12.0,"turns":4.0},{"damage":0.0,"enemies":"Looter","floor":14.0,"turns":3.0},{"damage":18.0,"enemies":"The Guardian","floor":16.0,"turns":9.0},{"damage":10.0,"enemies":"theJungle:Flameango_and_Byrd","floor":18.0,"turns":5.0},{"damage":2.0,"enemies":"theJungle:MUSHROOMGANG","floor":20.0,"turns":5.0},{"damage":4.0,"enemies":"theJungle:Snecko_Cultist_And_Trap","floor":21.0,"turns":5.0},{"damage":65.0,"enemies":"theJungle:MamaSnecko","floor":23.0,"turns":14.0},{"damage":0.0,"enemies":"theJungle:Cassacara","floor":29.0,"turns":8.0},{"damage":21.0,"enemies":"theJungle:JungleHuntersEncounter","floor":30.0,"turns":5.0},{"damage":38.0,"enemies":"theJungle:TotemBoss","floor":33.0,"turns":8.0},{"damage":7.0,"enemies":"3 Shapes","floor":35.0,"turns":3.0},{"damage":28,"enemies":"3 Darklings","floor":38,"turns":5},{"damage":8,"enemies":"Jaw Worm Horde","floor":39,"turns":4},{"damage":9,"enemies":"R_Hoarder","floor":40,"turns":9},{"damage":12,"enemies":"Reptomancer","floor":42,"turns":6},{"damage":0,"enemies":"R_Hoarder","floor":45,"turns":6},{"damage":0,"enemies":"Transient","floor":48,"turns":5},{"damage":4,"enemies":"Replay:Hell Engine","floor":50,"turns":17},{"damage":85,"enemies":"Shield and Spear","floor":54,"turns":8}],"seed_played":"5628058958888957363","potions_obtained":[{"floor":4.0,"key":"Weak Potion"},{"floor":8.0,"key":"ColorlessPotion"},{"floor":14.0,"key":"BlessingOfTheForge"},{"floor":21.0,"key":"BlessingOfTheForge"},{"floor":25.0,"key":"BlessingOfTheForge"},{"floor":25.0,"key":"Ancient Potion"},{"floor":25.0,"key":"Energy Potion"},{"floor":29.0,"key":"Regen Potion"},{"floor":30.0,"key":"Weak Potion"},{"floor":35.0,"key":"DistilledChaos"},{"floor":38,"key":"Elixir"},{"floor":45,"key":"SteroidPotion"}],"is_trial":false,"path_per_floor":["M","?","$","M","?","E","?","E","T","R","M","E","?","M","R","B",null,"M","?","M","M","$","E","?","?","T","$","R","E","M","?","R","B",null,"M","T","?","M","M","E","$","E","T","R","E","?","$","M","R","B",null,"R","$","E"],"character_chosen":"DEFECT","items_purchased":["ReplayTheSpireMod:CursedCoin","Rainbow","Panic Button","Replay:Frozen Program","Heatsinks","DollysMirror","Self Repair","sneckomod:BlankCard","Guardian:BottledAnomaly","Guardian:PocketSentry"],"campfire_rested":1,"item_purchase_floors":[3,3,22,27,41,41,47,47,47,53],"current_hp_per_floor":[68,68,68,68,68,68,61,53,53,53,60,53,53,60,60,54,70,67,67,72,75,75,17,17,17,17,7,29,56,83,83,83,57,77,77,77,77,54,53,51,51,56,56,56,73,73,73,79,77,77,77,77,77,0,0],"gold":8,"neow_bonus":"THREE_ENEMY_KILL","is_daily":false,"chose_seed":false,"campfire_upgraded":4,"win_rate":0.0,"timestamp":1613240048,"path_taken":["M","?","$","?","?","E","?","E","T","R","M","E","?","M","R","BOSS","M","?","?","M","$","E","?","?","T","?","R","E","?","?","R","BOSS","M","?","?","M","?","E","?","E","T","R","E","?","$","M","R","BOSS","R","$","E"],"items_purchased_type":["Relic","Card","Card","Relic","Card","Relic","Card","Relic","Relic","Relic"],"build_version":"2020-12-22","purchased_purges":5,"victory":false,"max_hp_per_floor":[75,75,75,75,75,75,75,75,75,75,75,75,75,75,75,75,75,75,75,75,75,75,75,75,75,75,75,75,83,83,83,83,83,83,83,83,83,81,81,81,81,79,79,79,79,79,79,79,77,77,77,77,77,75,75],"card_choices":[{"not_picked":["Barrage","Leap"],"picked":"Gash","floor":1.0},{"not_picked":["Redo","ReplayTheSpireMod:Reroute Power"],"picked":"Self Repair","floor":4.0},{"not_picked":["Genetic Algorithm","Compile Driver"],"picked":"BootSequence","floor":6.0},{"not_picked":["hubris:Ukulele","Leap"],"picked":"Rainbow","floor":8.0},{"not_picked":["Conserve Battery","Rebound","FTL"],"picked":"SKIP","floor":11.0},{"not_picked":["conspire:Rain","Ball Lightning"],"picked":"Glacier","floor":12.0},{"not_picked":["Darkness","Barrage"],"picked":"Turbo","floor":14.0},{"not_picked":["Buffer","ReplayTheSpireMod:Fabricate Wheel"],"picked":"Core Surge","floor":16.0},{"not_picked":["Panic Button","Reinforced Body"],"picked":"BasicCrystalCard+1","floor":18.0},{"not_picked":["Streamline+1","Ball Lightning"],"picked":"Glacier","floor":20.0},{"not_picked":["Stack","Rebound","Barrage"],"picked":"SKIP","floor":21.0},{"not_picked":["Steam","Ball Lightning"],"picked":"Rainbow","floor":23.0},{"not_picked":["Compile Driver","ReplaySort"],"picked":"Cold Snap+1","floor":29.0},{"not_picked":["Barrage","Compile Driver"],"picked":"ReplayTheSpireMod:Dual Polarity","floor":30.0},{"not_picked":["Meteor Strike","ReplayRNGCard"],"picked":"Rainbow","floor":33.0},{"not_picked":["Sweeping Beam+1","Skim"],"picked":"FIFO Queue+1","floor":35.0},{"not_picked":["Go for the Eyes+1","Conserve Battery","Compile Driver+1"],"picked":"SKIP","floor":38},{"not_picked":["Rebound","Sweeping Beam+1","Undo"],"picked":"SKIP","floor":39},{"not_picked":["Doom and Gloom+1","Turbo+1"],"picked":"Buffer","floor":40},{"not_picked":["Rip and Tear+1","Steam"],"picked":"ReplaySort+1","floor":42},{"not_picked":["Redo","Force Field+1"],"picked":"Heatsinks+1","floor":45},{"not_picked":["Leap+1","Cold Snap+1"],"picked":"Panic Button+1","floor":48}],"player_experience":515762,"relics_obtained":[{"floor":6.0,"key":"DataDisk"},{"floor":8.0,"key":"Gremlin Food"},{"floor":9.0,"key":"Toy Ornithopter"},{"floor":12.0,"key":"Letter Opener"},{"floor":23.0,"key":"Grinning Jar"},{"floor":25.0,"key":"Ring of Misfortune"},{"floor":25.0,"key":"ReplayTheSpireMod:Ring of Addiction"},{"floor":25.0,"key":"hubris:EmptyBottle"},{"floor":25.0,"key":"Potion Belt"},{"floor":26.0,"key":"LagranYue:ReturningEmperorRelic"},{"floor":29.0,"key":"Pear"},{"floor":32.0,"key":"hubris:ToyBattleship"},{"floor":40,"key":"Replay:Mystery Machine"},{"floor":42,"key":"hubris:CuriousFeather"},{"floor":43,"key":"Smiling Mask"},{"floor":45,"key":"Snack Pack"}],"event_choices":[{"cards_removed":["Gash"],"damage_healed":0.0,"max_hp_gain":0.0,"max_hp_loss":0.0,"gold_gain":0.0,"event_name":"WeMeetAgain","player_choice":"Gave Card","floor":2.0,"gold_loss":0.0,"damage_taken":0.0,"relics_obtained":["Happy Flower"]},{"cards_removed":["Strike_B"],"damage_healed":0.0,"max_hp_gain":0.0,"max_hp_loss":0.0,"gold_gain":0.0,"event_name":"Golden Wing","player_choice":"Card Removal","floor":7.0,"gold_loss":0.0,"damage_taken":7.0},{"cards_removed":["Strike_B"],"damage_healed":0.0,"max_hp_gain":0.0,"max_hp_loss":0.0,"gold_gain":0.0,"event_name":"Living Wall","player_choice":"Forget","floor":13.0,"gold_loss":0.0,"damage_taken":0.0},{"damage_healed":0.0,"max_hp_gain":0.0,"max_hp_loss":0.0,"gold_gain":0.0,"event_name":"Upgrade Shrine","player_choice":"Upgraded","floor":31.0,"gold_loss":0.0,"damage_taken":0.0,"cards_upgraded":["ReplayTheSpireMod:Dual Polarity"]},{"damage_healed":0.0,"max_hp_gain":0.0,"max_hp_loss":0.0,"gold_gain":0.0,"event_name":"Wheel of Change","player_choice":"Relic","floor":32.0,"gold_loss":0.0,"damage_taken":0.0},{"damage_healed":0,"gold_gain":0,"player_choice":"Got Potions","damage_taken":0,"max_hp_gain":0,"max_hp_loss":0,"event_name":"Lab","floor":37,"gold_loss":0},{"damage_healed":0,"gold_gain":0,"player_choice":"Ignored","damage_taken":0,"max_hp_gain":0,"max_hp_loss":0,"event_name":"SecretPortal","floor":46,"gold_loss":0}],"is_beta":false,"boss_relics":[{"not_picked":["Empty Cage","Replay:Fungal Core"],"picked":"energizedSpire:EnergizedDie"},{"not_picked":["Philosopher\u0027s Stone","Coffee Dripper"],"picked":"Astrolabe"}],"items_purged_floors":[3,22,41,47,53],"is_endless":false,"potions_floor_spawned":[4,8,14,21,29,30,35,38,45],"killed_by":"Shield and Spear","ascension_level":8}}