{"host":"92sjzvcjs9ajt7c7","time":1613189762,"event":{"mods":["Bard","BaseMod","Colored Powertips","Evolution","Minty Spire (QoL Compilation)","Shop Mod","StSLib","The Alterego","The Disciple","The Hayseed","The Marked","The Runesmith","The Servant 0.9.4","The Showman","Waifu the Spire","everything is the same but u backflip on backflip"],"gold_per_floor":[111,186,196,196,214,214,233,233,233,266,0,0,0,20,20,118,118,135,146,71,170,182,213,213,227,227,227,227],"floor_reached":27,"language":"ENG","playtime":2377,"items_purged":["theMarked:Strike"],"score":233,"play_id":"2c502d61-e260-4294-8339-20ea91db054d","local_time":"20210212221602","is_ascension_mode":false,"campfire_choices":[{"data":"theMarked:Overcharge","floor":6.0,"key":"SMITH"},{"data":"theMarked:ResourceFulStrike","floor":8.0,"key":"SMITH"},{"data":"Apotheosis","floor":12.0,"key":"SMITH"},{"floor":15.0,"key":"REST"},{"floor":24,"key":"REST"}],"circlet_count":0,"master_deck":["theMarked:Strike","theMarked:Strike","theMarked:Strike","theMarked:Strike","theMarked:Defend","theMarked:Defend","theMarked:Defend","theMarked:Defend","theMarked:SoldierOfQuellstein","theMarked:ResourceFulStrike+1","theMarked:EmpowerWeapon+1","theMarked:Overcharge+1","theMarked:MysticalArsenal","theMarked:FavorableWinds","Apotheosis+1","theMarked:BanishingStrike","theMarked:Defy","theMarked:Indomitable","theMarked:KeepCalmAndFight","theMarked:Determination","theMarked:EmpowerWeapon","theMarked:BanishingWave"],"relics":["theMarked:ArtifactOfAir","EVO:Axolotl","Lizard Tail","Turnip","Girya","Fusion Hammer","Oddly Smooth Stone","Tiny Chest"],"acts_visited":["Exordium","TheCity"],"potions_floor_usage":[23],"damage_taken":[{"damage":4.0,"enemies":"Small Slimes","floor":1.0,"turns":4.0},{"damage":0.0,"enemies":"Cultist","floor":3.0,"turns":4.0},{"damage":0.0,"enemies":"2 Louse","floor":5.0,"turns":2.0},{"damage":5.0,"enemies":"Looter","floor":7.0,"turns":2.0},{"damage":16.0,"enemies":"Gremlin Nob","floor":10.0,"turns":3.0},{"damage":4.0,"enemies":"3 Louse","floor":14.0,"turns":3.0},{"damage":38.0,"enemies":"The Guardian","floor":16.0,"turns":7.0},{"damage":10.0,"enemies":"Shell Parasite","floor":18.0,"turns":4.0},{"damage":14.0,"enemies":"Chosen","floor":19.0,"turns":3.0},{"damage":25,"enemies":"Sentry and Sphere","floor":22,"turns":5},{"damage":49,"enemies":"Gremlin Leader","floor":23,"turns":7},{"damage":0,"enemies":"Centurion and Healer","floor":25,"turns":4},{"damage":33,"enemies":"Slavers","floor":27,"turns":2}],"seed_played":"-8565891431870263694","potions_obtained":[{"floor":3.0,"key":"SkillPotion"},{"floor":5.0,"key":"SteroidPotion"},{"floor":14.0,"key":"DistilledChaos"},{"floor":19.0,"key":"Dexterity Potion"}],"is_trial":true,"path_per_floor":["M","?","M","?","M","R","M","R","T","E","$","R","T","M","R","B",null,"M","M","$","?","M","E","R","M","T","E"],"character_chosen":"THE_DEFAULT","items_purchased":["Apotheosis","theMarked:Determination"],"campfire_rested":2,"item_purchase_floors":[11,20],"current_hp_per_floor":[66,55,55,55,55,55,50,50,50,34,34,34,34,30,51,13,70,60,46,46,46,21,8,29,29,29,0,0],"gold":227,"neow_bonus":"","is_daily":false,"chose_seed":false,"campfire_upgraded":3,"win_rate":0.0,"timestamp":1613189762,"path_taken":["M","?","M","?","M","R","?","R","T","E","$","R","?","M","R","BOSS","M","M","$","?","M","E","R","M","T","E"],"items_purchased_type":["Card","Card"],"build_version":"2020-12-22","purchased_purges":1,"victory":false,"max_hp_per_floor":[70,70,70,70,70,70,70,70,70,70,70,70,70,70,70,70,70,70,70,70,70,70,70,70,70,70,70,70],"card_choices":[{"not_picked":["theMarked:AttractMetal","theMarked:SwordAndMagic"],"picked":"theMarked:ResourceFulStrike","floor":1.0},{"not_picked":["theMarked:Overcharge","theMarked:ChainLightning"],"picked":"theMarked:EmpowerWeapon","floor":3.0},{"not_picked":["theMarked:WastefulAttack","theMarked:TakeCover"],"picked":"theMarked:Overcharge","floor":5.0},{"not_picked":["theMarked:Frustration","theMarked:ChainLightning"],"picked":"theMarked:MysticalArsenal","floor":7.0},{"not_picked":["theMarked:RepellingDischarge","theMarked:PowerFlow"],"picked":"theMarked:FavorableWinds","floor":10.0},{"not_picked":["theMarked:ElectricStrings","theMarked:Parkour"],"picked":"theMarked:BanishingStrike","floor":14.0},{"not_picked":["theMarked:Challenge","theMarked:Snap"],"picked":"theMarked:Defy","floor":16.0},{"not_picked":["theMarked:LightningStrikesTwice+1","theMarked:Polarize"],"picked":"theMarked:Indomitable","floor":18.0},{"not_picked":["theMarked:RepellingDischarge+1","theMarked:Electrocute"],"picked":"theMarked:KeepCalmAndFight","floor":19.0},{"not_picked":["theMarked:Improvise","theMarked:ComboAttacks"],"picked":"theMarked:EmpowerWeapon","floor":22},{"not_picked":["theMarked:TakeCover","theMarked:Parkour+1"],"picked":"theMarked:BanishingWave","floor":23},{"not_picked":["theMarked:Memento","theMarked:EmpowerWeapon","theMarked:TwofoldDefense"],"picked":"SKIP","floor":25}],"player_experience":39750,"relics_obtained":[{"floor":9.0,"key":"Lizard Tail"},{"floor":10.0,"key":"Turnip"},{"floor":13.0,"key":"Girya"},{"floor":23,"key":"Oddly Smooth Stone"},{"floor":26,"key":"Tiny Chest"}],"event_choices":[{"damage_healed":0.0,"max_hp_gain":0.0,"max_hp_loss":0.0,"gold_gain":75.0,"event_name":"World of Goop","player_choice":"Gather Gold","floor":2.0,"gold_loss":0.0,"damage_taken":11.0},{"damage_healed":0.0,"max_hp_gain":0.0,"max_hp_loss":0.0,"gold_gain":0.0,"event_name":"Accursed Blacksmith","player_choice":"Forge","floor":4.0,"gold_loss":0.0,"damage_taken":0.0,"cards_upgraded":["theMarked:EmpowerWeapon"]},{"damage_healed":0,"gold_gain":99,"player_choice":"Stole From Cult","damage_taken":0,"max_hp_gain":0,"max_hp_loss":0,"event_name":"Nest","floor":21,"gold_loss":0}],"is_beta":false,"boss_relics":[{"not_picked":["Ectoplasm","Empty Cage"],"picked":"Fusion Hammer"}],"items_purged_floors":[11],"is_endless":false,"potions_floor_spawned":[3,5,14,19],"killed_by":"Slavers","ascension_level":0}}