{"host":"odhb85ppoyjrwi3n","time":1613247100,"event":{"mods":["BaseMod","Better Third Choice","BetterRewards","Bossed Relics","Minty Spire (QoL Compilation)","Quick Restart","StSLib"],"gold_per_floor":[116,66,66,81,99,99,99,99,99,99,134,134,150,167,167,266,266,284,295,314,314,17,45,45,45,71,91,91,103,103,128,128,229,229,241,0,18,18,68,68,85,85,85,85,85,102,119,130,130,130],"floor_reached":51,"language":"ENG","playtime":1788,"items_purged":["Defend_R","Strike_R","Strike_R"],"score":1215,"play_id":"63016bee-d6bb-4502-8ead-d725d913a524","local_time":"20210213211140","is_ascension_mode":true,"campfire_choices":[{"floor":6,"key":"RECALL"},{"data":"Apotheosis","floor":10,"key":"SMITH"},{"floor":12,"key":"REST"},{"data":"Brutality","floor":15,"key":"SMITH"},{"floor":25,"key":"REST"},{"floor":32,"key":"REST"},{"floor":40,"key":"REST"},{"floor":42,"key":"REST"},{"floor":44,"key":"REST"},{"floor":49,"key":"REST"}],"circlet_count":0,"master_deck":["Strike_R","Strike_R","Defend_R","Defend_R","Defend_R","Apotheosis+1","Limit Break","Rupture","Inflame","Anger","Brutality+1","Limit Break","Rupture","Heavy Blade","J.A.X.","Demon Form","Spot Weakness+1"],"relics":["Burning Blood","Mummified Hand","Darkstone Periapt","Medical Kit","Lizard Tail","Question Card","Self Forming Clay","Happy Flower","Black Star","Mango","StoneCalendar","Anchor","MealTicket","Matryoshka","FossilizedHelix","Mark of Pain","Red Mask","Turnip","Oddly Smooth Stone","Nunchaku"],"acts_visited":["Exordium","TheCity","TheBeyond"],"potions_floor_usage":[23,23,31,33,37,50,50,50],"damage_taken":[{"damage":12,"enemies":"Jaw Worm","floor":1,"turns":4},{"damage":0,"enemies":"Cultist","floor":4,"turns":3},{"damage":0,"enemies":"Small Slimes","floor":5,"turns":3},{"damage":26,"enemies":"3 Sentries","floor":11,"turns":7},{"damage":4,"enemies":"Red Slaver","floor":13,"turns":3},{"damage":11,"enemies":"3 Louse","floor":14,"turns":3},{"damage":3,"enemies":"Slime Boss","floor":16,"turns":4},{"damage":19,"enemies":"2 Thieves","floor":18,"turns":3},{"damage":16,"enemies":"Spheric Guardian","floor":19,"turns":4},{"damage":15,"enemies":"Centurion and Healer","floor":20,"turns":4},{"damage":40,"enemies":"Book of Stabbing","floor":23,"turns":4},{"damage":24,"enemies":"Snake Plant","floor":27,"turns":4},{"damage":18,"enemies":"Shelled Parasite and Fungi","floor":29,"turns":4},{"damage":19,"enemies":"Gremlin Leader","floor":31,"turns":3},{"damage":50,"enemies":"Collector","floor":33,"turns":5},{"damage":30,"enemies":"Orb Walker","floor":35,"turns":4},{"damage":14,"enemies":"3 Shapes","floor":37,"turns":5},{"damage":39,"enemies":"Mind Bloom Boss Battle","floor":39,"turns":5},{"damage":33,"enemies":"Writhing Mass","floor":41,"turns":4},{"damage":3,"enemies":"Maw","floor":46,"turns":4},{"damage":36,"enemies":"Sphere and 2 Shapes","floor":47,"turns":5},{"damage":51,"enemies":"3 Darklings","floor":48,"turns":5},{"damage":46,"enemies":"Time Eater","floor":50,"turns":5}],"seed_played":"-1644227710763655478","potions_obtained":[{"floor":1,"key":"LiquidBronze"},{"floor":5,"key":"BloodPotion"},{"floor":13,"key":"SpeedPotion"},{"floor":20,"key":"Explosive Potion"},{"floor":27,"key":"Strength Potion"},{"floor":37,"key":"Fruit Juice"},{"floor":41,"key":"LiquidBronze"},{"floor":47,"key":"DuplicationPotion"},{"floor":48,"key":"SteroidPotion"}],"is_trial":false,"path_per_floor":["M","?","T","M","M","R","T","$","T","R","E","R","M","M","R","B",null,"M","M","M","?","$","E","$","R","T","M","?","M","?","E","R","B",null,"M","?","M","?","?","R","M","R","T","R","$","M","M","M","R","B",null],"character_chosen":"IRONCLAD","items_purchased":["Mummified Hand","Apotheosis","Darkstone Periapt","Limit Break","Rupture","Medical Kit","Inflame","Mango"],"campfire_rested":7,"item_purchase_floors":[0,0,0,0,0,0,0,22],"current_hp_per_floor":[74,74,74,80,80,80,80,80,80,80,60,80,80,75,75,78,80,67,57,48,48,62,46,46,74,74,56,87,75,75,62,90,46,82,58,58,55,55,22,51,24,53,53,82,97,99,69,24,53,13],"gold":130,"neow_bonus":"","is_daily":false,"chose_seed":false,"campfire_upgraded":2,"win_rate":0.0,"timestamp":1613247100,"path_taken":["M","?","?","M","M","R","?","$","T","R","E","R","M","M","R","BOSS","M","M","?","?","$","E","$","R","T","?","?","M","?","E","R","BOSS","M","?","M","?","?","R","?","R","T","R","$","M","M","M","R","BOSS"],"items_purchased_type":["Relic","Card","Relic","Card","Card","Relic","Card","Relic"],"build_version":"2020-12-22","purchased_purges":3,"victory":true,"max_hp_per_floor":[80,80,80,80,80,80,80,80,80,80,80,80,80,80,80,80,80,80,80,80,80,94,94,94,94,94,94,94,94,94,94,94,94,94,94,94,99,99,99,99,99,99,99,99,99,99,99,99,99,99],"card_choices":[{"not_picked":["Infernal Blade","Pummel","Anger"],"picked":"SKIP","floor":1},{"not_picked":["Pommel Strike","Wild Strike","Bloodletting","Burning Pact"],"picked":"SKIP","floor":4},{"not_picked":["Bloodletting","Warcry","Sever Soul","Armaments"],"picked":"SKIP","floor":5},{"not_picked":["Pummel","Wild Strike","Flex","True Grit"],"picked":"SKIP","floor":11},{"not_picked":["Heavy Blade","Anger","Entrench"],"picked":"Brutality","floor":13},{"not_picked":["Armaments","Heavy Blade","Body Slam","Whirlwind"],"picked":"SKIP","floor":14},{"not_picked":["Demon Form","Corruption","Immolate"],"picked":"Limit Break","floor":16},{"not_picked":["Anger","Shrug It Off","Intimidate","Feel No Pain+1"],"picked":"SKIP","floor":18},{"not_picked":["Reckless Charge+1","Body Slam","Intimidate","Warcry+1"],"picked":"SKIP","floor":19},{"not_picked":["Anger","Perfected Strike","Thunderclap","Sever Soul"],"picked":"SKIP","floor":20},{"not_picked":["Rampage+1","Rupture","Battle Trance+1","Clash"],"picked":"SKIP","floor":23},{"not_picked":["Rupture","Armaments+1","Dark Embrace"],"picked":"Heavy Blade","floor":27},{"not_picked":["Sever Soul+1","Dual Wield","Clothesline+1","Battle Trance"],"picked":"SKIP","floor":29},{"not_picked":["Havoc","Warcry","Headbutt+1","Bludgeon"],"picked":"SKIP","floor":31},{"not_picked":["Double Tap","Brutality","Feed"],"picked":"Demon Form","floor":33},{"not_picked":["Twin Strike","Heavy Blade","Rage+1","Pommel Strike+1"],"picked":"SKIP","floor":35},{"not_picked":["Perfected Strike","Warcry+1","Wild Strike","Dark Embrace"],"picked":"SKIP","floor":37},{"not_picked":["Metallicize+1","Burning Pact+1","Flex"],"picked":"Spot Weakness+1","floor":41},{"not_picked":["Impervious","Armaments+1","Anger","Perfected Strike"],"picked":"SKIP","floor":46},{"not_picked":["Combust+1","Body Slam","Perfected Strike+1","Heavy Blade+1"],"picked":"SKIP","floor":47},{"not_picked":["Shrug It Off+1","Searing Blow+1","Cleave+1","Havoc+1"],"picked":"SKIP","floor":48}],"player_experience":163099,"relics_obtained":[{"floor":3,"key":"Question Card"},{"floor":7,"key":"Self Forming Clay"},{"floor":11,"key":"Happy Flower"},{"floor":23,"key":"StoneCalendar"},{"floor":23,"key":"Anchor"},{"floor":26,"key":"MealTicket"},{"floor":31,"key":"Matryoshka"},{"floor":31,"key":"FossilizedHelix"},{"floor":39,"key":"Turnip"},{"floor":43,"key":"Oddly Smooth Stone"},{"floor":43,"key":"Nunchaku"}],"event_choices":[{"cards_removed":["Strike_R"],"damage_healed":0,"gold_gain":0,"player_choice":"Card Removal","damage_taken":0,"max_hp_gain":0,"max_hp_loss":0,"event_name":"The Cleric","floor":2,"gold_loss":50},{"damage_healed":0,"gold_gain":0,"player_choice":"Copied","damage_taken":0,"max_hp_gain":0,"max_hp_loss":0,"event_name":"Duplicator","floor":21,"gold_loss":0,"cards_obtained":["Rupture"]},{"damage_healed":31,"gold_gain":0,"player_choice":"Heal","damage_taken":0,"max_hp_gain":0,"max_hp_loss":0,"event_name":"The Library","floor":28,"gold_loss":0},{"damage_healed":0,"gold_gain":0,"player_choice":"Obtain J.A.X.","damage_taken":0,"max_hp_gain":0,"max_hp_loss":0,"event_name":"Drug Dealer","floor":30,"gold_loss":0,"cards_obtained":["J.A.X."]},{"damage_healed":0,"gold_gain":0,"player_choice":"Paid","damage_taken":0,"relics_obtained":["Red Mask"],"max_hp_gain":0,"max_hp_loss":0,"event_name":"Tomb of Lord Red Mask","floor":36,"gold_loss":241},{"cards_removed":["Bash"],"damage_healed":0,"gold_gain":0,"player_choice":"Removed Attack","damage_taken":0,"max_hp_gain":0,"max_hp_loss":0,"event_name":"Falling","floor":38,"gold_loss":0},{"damage_healed":0,"gold_gain":0,"player_choice":"Fight","damage_taken":0,"max_hp_gain":0,"max_hp_loss":0,"event_name":"MindBloom","floor":39,"gold_loss":0}],"is_beta":false,"boss_relics":[{"not_picked":["Snecko Eye","SacredBark"],"picked":"Black Star"},{"not_picked":["Runic Pyramid","Runic Dome"],"picked":"Mark of Pain"}],"items_purged_floors":[0,0,0],"is_endless":false,"potions_floor_spawned":[1,5,13,16,20,27,37,41,47,48],"ascension_level":5}}