{"host":"m0bekkrd201b63ug","time":1613245189,"event":{"mods":["AchievementEnabler","BaseMod","Colored Powertips","Highlight Path","Minty Spire (QoL Compilation)","Rare Cards Sparkle","StSLib","SuperFastMode","everything is the same but u backflip on backflip","slay the spire mod where everything is the same but ironclad has a cowboy hat"],"gold_per_floor":[109,128,203,41,53,53,83,103,103,103,103,132,149,19,19,19,19],"floor_reached":16,"language":"ENG","playtime":453,"items_purged":["Defend_G"],"score":215,"play_id":"22815cc9-acc2-4b1f-b75e-68ac30c2b2fc","local_time":"20210213173949","is_ascension_mode":true,"campfire_choices":[{"data":"Skewer","floor":6.0,"key":"SMITH"},{"data":"Die Die Die","floor":10.0,"key":"SMITH"},{"floor":15.0,"key":"REST"}],"circlet_count":0,"master_deck":["AscendersBane","Strike_G","Strike_G","Strike_G","Strike_G","Defend_G","Defend_G","Defend_G","Defend_G","Survivor","Neutralize","Dagger Spray","Skewer+1","Dagger Spray","Backflip","Die Die Die+1","Wraith Form v2","Escape Plan","Sucker Punch"],"relics":["Ring of the Snake","Happy Flower","Pen Nib","Snake Skull","Bottled Flame","HornCleat"],"acts_visited":["Exordium"],"potions_floor_usage":[16],"damage_taken":[{"damage":0.0,"enemies":"Cultist","floor":1.0,"turns":4.0},{"damage":4.0,"enemies":"Jaw Worm","floor":2.0,"turns":4.0},{"damage":4.0,"enemies":"2 Louse","floor":5.0,"turns":3.0},{"damage":2.0,"enemies":"3 Sentries","floor":7.0,"turns":4.0},{"damage":2.0,"enemies":"Red Slaver","floor":8.0,"turns":2.0},{"damage":8.0,"enemies":"Gremlin Nob","floor":12.0,"turns":3.0},{"damage":0.0,"enemies":"Exordium Wildlife","floor":13.0,"turns":1.0},{"damage":65,"enemies":"The Guardian","floor":16,"turns":16}],"seed_played":"-5667149188292812302","potions_obtained":[{"floor":2.0,"key":"SteroidPotion"},{"floor":5.0,"key":"SkillPotion"},{"floor":7.0,"key":"ColorlessPotion"}],"is_trial":false,"path_per_floor":["M","M","?","$","M","R","E","M","T","R","?","E","M","$","R","B"],"character_chosen":"THE_SILENT","items_purchased":["Pen Nib","Sucker Punch"],"campfire_rested":1,"item_purchase_floors":[4,14],"current_hp_per_floor":[59,55,44,44,40,40,38,36,36,36,36,28,28,28,47,0,0],"gold":19,"neow_bonus":"RANDOM_COMMON_RELIC","is_daily":false,"chose_seed":false,"campfire_upgraded":2,"win_rate":0.0,"timestamp":1613245189,"path_taken":["M","?","?","$","M","R","E","M","T","R","?","E","M","$","R","BOSS"],"items_purchased_type":["Relic","Card"],"build_version":"2020-12-22","purchased_purges":1,"victory":false,"max_hp_per_floor":[66,66,66,66,66,66,66,66,66,66,66,66,66,66,66,66,66],"card_choices":[{"not_picked":["Dagger Throw","Terror"],"picked":"Dagger Spray","floor":1.0},{"not_picked":["Cloak And Dagger","Dagger Throw"],"picked":"Skewer","floor":2.0},{"not_picked":["Prepared","Accuracy"],"picked":"Dagger Spray","floor":5.0},{"not_picked":["Bane","Dagger Spray"],"picked":"Backflip","floor":7.0},{"not_picked":["Expertise","Dodge and Roll"],"picked":"Die Die Die","floor":8.0},{"not_picked":["Deflect","PiercingWail"],"picked":"Wraith Form v2","floor":12.0},{"not_picked":["Acrobatics","All Out Attack"],"picked":"Escape Plan","floor":13.0}],"player_experience":260652,"relics_obtained":[{"floor":7.0,"key":"Snake Skull"},{"floor":9.0,"key":"Bottled Flame"},{"floor":12.0,"key":"HornCleat"}],"event_choices":[{"damage_healed":0.0,"max_hp_gain":0.0,"max_hp_loss":0.0,"gold_gain":75.0,"event_name":"World of Goop","player_choice":"Gather Gold","floor":3.0,"gold_loss":0.0,"damage_taken":11.0},{"cards_removed":["Strike_G"],"damage_healed":0.0,"max_hp_gain":0.0,"max_hp_loss":0.0,"gold_gain":0.0,"event_name":"Purifier","player_choice":"Purged","floor":11.0,"gold_loss":0.0,"damage_taken":0.0}],"is_beta":false,"boss_relics":[],"items_purged_floors":[14],"is_endless":false,"potions_floor_spawned":[2,5,7],"killed_by":"The Guardian","ascension_level":19}}