{"host":"8vqkh0x3c7vpgzzm","time":1613226682,"event":{"mods":["AchievementEnabler","BaseMod","Colored Map","Colored Powertips","Curses Come First","DeckTracker","Highlight Path","Minty Spire (QoL Compilation)","Permanent Neow","Quick Restart","Random Character Mod","Rare Cards Sparkle","Relic Sorter","Relic Stats","StSLib","SuperFastMode","Unceasing Turn Reminder","egg","everything is the same but u backflip on backflip"],"gold_per_floor":[110,110,110,120,120,120,140,16,16,16,16,34,60,78,78,153,153,169,184,30,50,50,79,79,89,89,89,104,123,123,140,140,215,215,230,230,250,263,263,298,298,298,298,298,328,28,44,44,44,44],"floor_reached":51,"language":"ENG","playtime":2284,"items_purged":["Strike_G"],"score":1654,"play_id":"0257822a-8ceb-4efe-8203-7cc9d4cd439b","local_time":"20210213153122","is_ascension_mode":true,"campfire_choices":[{"data":"1","floor":6,"key":"LIFT"},{"data":"2","floor":11,"key":"LIFT"},{"data":"3","floor":15,"key":"LIFT"},{"data":"Malaise","floor":24,"key":"SMITH"},{"data":"Blade Dance","floor":27,"key":"SMITH"},{"data":"Infinite Blades","floor":30,"key":"SMITH"},{"data":"Blade Dance","floor":32,"key":"SMITH"},{"data":"Apotheosis","floor":42,"key":"SMITH"},{"data":"Wraith Form v2","floor":44,"key":"SMITH"},{"data":"Trip","floor":49,"key":"SMITH"}],"circlet_count":0,"master_deck":["AscendersBane","Strike_G","Strike_G","Defend_G","Defend_G","Defend_G","Survivor","Neutralize","Blade Dance+1","Riddle With Holes+1","Dagger Spray+1","Blade Dance+1","Infinite Blades+1","Prepared","Backflip","Malaise+1","Accuracy+1","Slice+1","Backflip","Ghostly","Ghostly","Ghostly","Prepared+1","Endless Agony","Acrobatics","Backstab","Wraith Form v2+1","Choke+1","Well Laid Plans","Escape Plan","Accuracy+1","Trip+1","Master of Strategy","Apotheosis+1","Leg Sweep","Acrobatics+1"],"relics":["Ring of the Snake","Girya","Question Card","Centennial Puzzle","WristBlade","Blood Vial","Strawberry","Ninja Scroll","HoveringKite","Whetstone","Frozen Egg 2","Singing Bowl","Bag of Preparation"],"acts_visited":["TheCity","TheBeyond"],"potions_floor_usage":[16,23,40,40,50,50],"damage_taken":[{"damage":0,"enemies":"Small Slimes","floor":1,"turns":4},{"damage":4,"enemies":"Jaw Worm","floor":4,"turns":4},{"damage":0,"enemies":"Cultist","floor":7,"turns":3},{"damage":0,"enemies":"3 Louse","floor":12,"turns":1},{"damage":10,"enemies":"Lagavulin","floor":13,"turns":4},{"damage":0,"enemies":"Exordium Thugs","floor":14,"turns":3},{"damage":22,"enemies":"Hexaghost","floor":16,"turns":7},{"damage":0,"enemies":"Chosen","floor":18,"turns":3},{"damage":6,"enemies":"Shell Parasite","floor":19,"turns":3},{"damage":7,"enemies":"Snake Plant","floor":21,"turns":4},{"damage":5,"enemies":"Book of Stabbing","floor":23,"turns":4},{"damage":2,"enemies":"Cultist and Chosen","floor":25,"turns":4},{"damage":2,"enemies":"Snecko","floor":28,"turns":3},{"damage":3,"enemies":"Snake Plant","floor":29,"turns":3},{"damage":0,"enemies":"Cultist and Chosen","floor":31,"turns":2},{"damage":5,"enemies":"Collector","floor":33,"turns":5},{"damage":0,"enemies":"Orb Walker","floor":35,"turns":2},{"damage":3,"enemies":"3 Shapes","floor":37,"turns":2},{"damage":6,"enemies":"Maw","floor":38,"turns":6},{"damage":6,"enemies":"Giant Head","floor":40,"turns":5},{"damage":0,"enemies":"Reptomancer","floor":45,"turns":3},{"damage":0,"enemies":"Spire Growth","floor":47,"turns":2},{"damage":46,"enemies":"Awakened One","floor":50,"turns":10}],"seed_played":"-1736342509992249651","potions_obtained":[{"floor":1,"key":"LiquidBronze"},{"floor":5,"key":"Regen Potion"},{"floor":21,"key":"LiquidBronze"},{"floor":23,"key":"SpeedPotion"},{"floor":25,"key":"Regen Potion"},{"floor":40,"key":"Fruit Juice"},{"floor":45,"key":"SpeedPotion"}],"is_trial":false,"path_per_floor":["M","?","?","M","?","R","M","$","T","?","R","M","E","M","R","B",null,"M","M","$","M","?","E","R","M","T","R","M","M","R","M","R","B",null,"M","?","M","M","?","E","?","R","T","R","E","$","M","?","R","B",null],"character_chosen":"THE_SILENT","items_purchased":["Infinite Blades","Prepared","Blood Vial","Bag of Preparation","Leg Sweep"],"campfire_rested":0,"item_purchase_floors":[8,8,20,46,46],"current_hp_per_floor":[59,52,52,48,48,48,48,48,48,48,48,48,38,38,38,16,49,49,43,43,38,30,32,32,32,32,32,32,31,31,33,33,30,35,37,37,34,30,30,40,30,30,30,30,34,34,36,36,36,7],"gold":44,"neow_bonus":"ONE_RARE_RELIC","is_daily":false,"chose_seed":false,"campfire_upgraded":7,"win_rate":0.0,"timestamp":1613226682,"path_taken":["M","?","?","?","?","R","M","?","T","?","R","M","E","M","R","BOSS","M","M","$","?","?","E","R","M","T","R","M","M","R","M","R","BOSS","M","?","M","M","?","E","?","R","T","R","E","$","?","?","R","BOSS"],"items_purchased_type":["Card","Card","Relic","Relic","Card"],"build_version":"2020-12-22","purchased_purges":1,"victory":true,"max_hp_per_floor":[60,60,60,60,60,60,60,60,60,60,60,60,60,60,60,60,60,60,60,60,60,30,37,37,37,37,37,37,37,37,37,37,37,37,37,37,37,37,35,40,40,40,40,40,42,42,42,42,42,42],"relic_stats":{"Blood Vial":24,"Centennial Puzzle":[36],"Singing Bowl":2,"counters":[23,87],"HoveringKite":[14],"Bag of Preparation":[0],"Whetstone":["Riddle With Holes","Dagger Spray"],"Question Card":22,"obtain_stats":[{"Girya":0,"Singing Bowl":45,"HoveringKite":34,"Bag of Preparation":46,"Whetstone":40,"Frozen Egg 2":43,"Question Card":9,"Blood Vial":20,"Centennial Puzzle":13,"WristBlade":17,"Ninja Scroll":26,"Strawberry":23,"Ring of the Snake":0},{"Girya":0,"Singing Bowl":21,"HoveringKite":16,"Bag of Preparation":21,"Whetstone":20,"Frozen Egg 2":20,"Question Card":3,"Blood Vial":9,"Centennial Puzzle":5,"WristBlade":7,"Ninja Scroll":12,"Strawberry":11,"Ring of the Snake":0},{"Girya":0,"Singing Bowl":75,"HoveringKite":57,"Bag of Preparation":75,"Whetstone":72,"Frozen Egg 2":72,"Question Card":11,"Blood Vial":32,"Centennial Puzzle":16,"WristBlade":26,"Ninja Scroll":44,"Strawberry":40,"Ring of the Snake":0}],"Ring of the Snake":[44]},"card_choices":[{"not_picked":["Crippling Poison","Backflip"],"picked":"Blade Dance","floor":1},{"not_picked":["Poisoned Stab","Bane"],"picked":"Dagger Spray","floor":4},{"not_picked":["Riddle With Holes","PiercingWail"],"picked":"Blade Dance","floor":7},{"not_picked":["Prepared","Deadly Poison","Predator"],"picked":"Backflip","floor":12},{"not_picked":["Underhanded Strike","Outmaneuver","Dodge and Roll","Heel Hook"],"picked":"SKIP","floor":13},{"not_picked":["Deflect","Dodge and Roll","Sucker Punch","Quick Slash"],"picked":"SKIP","floor":14},{"not_picked":["Glass Knife","Die Die Die","Unload"],"picked":"Malaise","floor":16},{"not_picked":["Quick Slash","Outmaneuver","Crippling Poison"],"picked":"Accuracy+1","floor":18},{"not_picked":["Dodge and Roll","Underhanded Strike","Deadly Poison"],"picked":"Slice+1","floor":19},{"not_picked":["Dagger Throw","Underhanded Strike+1","Deadly Poison"],"picked":"Backflip","floor":21},{"not_picked":["Blade Dance","Slice+1","Phantasmal Killer"],"picked":"Prepared+1","floor":23},{"not_picked":["Slice","Riddle With Holes+1","PiercingWail","Sucker Punch"],"picked":"SKIP","floor":25},{"not_picked":["Underhanded Strike","Quick Slash","Expertise"],"picked":"Endless Agony","floor":28},{"not_picked":["Deflect","Bane","Blade Dance"],"picked":"Acrobatics","floor":29},{"not_picked":["Eviscerate+1","Tactician","Underhanded Strike"],"picked":"Backstab","floor":31},{"not_picked":["Night Terror","Glass Knife","Bullet Time"],"picked":"Wraith Form v2","floor":33},{"not_picked":["Bane","Concentrate+1","Dagger Throw"],"picked":"Choke+1","floor":35},{"not_picked":["Prepared","Catalyst","Choke"],"picked":"Well Laid Plans","floor":37},{"not_picked":["Reflex","Blade Dance","Deflect"],"picked":"Escape Plan","floor":38},{"not_picked":["Skewer","Blur","Infinite Blades"],"picked":"Accuracy+1","floor":40},{"not_picked":["Impatience","Jack Of All Trades","Secret Weapon"],"picked":"Trip","floor":41},{"not_picked":["Deep Breath","Forethought","Jack Of All Trades"],"picked":"Master of Strategy","floor":41},{"not_picked":["Impatience","Bandage Up","Dramatic Entrance"],"picked":"Apotheosis","floor":41},{"not_picked":["Blade Dance","Acrobatics","Slice","Grand Finale"],"picked":"Singing Bowl","floor":45},{"not_picked":["Well Laid Plans+1","Bane","Reflex"],"picked":"Acrobatics+1","floor":47}],"player_experience":538194,"relics_obtained":[{"floor":9,"key":"Question Card"},{"floor":13,"key":"Centennial Puzzle"},{"floor":23,"key":"Strawberry"},{"floor":26,"key":"Ninja Scroll"},{"floor":40,"key":"Whetstone"},{"floor":43,"key":"Frozen Egg 2"},{"floor":45,"key":"Singing Bowl"}],"event_choices":[{"cards_removed":["Strike_G"],"damage_healed":0,"gold_gain":0,"player_choice":"Card Removal","damage_taken":7,"max_hp_gain":0,"max_hp_loss":0,"event_name":"Golden Wing","floor":2,"gold_loss":0},{"damage_healed":0,"gold_gain":0,"cards_transformed":["Defend_G"],"player_choice":"Transformed","damage_taken":0,"max_hp_gain":0,"max_hp_loss":0,"event_name":"Transmorgrifier","floor":3,"gold_loss":0,"cards_obtained":["Riddle With Holes"]},{"damage_healed":0,"gold_gain":0,"player_choice":"Got Potions","damage_taken":0,"max_hp_gain":0,"max_hp_loss":0,"event_name":"Lab","floor":5,"gold_loss":0},{"cards_removed":["Strike_G"],"damage_healed":0,"gold_gain":0,"player_choice":"Purged","damage_taken":0,"max_hp_gain":0,"max_hp_loss":0,"event_name":"Purifier","floor":10,"gold_loss":0},{"damage_healed":0,"gold_gain":0,"player_choice":"Became a Ghost","damage_taken":0,"max_hp_gain":0,"max_hp_loss":30,"event_name":"Ghosts","floor":22,"gold_loss":0,"cards_obtained":["Ghostly","Ghostly","Ghostly"]},{"damage_healed":0,"gold_gain":0,"player_choice":"Ignored","damage_taken":0,"max_hp_gain":0,"max_hp_loss":0,"event_name":"Tomb of Lord Red Mask","floor":36,"gold_loss":0},{"damage_healed":0,"gold_gain":0,"player_choice":"Max HP","damage_taken":0,"max_hp_gain":0,"max_hp_loss":2,"event_name":"Winding Halls","floor":39,"gold_loss":0},{"damage_healed":0,"gold_gain":0,"player_choice":"Memory 3","damage_taken":10,"max_hp_gain":0,"max_hp_loss":0,"event_name":"SensoryStone","floor":41,"gold_loss":0},{"cards_removed":["Defend_G"],"damage_healed":0,"gold_gain":0,"player_choice":"Offered Basic","damage_taken":0,"max_hp_gain":0,"max_hp_loss":0,"event_name":"Bonfire Elementals","floor":48,"gold_loss":0}],"is_beta":false,"boss_relics":[{"not_picked":["Snecko Eye","Coffee Dripper"],"picked":"WristBlade"},{"not_picked":["Runic Pyramid","Ring of the Serpent"],"picked":"HoveringKite"}],"items_purged_floors":[46],"is_endless":false,"potions_floor_spawned":[1,13,21,23,25,29,33,35,40,45],"ascension_level":15}}