{"host":"gh97pv908ci4ql26","time":1613190167,"event":{"mods":["AchievementEnabler","BaseMod","Beaked The Cultist","Better Altar","Better Match","Better Note","Better Sensory Stone","Better Skull","Better Third Choice","Block Reminder","Colored Powertips","Curses Come First","Disable Question Mark Monsters","Displayed Cursed Tome","Emptier Cage","Googly Eyes","Highlight Path","Minty Spire (QoL Compilation)","Permanent Neow","Poor People Problems","Quick Restart","Rare Cards Sparkle","Relic Sorter","Shop Mod","Smile Girya","StSLib","everything is the same but u backflip on backflip","slay the spire mod where everything is the same but ironclad has a cowboy hat"],"gold_per_floor":[118,68,68,68,83,124,124,145,145,180,203,222,238,238,238,367,367,387,387,407,426,341,341,341],"floor_reached":23,"language":"ENG","playtime":2097,"items_purged":[],"score":203,"play_id":"e89fc625-b806-498b-9eba-8cd23457bb83","local_time":"20210212202247","is_ascension_mode":false,"campfire_choices":[{"data":"beaked:Recite","floor":7.0,"key":"SMITH"},{"data":"beaked:Negation","floor":15.0,"key":"SMITH"}],"circlet_count":0,"master_deck":["beaked:Strike_Y","beaked:Strike_Y","beaked:Strike_Y","beaked:Strike_Y","beaked:Strike_Y","beaked:Defend_Y","beaked:Defend_Y","beaked:Defend_Y","beaked:Defend_Y","beaked:Ceremony","beaked:Ceremony","beaked:Ceremony","beaked:DigDeep","beaked:BraceForImpact","beaked:Recite+1","beaked:WindBringer","beaked:CursingBlood","beaked:Foresight","beaked:Negation+1","beaked:Windmill","Seeing Red","beaked:MachineEssence","CurseOfTheBell","beaked:CrazyRituals","beaked:BloodRitual","beaked:MachineSpirit"],"relics":["beaked:MendingPlumage","Pen Nib","Golden Idol","Incense Burner","TungstenRod","Smiling Mask","Calling Bell","Toy Ornithopter","HornCleat","FossilizedHelix","Bronze Scales","Bag of Marbles"],"acts_visited":["Exordium","TheCity"],"potions_floor_usage":[16,18],"damage_taken":[{"damage":9.0,"enemies":"Cultist","floor":1.0,"turns":6.0},{"damage":5.0,"enemies":"Small Slimes","floor":5.0,"turns":4.0},{"damage":35.0,"enemies":"Gremlin Nob","floor":6.0,"turns":5.0},{"damage":15.0,"enemies":"Jaw Worm","floor":8.0,"turns":5.0},{"damage":13.0,"enemies":"3 Sentries","floor":10.0,"turns":5.0},{"damage":8.0,"enemies":"Exordium Wildlife","floor":11.0,"turns":5.0},{"damage":6.0,"enemies":"3 Louse","floor":12.0,"turns":2.0},{"damage":0.0,"enemies":"Red Slaver","floor":13.0,"turns":6.0},{"damage":37,"enemies":"The Guardian","floor":16,"turns":9},{"damage":40,"enemies":"2 Thieves","floor":18,"turns":5},{"damage":2,"enemies":"3 Byrds","floor":20,"turns":3},{"damage":37,"enemies":"Snecko","floor":21,"turns":6},{"damage":58,"enemies":"Gremlin Leader","floor":23,"turns":4}],"seed_played":"7436616727357205547","potions_obtained":[{"floor":1.0,"key":"Regen Potion"},{"floor":6.0,"key":"Block Potion"},{"floor":13.0,"key":"Swift Potion"},{"floor":16,"key":"Dexterity Potion"}],"is_trial":false,"path_per_floor":["M","?","?","$","M","E","R","M","T","E","M","M","M","?","R","B",null,"M","?","M","M","?","E"],"character_chosen":"BEAKED_THE_CULTIST","items_purchased":[],"campfire_rested":0,"item_purchase_floors":[],"current_hp_per_floor":[49,49,37,37,47,22,22,31,31,49,50,46,50,50,50,44,50,49,49,50,45,45,0,0],"gold":341,"neow_bonus":"RANDOM_COMMON_RELIC","is_daily":false,"chose_seed":false,"campfire_upgraded":2,"win_rate":0.0,"timestamp":1613190167,"path_taken":["M","?","?","?","M","E","R","M","T","E","M","M","?","?","R","BOSS","M","?","?","M","?","E"],"items_purchased_type":[],"build_version":"2020-12-22","purchased_purges":0,"victory":false,"max_hp_per_floor":[50,50,50,50,50,50,50,50,50,50,50,50,50,50,50,50,50,50,50,50,50,50,50,50],"card_choices":[{"not_picked":["beaked:Overexert","beaked:DesperateSwing"],"picked":"beaked:DigDeep","floor":1.0},{"not_picked":["beaked:SacrificialAttack","beaked:FeelMyPain"],"picked":"beaked:BraceForImpact","floor":5.0},{"not_picked":["beaked:Poke","beaked:Negation"],"picked":"beaked:Recite","floor":6.0},{"not_picked":["beaked:TuckingFeathers","beaked:Resilience"],"picked":"beaked:WindBringer","floor":8.0},{"not_picked":["beaked:DarkTribute","beaked:WarriorEssence"],"picked":"beaked:CursingBlood","floor":10.0},{"not_picked":["beaked:TuckingFeathers","beaked:DigDeeper"],"picked":"beaked:Foresight","floor":11.0},{"not_picked":["beaked:Insight","beaked:WarriorEssence"],"picked":"beaked:Negation","floor":12.0},{"not_picked":["beaked:Pecker","beaked:Recite"],"picked":"beaked:Windmill","floor":13.0},{"not_picked":["beaked:FullHouse","beaked:Sacrifice"],"picked":"beaked:MachineEssence","floor":16},{"not_picked":["beaked:Flinch","beaked:Tradeoff"],"picked":"beaked:CrazyRituals","floor":18},{"not_picked":["beaked:Brace+1","beaked:Cower"],"picked":"beaked:BloodRitual","floor":20},{"not_picked":["beaked:SacrificialDive","beaked:TuckingFeathers+1"],"picked":"beaked:MachineSpirit","floor":21}],"player_experience":123286,"relics_obtained":[{"floor":6.0,"key":"Incense Burner"},{"floor":9.0,"key":"TungstenRod"},{"floor":10.0,"key":"Smiling Mask"},{"floor":17,"key":"Toy Ornithopter"},{"floor":17,"key":"HornCleat"},{"floor":17,"key":"FossilizedHelix"}],"event_choices":[{"cards_removed":["beaked:Strike_Y"],"damage_healed":0.0,"max_hp_gain":0.0,"max_hp_loss":0.0,"gold_gain":0.0,"event_name":"The Cleric","player_choice":"Card Removal","floor":2.0,"gold_loss":50.0,"damage_taken":0.0},{"damage_healed":0.0,"max_hp_gain":0.0,"max_hp_loss":0.0,"gold_gain":0.0,"event_name":"Golden Idol","player_choice":"Take Damage","floor":3.0,"gold_loss":0.0,"damage_taken":12.0,"relics_obtained":["Golden Idol"]},{"cards_removed":["beaked:Ceremony"],"damage_healed":0.0,"max_hp_gain":0.0,"max_hp_loss":0.0,"gold_gain":0.0,"event_name":"betterNote:BetterNote","player_choice":"Take \u0026 Give","floor":14.0,"gold_loss":0.0,"damage_taken":0.0,"cards_obtained":["Seeing Red"]},{"damage_healed":0,"gold_gain":0,"player_choice":"Gave Potion","damage_taken":0,"relics_obtained":["Bronze Scales"],"max_hp_gain":0,"max_hp_loss":0,"event_name":"WeMeetAgain","floor":19,"gold_loss":0},{"damage_healed":0,"gold_gain":0,"player_choice":"Obtained Relic","damage_taken":0,"relics_obtained":["Bag of Marbles"],"max_hp_gain":0,"max_hp_loss":0,"event_name":"Addict","floor":22,"gold_loss":85}],"is_beta":false,"boss_relics":[{"not_picked":["Ectoplasm","Philosopher\u0027s Stone"],"picked":"Calling Bell"}],"items_purged_floors":[],"is_endless":false,"potions_floor_spawned":[1,6,13,16],"killed_by":"Gremlin Leader","ascension_level":0}}