{"host":"bvp2uifzy1c463d9","time":1613194427,"event":{"mods":["AchievementEnabler","BaseMod","Block Reminder","Bossed Relics","ChefMod","Colored Map","Colored Powertips","Energized Spire","Hermit","Highlight Path","Hubris","Infinite Spire","Minty Spire (QoL Compilation)","Random Character Button","Relic Sorter","Relic Stats","Reliquary","Replay The Spire","StSLib","The Blue Laboratory","The Jungle","The Servant 0.9.4","Wandering Minibosses"],"gold_per_floor":[115,134,153,153,170,198,198,211,236,248,265,285,300,300,300,300,300],"floor_reached":16,"language":"ENG","playtime":800,"items_purged":[],"score":108,"play_id":"79aac87b-a3bc-4f74-89e3-90d01c8a656c","local_time":"20210212233347","is_ascension_mode":false,"campfire_choices":[{"data":"chefmod:Julienne","floor":7,"key":"SMITH"},{"floor":15,"key":"REST"}],"circlet_count":0,"master_deck":["chefmod:Strike","chefmod:Strike","chefmod:Strike","chefmod:Strike","chefmod:QuickThaw+1","chefmod:Defend","chefmod:Defend","chefmod:Defend","chefmod:Defend","chefmod:TodaysSpecial","chefmod:HotSoup","chefmod:SpaghettiCarbonara","chefmod:VegetableTart","chefmod:IcePick","chefmod:Julienne+1","chefmod:IcePick","chefmod:ZaruSoba","chefmod:Escargot","chefmod:Fillet","chefmod:Chop","Injury"],"relics":["chefmod:TrustyPot","NeowsBlessing","Bag of Marbles","Ancient Tea Set","Golden Idol"],"acts_visited":["Exordium"],"potions_floor_usage":[13,16,16],"damage_taken":[{"damage":0,"enemies":"Jaw Worm","floor":1,"turns":1},{"damage":0,"enemies":"Cultist","floor":2,"turns":1},{"damage":0,"enemies":"Small Slimes","floor":3,"turns":1},{"damage":12,"enemies":"Exordium Thugs","floor":5,"turns":7},{"damage":23,"enemies":"3 Sentries","floor":6,"turns":9},{"damage":0,"enemies":"Exordium Wildlife","floor":8,"turns":4},{"damage":5,"enemies":"Blue Slaver","floor":10,"turns":4},{"damage":4,"enemies":"2 Fungi Beasts","floor":11,"turns":3},{"damage":21,"enemies":"Gremlin Gang","floor":12,"turns":6},{"damage":1,"enemies":"3 Louse","floor":13,"turns":6},{"damage":33,"enemies":"The Guardian","floor":16,"turns":8}],"seed_played":"-992031963504469498","potions_obtained":[{"floor":2,"key":"AttackPotion"},{"floor":3,"key":"SkillPotion"},{"floor":8,"key":"Block Potion"},{"floor":13,"key":"blueLaboratory:BubblePotion"}],"is_trial":false,"path_per_floor":["M","M","M","?","M","E","R","M","T","M","M","M","M","?","R","B"],"character_chosen":"THE_CHEF","items_purchased":[],"campfire_rested":1,"item_purchase_floors":[],"current_hp_per_floor":[76,76,76,76,64,41,41,41,41,36,32,11,10,10,32,0,0],"gold":300,"neow_bonus":"THREE_ENEMY_KILL","is_daily":false,"chose_seed":false,"campfire_upgraded":1,"win_rate":0.0,"timestamp":1613194427,"path_taken":["M","M","M","?","?","E","R","M","T","M","M","M","M","?","R","BOSS"],"items_purchased_type":[],"build_version":"2020-12-22","purchased_purges":0,"victory":false,"max_hp_per_floor":[76,76,76,76,76,76,76,76,76,76,76,76,76,76,76,76,76],"relic_stats":{"counters":[11,50],"Golden Idol":0,"obtain_stats":[{"chefmod:TrustyPot":0,"NeowsBlessing":0,"Golden Idol":14,"Bag of Marbles":6,"Ancient Tea Set":9},{"chefmod:TrustyPot":0,"NeowsBlessing":0,"Golden Idol":10,"Bag of Marbles":5,"Ancient Tea Set":6},{"chefmod:TrustyPot":0,"NeowsBlessing":0,"Golden Idol":42,"Bag of Marbles":19,"Ancient Tea Set":23}]},"card_choices":[{"not_picked":["chefmod:IcePick","chefmod:Chop"],"picked":"chefmod:HotSoup","floor":1},{"not_picked":["chefmod:Gelato","chefmod:Bruschetta"],"picked":"chefmod:SpaghettiCarbonara","floor":2},{"not_picked":["chefmod:Cleavers","chefmod:Gelato"],"picked":"chefmod:VegetableTart","floor":3},{"not_picked":["chefmod:Flambe","chefmod:SliceAndDice"],"picked":"chefmod:IcePick","floor":5},{"not_picked":["chefmod:Canape","chefmod:FryPan"],"picked":"chefmod:Julienne","floor":6},{"not_picked":["chefmod:Defrost","chefmod:FireUp"],"picked":"chefmod:IcePick","floor":8},{"not_picked":["chefmod:BleedOut","chefmod:SliceAndDice"],"picked":"chefmod:ZaruSoba","floor":10},{"not_picked":["chefmod:ZaruSoba","chefmod:Fillet"],"picked":"chefmod:Escargot","floor":11},{"not_picked":["chefmod:Sorbet","chefmod:Defrost"],"picked":"chefmod:Fillet","floor":12},{"not_picked":["chefmod:ZaruSoba","chefmod:Ratatouille"],"picked":"chefmod:Chop","floor":13}],"player_experience":325275,"relics_obtained":[{"floor":6,"key":"Bag of Marbles"},{"floor":9,"key":"Ancient Tea Set"}],"event_choices":[{"damage_healed":0,"gold_gain":0,"player_choice":"Upgraded","damage_taken":0,"max_hp_gain":0,"max_hp_loss":0,"event_name":"Upgrade Shrine","floor":4,"gold_loss":0,"cards_upgraded":["chefmod:QuickThaw"]},{"damage_healed":0,"gold_gain":0,"player_choice":"Take Wound","damage_taken":0,"relics_obtained":["Golden Idol"],"max_hp_gain":0,"max_hp_loss":0,"event_name":"Golden Idol","floor":14,"gold_loss":0,"cards_obtained":["Injury"]}],"is_beta":false,"boss_relics":[],"items_purged_floors":[],"is_endless":false,"potions_floor_spawned":[2,3,8,11,13],"killed_by":"The Guardian","ascension_level":0}}