{"host":"z7p9vpu3tdvnhwui","time":1613174963,"event":{"mods":["2.2 Compatiblity","AchievementEnabler","Act Like it!","BaseMod","Bestiary","Better Third Choice","Colored Powertips","DeckTracker","Defuse TimeMaze Blight","Downfall","Friendly Minions","Hermit","Hubris","Infinite Spire","Minty Spire (QoL Compilation)","Quick Restart","Rare Cards Sparkle","Reliquary","Replay The Spire","Robot Space Explorer","Shop Mod","Somnambulant","Spicy Shops","StSLib","The Cursed","The Forsaken","The Necromancer","The Servant 0.9.4","TheSwordswoman","Transform Curses"],"gold_per_floor":[99,118,137,155,169,31,31,31,43,43,54,71,71,105,117,216,216,216,235,235,235,235,250,329,343,343,343,353,353,367,382,396,492,492,492,502,519,519,519,550,573,583,633,633,644,644,544,562,574,677,677,677,687,787,40,68,68,68,80,80,95,112,112,122,139,157,253,253,253,263,281,301,151,151,179,189,189,189,189,207,207,226,242,360,360,360,397,434,8,29,43,76,98,98,98,98,115,222,222,222,246,280,280,310,310,359,68,91,91,116,158,32,32,52,156,156,156,179,211,241,241,274,322,322,363,363,397,438,438,438,484,617,617,617,668,722,785,852,920,1011,1107,1107,1107,1107,1107,1107,1107],"floor_reached":145,"language":"ENG","playtime":14424,"items_purged":["Slimebound:Strike_Slimebound","Slimebound:FirmFortitude","Slimebound:Tackle","Slimebound:MassRepurpose","Shame","Slimebound:GoopSpray","Slimebound:ComboTackle","Slimebound:HauntingLick","Slimebound:RejuvenatingLick"],"score":3312,"play_id":"ca20bf29-145a-4b21-8029-6c69d6e2f1b0","local_time":"20210213000923","is_ascension_mode":false,"campfire_choices":[{"data":"Slimebound:CorrosiveSpit","floor":1.0,"key":"SMITH"},{"floor":10.0,"key":"REST"},{"floor":13.0,"key":"REST"},{"data":"Slimebound:SamplingLick","floor":18.0,"key":"SMITH"},{"data":"Slimebound:AcidTongue","floor":26.0,"key":"SMITH"},{"floor":29.0,"key":"REST"},{"data":"Slimebound:DouseInSlime","floor":35.0,"key":"SMITH"},{"data":"Slimebound:WasteNot","floor":47.0,"key":"SMITH"},{"floor":52.0,"key":"DIG"},{"data":"Slimebound:DuplicatedForm","floor":60.0,"key":"SMITH"},{"data":"Slimebound:DouseInSlime","floor":69.0,"key":"SMITH"},{"data":"Slimebound:LeechLife","floor":74.0,"key":"SMITH"},{"data":"Slimebound:PrepareCrush","floor":86.0,"key":"SMITH"},{"data":"Slimebound:RainOfGoop","floor":100.0,"key":"SMITH"},{"data":"Slimebound:SlimeSlap","floor":105.0,"key":"SMITH"},{"data":"expansioncontent:QuickStudy","floor":109.0,"key":"SMITH"},{"data":"Slimebound:MassFeed","floor":117.0,"key":"SMITH"},{"data":"hubris:Fate","floor":126.0,"key":"SMITH"},{"data":"Slimebound:Equalize","floor":129.0,"key":"SMITH"},{"data":"Slimebound:Nibble","floor":134,"key":"PURGE"},{"data":"Slimebound:DouseInSlime","floor":142,"key":"SMITH"},{"data":"infinitespire:UltimateForm","floor":144,"key":"SMITH"}],"circlet_count":0,"master_deck":["Slimebound:CorrosiveSpit+1","Slimebound:FinishingTackle+1","Slimebound:LivingWall","Slimebound:Gluttony+1","Slimebound:SamplingLick+1","Slimebound:LeechEnergy+1","Slimebound:Equalize+1","Slimebound:LeechEnergy+1","Slimebound:LeechLife+1","Slimebound:Dissolve+1","infinitespire:NeuralNetwork","Slimebound:AcidTongue+1","Slimebound:LeechingTouch","ReplayTheSpireMod:Book of Names","ReplayTheSpireMod:??????????????????????","Slimebound:GoopSpray+1","Slimebound:Prepare","Slimebound:DouseInSlime+1","Slimebound:ItLooksTasty+1","Slimebound:SamplingLick+1","Slimebound:AcidTongue+1","Slimebound:MegaLick+1","Slimebound:GrowthPunch+1","Slimebound:WasteNot+1","ReplayTheSpireMod:Book of Names","Slimebound:GoopSpray+1","Slimebound:HauntingLick+1","Slimebound:GoopSpray+1","Slimebound:DuplicatedForm+1","Slimebound:Grow+1","expansioncontent:QuickStudy+1","expansioncontent:Chronoboost","Slimebound:RainOfGoop+1","Slimebound:Grow","expansioncontent:StudyTheSpire","Slimebound:MegaLick","Slimebound:DouseInSlime+1","Ghostly","Slimebound:PrepareCrush+1","hubris:Fate+1","Slimebound:DouseInSlime","Slimebound:ComboTackle+1","Slimebound:Darklings","infinitespire:UltimateForm+1","Slimebound:SlimeSlap+1","Slimebound:FormOfPuddle","Slimebound:MassFeed+1","Slimebound:DouseInSlime+1","Slimebound:LevelUp"],"relics":["Slimebound:AbsorbEndCombat","reliquary:FeatherDuster","Omamori","Philosopher\u0027s Stone","Kunai","Slimebound:TarBlob","Kunai","DollysMirror","Smiling Mask","Replay:Multitool","Pandora\u0027s Box","infinitespire:Eraser","downfall:HeartBlessingGreen","Coffee Dripper","CaptainsWheel","Potion Belt","Cauldron","infinitespire:PuzzleCube","Painkiller Herb","Enchiridion","Kintsugi","WingedGreaves","Ring of Peace","infinitespire:EvilPickle","hubris:ScarierMask","Whetstone","reliquary:RedPaperclip","ReplayTheSpireMod:TigerMarble","downfall:TeleportStone","reliquary:WritOfMandamus","hubris:Towel","Gremlin Food","ClockworkSouvenir","reliquary:BrokenClock","hubris:Backtick","Blue Doll","reliquary:Knoch","theForsaken:PaleLantern"],"acts_visited":["Exordium","TheCity","TheBeyond","Exordium","TheCity","TheBeyond","TheCity","TheBeyond"],"potions_floor_usage":[139,139,139],"damage_taken":[{"damage":19.0,"enemies":"infinitespire:Voidling","floor":2.0,"turns":4.0},{"damage":12.0,"enemies":"Jaw Worm","floor":3.0,"turns":2.0},{"damage":16.0,"enemies":"Small Slimes","floor":4.0,"turns":2.0},{"damage":15.0,"enemies":"Blue Slaver","floor":5.0,"turns":2.0},{"damage":16.0,"enemies":"downfall:FleeingMerchant","floor":6.0,"turns":4.0},{"damage":6.0,"enemies":"Exordium Thugs","floor":9.0,"turns":4.0},{"damage":14.0,"enemies":"Gremlin Gang","floor":11.0,"turns":6.0},{"damage":9.0,"enemies":"3 Louse","floor":12.0,"turns":3.0},{"damage":12.0,"enemies":"3 Sentries","floor":14.0,"turns":7.0},{"damage":11.0,"enemies":"Exordium Wildlife","floor":15.0,"turns":4.0},{"damage":21.0,"enemies":"SI_SHIV_ARCHETYPE","floor":16.0,"turns":5.0},{"damage":6.0,"enemies":"Chosen","floor":19.0,"turns":3.0},{"damage":3.0,"enemies":"3 Byrds","floor":20.0,"turns":1.0},{"damage":27.0,"enemies":"Sentry and Sphere","floor":23.0,"turns":6.0},{"damage":17.0,"enemies":"Centurion and Healer","floor":25.0,"turns":5.0},{"damage":26.0,"enemies":"Snake Plant","floor":28.0,"turns":3.0},{"damage":12.0,"enemies":"Cultist and Chosen","floor":30.0,"turns":3.0},{"damage":0.0,"enemies":"Snecko","floor":31.0,"turns":3.0},{"damage":9.0,"enemies":"Snake Plant","floor":32.0,"turns":4.0},{"damage":52.0,"enemies":"IC_MUSHROOM_ARCHETYPE","floor":33.0,"turns":5.0},{"damage":9.0,"enemies":"3 Darklings","floor":36.0,"turns":3.0},{"damage":4.0,"enemies":"Orb Walker","floor":37.0,"turns":3.0},{"damage":36.0,"enemies":"Nightmare","floor":40.0,"turns":6.0},{"damage":23.0,"enemies":"Spire Growth","floor":42.0,"turns":4.0},{"damage":0.0,"enemies":"Spire Growth","floor":43.0,"turns":3.0},{"damage":18.0,"enemies":"Jaw Worm Horde","floor":45.0,"turns":4.0},{"damage":0.0,"enemies":"infinitespire:Three Voidlings","floor":46.0,"turns":3.0},{"damage":10.0,"enemies":"4 Shapes","floor":48.0,"turns":4.0},{"damage":3.0,"enemies":"Sphere and 2 Shapes","floor":49.0,"turns":3.0},{"damage":62.0,"enemies":"WA_ARCHETYPE_DIVINITY","floor":50.0,"turns":6.0},{"damage":20.0,"enemies":"Jaw Worm","floor":53.0,"turns":3.0},{"damage":0.0,"enemies":"downfall:FleeingMerchant","floor":55.0,"turns":4.0},{"damage":0.0,"enemies":"downfall:FleeingMerchant","floor":56.0,"turns":2.0},{"damage":16.0,"enemies":"Small Slimes","floor":59.0,"turns":4.0},{"damage":26.0,"enemies":"2 Louse","floor":61.0,"turns":2.0},{"damage":18.0,"enemies":"Exordium Wildlife","floor":62.0,"turns":4.0},{"damage":32.0,"enemies":"Exordium Thugs","floor":64.0,"turns":3.0},{"damage":13.0,"enemies":"2 Fungi Beasts","floor":65.0,"turns":2.0},{"damage":16.0,"enemies":"Exordium Thugs","floor":66.0,"turns":3.0},{"damage":0.0,"enemies":"The Guardian","floor":67.0,"turns":5.0},{"damage":22.0,"enemies":"Shell Parasite","floor":70.0,"turns":5.0},{"damage":5.0,"enemies":"3 Byrds","floor":71.0,"turns":3.0},{"damage":18.0,"enemies":"Centurion and Healer","floor":72.0,"turns":5.0},{"damage":53.0,"enemies":"Book of Stabbing","floor":75.0,"turns":3.0},{"damage":6.0,"enemies":"Shelled Parasite and Fungi","floor":76.0,"turns":3.0},{"damage":0.0,"enemies":"Sentry and Sphere","floor":80.0,"turns":1.0},{"damage":11.0,"enemies":"Snake Plant","floor":82.0,"turns":3.0},{"damage":12.0,"enemies":"Centurion and Healer","floor":83.0,"turns":6.0},{"damage":52.0,"enemies":"Pondfish","floor":84.0,"turns":7.0},{"damage":3.0,"enemies":"3 Shapes","floor":87.0,"turns":3.0},{"damage":15.0,"enemies":"Orb Walker","floor":88.0,"turns":3.0},{"damage":1.0,"enemies":"Transient","floor":90.0,"turns":5.0},{"damage":14.0,"enemies":"4 Shapes","floor":91.0,"turns":4.0},{"damage":0.0,"enemies":"R_Hoarder","floor":92.0,"turns":5.0},{"damage":18.0,"enemies":"Maw","floor":93.0,"turns":5.0},{"damage":0.0,"enemies":"Jaw Worm Horde","floor":97.0,"turns":3.0},{"damage":15.0,"enemies":"hubris:GrandSnecko","floor":98.0,"turns":7.0},{"damage":3.0,"enemies":"Cultist","floor":101.0,"turns":4.0},{"damage":0.0,"enemies":"2 Louse","floor":102.0,"turns":1.0},{"damage":0.0,"enemies":"Jaw Worm","floor":104.0,"turns":3.0},{"damage":0.0,"enemies":"Lagavulin","floor":106.0,"turns":3.0},{"damage":0.0,"enemies":"2 Fungi Beasts","floor":108.0,"turns":2.0},{"damage":14.0,"enemies":"3 Louse","floor":110.0,"turns":3.0},{"damage":0.0,"enemies":"3 Sentries","floor":111.0,"turns":2.0},{"damage":0.0,"enemies":"2 Fungi Beasts","floor":114.0,"turns":1.0},{"damage":69.0,"enemies":"Hexaghost","floor":115.0,"turns":5.0},{"damage":15.0,"enemies":"Spheric Guardian","floor":118.0,"turns":3.0},{"damage":24.0,"enemies":"Centurion and Healer","floor":119.0,"turns":3.0},{"damage":25.0,"enemies":"3 Cultists","floor":120.0,"turns":4.0},{"damage":0.0,"enemies":"Sentry and Sphere","floor":122.0,"turns":2.0},{"damage":0.0,"enemies":"Replay:Snechameleon","floor":123.0,"turns":2.0},{"damage":54.0,"enemies":"Centurion and Healer","floor":125.0,"turns":3.0},{"damage":18.0,"enemies":"Snake Plant","floor":127.0,"turns":3.0},{"damage":0.0,"enemies":"Sentry and Sphere","floor":128.0,"turns":2.0},{"damage":39.0,"enemies":"Centurion and Healer","floor":131.0,"turns":4.0},{"damage":20.0,"enemies":"infinitespire:LordOfFortification","floor":132.0,"turns":10.0},{"damage":24,"enemies":"Orb Walker","floor":135,"turns":3},{"damage":29,"enemies":"3 Darklings","floor":136,"turns":3},{"damage":0,"enemies":"Sphere and 2 Shapes","floor":137,"turns":3},{"damage":33,"enemies":"Maw","floor":138,"turns":6},{"damage":25,"enemies":"Jaw Worm Horde","floor":139,"turns":3},{"damage":0,"enemies":"Giant Head","floor":140,"turns":4},{"damage":30,"enemies":"R_Hoarder","floor":141,"turns":5},{"damage":77,"enemies":"Reptomancer","floor":145,"turns":2}],"seed_played":"-1766012458667114418","potions_obtained":[{"floor":2.0,"key":"hexamod:SoulburnPotion"},{"floor":9.0,"key":"Reflective Coating"},{"floor":11.0,"key":"DuplicationPotion"},{"floor":14.0,"key":"champ:CounterPotion"},{"floor":15.0,"key":"Weak Potion"},{"floor":16.0,"key":"EntropicBrew"},{"floor":25.0,"key":"Regen Potion"},{"floor":30.0,"key":"Adrenaline Potion"},{"floor":37.0,"key":"LiquidBronze"},{"floor":40.0,"key":"Slimebound:SlimyTonguePotion"},{"floor":50.0,"key":"Energy Potion"},{"floor":55.0,"key":"Explosive Potion"},{"floor":55.0,"key":"Slimebound:SpawnSlimePotion"},{"floor":55.0,"key":"Guardian:BlockOnCardUsePotion"},{"floor":55.0,"key":"Venom Potion"},{"floor":55.0,"key":"EssenceOfSteel"},{"floor":59.0,"key":"SteroidPotion"},{"floor":64.0,"key":"hexamod:SoulburnPotion"},{"floor":65.0,"key":"AttackPotion"},{"floor":66.0,"key":"SkillPotion"},{"floor":67.0,"key":"Adrenaline Potion"},{"floor":71.0,"key":"ColorlessPotion"},{"floor":80.0,"key":"ColorlessPotion"},{"floor":82.0,"key":"Languid Potion"},{"floor":83.0,"key":"Death Potion"},{"floor":84.0,"key":"Regen Potion"},{"floor":87.0,"key":"SteroidPotion"},{"floor":91.0,"key":"Fire Potion"},{"floor":93.0,"key":"SteroidPotion"},{"floor":97.0,"key":"SneckoOil"},{"floor":108.0,"key":"FearPotion"},{"floor":110.0,"key":"Explosive Potion"},{"floor":111.0,"key":"FearPotion"},{"floor":114.0,"key":"Venom Potion"},{"floor":119.0,"key":"sneckomod:MuddlingPotion"},{"floor":120.0,"key":"SteroidPotion"},{"floor":121.0,"key":"CultistPotion"},{"floor":121.0,"key":"LifebloodPotion"},{"floor":121.0,"key":"ColorlessPotion"},{"floor":122.0,"key":"ColorlessPotion"},{"floor":132.0,"key":"Energy Potion"},{"floor":136,"key":"hexamod:SoulburnPotion"},{"floor":137,"key":"DuplicationPotion"},{"floor":138,"key":"DuplicationPotion"},{"floor":139,"key":"Reflective Coating"}],"is_trial":false,"path_per_floor":["R","M","M","M","M","$","T","?","M","R","M","M","R","E","M","B",null,"R","M","M","?","?","M","T","M","R","AVR","M","R","M","M","M","B",null,"R","M","M","?","$","NM","T","M","?","AVR","M","?","R","M","M","B",null,"R","M","?","$","$","?","T","M","R","M","M","R","M","M","M","B",null,"T","?","?","?","?","T","E","?","?","AVR","?","?","T","?","?","B",null,"T","?","?","T","?","?","E","?","?","AVR","?","?","B",null,"T","?","?","?","?","T","E","T","?","T","?","E","T","?","?","B",null,"T","?","?","?","?","?","E","AVR","?","T","?","?","T","?","?","B",null,"T","?","?","?","?","?","E","E","T","?","T","E"],"character_chosen":"SLIMEBOUND","items_purchased":["Slimebound:Gluttony","Slimebound:SamplingLick","DollysMirror","Slimebound:Grow","expansioncontent:QuickStudy","Potion Belt","Cauldron","expansioncontent:Chronoboost","Slimebound:Grow","expansioncontent:StudyTheSpire","Slimebound:DouseInSlime","Whetstone","Energy Potion","Gremlin Food","ClockworkSouvenir","Slimebound:FormOfPuddle","reliquary:BrokenClock"],"campfire_rested":3,"item_purchase_floors":[6,6,39,55,55,55,55,55,56,56,89,89,89,107,107,107,112],"current_hp_per_floor":[71,54,44,30,19,11,11,11,11,32,26,29,50,54,49,48,71,71,71,68,52,52,37,37,58,58,58,38,59,58,70,69,23,71,71,70,71,71,61,61,61,52,68,68,66,71,71,71,71,9,71,71,70,70,71,71,71,71,71,71,49,37,58,30,23,13,25,71,71,71,71,71,71,71,26,28,20,20,20,20,20,13,17,22,71,71,68,71,71,71,63,71,70,70,70,70,71,71,71,71,68,71,71,71,71,71,71,71,71,61,71,71,71,71,15,71,71,71,49,71,71,71,71,71,19,19,54,66,66,71,49,71,71,71,69,59,71,71,54,71,68,68,68,68,0,0,0],"gold":1107,"neow_bonus":"TEN_PERCENT_HP_BONUS","is_daily":false,"chose_seed":false,"campfire_upgraded":17,"win_rate":0.0,"timestamp":1613174963,"path_taken":["R","M","M","M","?","$","T","?","M","R","M","M","R","E","M","BOSS","R","M","M","?","?","M","T","M","R","AVR","?","R","M","M","M","BOSS","R","M","M","?","?","NM","T","M","?","AVR","M","?","R","M","M","BOSS","R","M","?","?","$","?","T","M","R","M","M","R","M","?","M","BOSS","T","?","?","?","?","T","E","?","?","AVR","?","?","T","?","?","BOSS","T","?","?","T","?","?","E","?","?","AVR","?","?","BOSS","T","?","?","?","?","T","E","T","?","T","?","E","T","?","?","BOSS","T","?","?","?","?","?","E","AVR","?","T","?","?","T","?","?","BOSS","T","?","?","?","?","?","E","E","T","?","T","E"],"items_purchased_type":["Card","Card","Relic","Card","Card","Relic","Relic","Card","Card","Card","Card","Relic","Potion","Relic","Relic","Card","Relic"],"build_version":"2020-12-22","purchased_purges":9,"victory":false,"max_hp_per_floor":[71,71,71,71,71,71,71,71,71,71,71,71,71,71,71,71,71,71,71,71,71,71,71,71,71,71,71,71,71,71,71,71,71,71,71,71,71,71,71,71,71,71,71,71,71,71,71,71,71,71,71,71,71,71,71,71,71,71,71,71,71,71,71,71,71,71,71,71,71,71,71,71,71,71,71,71,71,71,71,71,71,71,71,71,71,71,71,71,71,71,71,71,71,71,71,71,71,71,71,71,71,71,71,71,71,71,71,71,71,71,71,71,71,71,71,71,71,71,71,71,71,71,71,71,71,71,71,71,71,71,71,71,71,71,71,71,71,71,71,71,71,71,71,71,71,71,71],"card_choices":[{"not_picked":["Slimebound:PressTheAttack","Slimebound:RollThrough"],"picked":"Slimebound:FinishingTackle","floor":2.0},{"not_picked":["Slimebound:ComboTackle","Slimebound:TongueLash"],"picked":"Slimebound:ItLooksTasty","floor":3.0},{"not_picked":["Slimebound:FinishingTackle","Slimebound:ItLooksTasty"],"picked":"Slimebound:RejuvenatingLick","floor":4.0},{"not_picked":["Slimebound:Grow","Slimebound:SamplingLick"],"picked":"Slimebound:GoopSpray","floor":5.0},{"not_picked":["Slimebound:FinishingTackle","Slimebound:Grow"],"picked":"Slimebound:LivingWall","floor":6.0},{"not_picked":["Slimebound:RollThrough","Slimebound:FormOfPuddle"],"picked":"Slimebound:LeechEnergy","floor":9.0},{"not_picked":["Slimebound:LivingWall","Slimebound:HauntingLick"],"picked":"Slimebound:Equalize","floor":11.0},{"not_picked":["Slimebound:GoopSpray","Slimebound:SamplingLick"],"picked":"Slimebound:WasteNot","floor":12.0},{"not_picked":["Slimebound:BestDefense","Slimebound:ViciousTackle"],"picked":"Slimebound:LeechEnergy","floor":14.0},{"not_picked":["Slimebound:RollThrough","Slimebound:LevelUp","Slimebound:SplitAcid"],"picked":"SKIP","floor":15.0},{"not_picked":["Slimebound:SelfFormingGoo","Slimebound:WasteNot"],"picked":"Slimebound:LeechLife","floor":16.0},{"not_picked":["Slimebound:Chomp","Slimebound:SplitLeeching+1"],"picked":"Slimebound:Dissolve+1","floor":19.0},{"not_picked":["infinitespire:Menacing","infinitespire:Oblivion"],"picked":"infinitespire:NeuralNetwork","floor":21.0},{"not_picked":["Slimebound:ItLooksTasty","Slimebound:Replication"],"picked":"Slimebound:Nibble","floor":23.0},{"not_picked":["Slimebound:Replication","Slimebound:SlimeBarrage"],"picked":"Slimebound:LeechingTouch","floor":25.0},{"not_picked":["Slimebound:ProtectTheBoss","Slimebound:Equalize"],"picked":"Slimebound:ItLooksTasty","floor":28.0},{"not_picked":["Slimebound:LivingWall","Slimebound:MinionMaster"],"picked":"Slimebound:GoopSpray+1","floor":30.0},{"not_picked":["Slimebound:RollThrough+1","Slimebound:Dissolve"],"picked":"Slimebound:Prepare","floor":31.0},{"not_picked":["Slimebound:SlimeSpikes","Slimebound:SplitAcid+1"],"picked":"Slimebound:HauntingLick","floor":32.0},{"not_picked":["Slimebound:MassFeed","Slimebound:FirmFortitude"],"picked":"Slimebound:DouseInSlime","floor":33.0},{"not_picked":["Slimebound:GoopTackle+1","Slimebound:SplitMire"],"picked":"Slimebound:ItLooksTasty+1","floor":36.0},{"not_picked":["Slimebound:ComboTackle","Slimebound:ForwardTackle"],"picked":"Slimebound:SamplingLick+1","floor":37.0},{"not_picked":["Slimebound:GoopTackle+1","Slimebound:Replication"],"picked":"Slimebound:Schlurp","floor":40.0},{"not_picked":["Slimebound:FlameTackle","Slimebound:ProtectTheBoss"],"picked":"Slimebound:MegaLick+1","floor":42.0},{"not_picked":["Slimebound:FormOfPuddle","Slimebound:LeadByExample"],"picked":"Slimebound:GrowthPunch+1","floor":43.0},{"not_picked":["Slimebound:Overexert","Slimebound:SplitMire"],"picked":"Slimebound:GoopSpray+1","floor":45.0},{"not_picked":["Slimebound:GoopSpray+1","Slimebound:RollThrough"],"picked":"Slimebound:HauntingLick+1","floor":48.0},{"not_picked":["Slimebound:BestDefense+1","Slimebound:SplitMire"],"picked":"Slimebound:GoopSpray+1","floor":49.0},{"not_picked":["Slimebound:RallyTheTroops","Slimebound:OneTwoCombo"],"picked":"Slimebound:DuplicatedForm","floor":50.0},{"not_picked":["Slimebound:SplitMire","Slimebound:RollThrough"],"picked":"Slimebound:SpikyOuterGoop","floor":53.0},{"not_picked":["Slimebound:ItLooksTasty","Slimebound:SlimeBarrage","Slimebound:Replication"],"picked":"SKIP","floor":55.0},{"not_picked":["Slimebound:GrowthPunch","Slimebound:SlimeTap"],"picked":"Slimebound:RainOfGoop","floor":56.0},{"not_picked":["Slimebound:SplitBruiser","Slimebound:LeechingTouch","Slimebound:RollThrough"],"picked":"SKIP","floor":59.0},{"not_picked":["Slimebound:LevelUp","Slimebound:LeechEnergy","Slimebound:SplitAcid"],"picked":"SKIP","floor":61.0},{"not_picked":["Slimebound:HauntingLick","Slimebound:Replication","Slimebound:FlameTackle"],"picked":"SKIP","floor":62.0},{"not_picked":["Slimebound:LeechingTouch","Slimebound:SplitBruiser"],"picked":"Slimebound:MegaLick","floor":64.0},{"not_picked":["Slimebound:Gluttony","Slimebound:MegaLick","Slimebound:HauntingLick"],"picked":"SKIP","floor":65.0},{"not_picked":["Slimebound:LevelUp","Slimebound:SlimeBarrage","Slimebound:Dissolve"],"picked":"SKIP","floor":66.0},{"not_picked":["Slimebound:Teamwork","Slimebound:WasteNot"],"picked":"Slimebound:DouseInSlime","floor":67.0},{"not_picked":["Slimebound:GoopSpray","Slimebound:AcidTongue","Slimebound:SamplingLick"],"picked":"SKIP","floor":70.0},{"not_picked":["Slimebound:ItLooksTasty+1","Slimebound:LeechingTouch","Slimebound:RejuvenatingLick+1"],"picked":"SKIP","floor":71.0},{"not_picked":["Slimebound:GoopTackle+1","Slimebound:ForwardTackle","Slimebound:Equalize+1"],"picked":"SKIP","floor":72.0},{"not_picked":["Slimebound:GoopTackle","Slimebound:FlameTackle+1","Slimebound:SamplingLick"],"picked":"SKIP","floor":75.0},{"not_picked":["Slimebound:HauntingLick+1","Slimebound:LeechEnergy","Slimebound:SplitLeeching+1"],"picked":"SKIP","floor":76.0},{"not_picked":["Slimebound:GoopTackle+1","Slimebound:SamplingLick","Slimebound:HauntingLick+1"],"picked":"SKIP","floor":80.0},{"not_picked":["Slimebound:GrowthPunch","Slimebound:ViciousTackle","Slimebound:SamplingLick+1"],"picked":"SKIP","floor":82.0},{"not_picked":["Slimebound:BestDefense","Slimebound:SplitMire","Slimebound:SplitBruiser"],"picked":"SKIP","floor":83.0},{"not_picked":["Slimebound:LeechLife","Slimebound:OozeBath"],"picked":"Slimebound:PrepareCrush","floor":84.0},{"not_picked":["Slimebound:RollThrough","Slimebound:LeadByExample+1","Slimebound:FlameTackle"],"picked":"SKIP","floor":87.0},{"not_picked":["Slimebound:GoopSpray+1","Slimebound:LeechingTouch","Slimebound:LivingWall"],"picked":"SKIP","floor":88.0},{"not_picked":["ReplayTheSpireMod:Book of Names","infinitespire:SealOfDarkness+"],"picked":"hubris:Fate","floor":88.0},{"not_picked":["Slimebound:GoopSpray+1","Slimebound:LeechingTouch","Slimebound:LivingWall"],"picked":"SKIP","floor":88.0},{"not_picked":["Slimebound:LivingWall","Slimebound:GoopTackle","Slimebound:GoopSpray+1"],"picked":"SKIP","floor":90.0},{"not_picked":["Slimebound:ComboTackle","Slimebound:SplitLeeching+1","Slimebound:ProtectTheBoss"],"picked":"SKIP","floor":91.0},{"not_picked":["Slimebound:FinishingTackle","Slimebound:SplitLeeching+1","Slimebound:ProtectTheBoss+1"],"picked":"SKIP","floor":92.0},{"not_picked":["Slimebound:SplitLeeching+1","Slimebound:ItLooksTasty+1"],"picked":"Slimebound:ComboTackle+1","floor":93.0},{"not_picked":["Slimebound:Prepare","Slimebound:SplitBruiser+1","Slimebound:LeechEnergy+1"],"picked":"SKIP","floor":97.0},{"not_picked":["Slimebound:FirmFortitude","Slimebound:DouseInSlime"],"picked":"Slimebound:SlimeSlap","floor":98.0},{"not_picked":["Slimebound:TongueLash","Slimebound:MegaLick","Slimebound:RainOfGoop"],"picked":"SKIP","floor":101.0},{"not_picked":["Slimebound:HauntingLick","Slimebound:SplitAcid","Slimebound:LivingWall"],"picked":"SKIP","floor":102.0},{"not_picked":["Slimebound:LevelUp","Slimebound:ComboTackle","Slimebound:SamplingLick"],"picked":"SKIP","floor":104.0},{"not_picked":["Slimebound:OozeBath","Slimebound:AcidTongue","Slimebound:SlimeBrawl"],"picked":"SKIP","floor":106.0},{"not_picked":["Slimebound:RollThrough","Slimebound:SplitMire","Slimebound:SlimeSpikes"],"picked":"SKIP","floor":108.0},{"not_picked":["Slimebound:GoopSpray","Slimebound:Chomp","Slimebound:SplitBruiser"],"picked":"SKIP","floor":110.0},{"not_picked":["Slimebound:Teamwork","Slimebound:GoopTackle","Slimebound:SamplingLick"],"picked":"SKIP","floor":111.0},{"not_picked":["Slimebound:GoopTackle","Slimebound:GoopSpray","Slimebound:AcidTongue"],"picked":"SKIP","floor":114.0},{"not_picked":["Slimebound:FirmFortitude","Slimebound:DuplicatedForm"],"picked":"Slimebound:MassFeed","floor":115.0},{"not_picked":["Slimebound:ItLooksTasty","Slimebound:AcidTongue","Slimebound:SplitMire"],"picked":"SKIP","floor":118.0},{"not_picked":["Slimebound:TongueLash","Slimebound:PressTheAttack","Slimebound:Schlurp"],"picked":"SKIP","floor":119.0},{"not_picked":["Slimebound:MassRepurpose","Slimebound:SplitAcid","Slimebound:ItLooksTasty+1"],"picked":"SKIP","floor":120.0},{"not_picked":["Slimebound:LevelUp","Slimebound:PressTheAttack","Slimebound:FormOfPuddle"],"picked":"SKIP","floor":122.0},{"not_picked":["Slimebound:ComboTackle+1","Slimebound:PrepareCrush","Slimebound:GoopSpray+1"],"picked":"SKIP","floor":123.0},{"not_picked":["Slimebound:Prepare","Slimebound:Schlurp","Slimebound:TongueLash"],"picked":"SKIP","floor":125.0},{"not_picked":["Slimebound:SlimeBarrage","Slimebound:LeechingTouch","Slimebound:SlimeSpikes"],"picked":"SKIP","floor":127.0},{"not_picked":["Slimebound:RollThrough","Slimebound:LeechingTouch","Slimebound:PressTheAttack"],"picked":"SKIP","floor":128.0},{"not_picked":["Slimebound:LevelUp+1","Slimebound:SplitMire","Slimebound:RainOfGoop"],"picked":"SKIP","floor":131.0},{"not_picked":["Slimebound:DuplicatedForm","Slimebound:FirmFortitude"],"picked":"Slimebound:DouseInSlime","floor":132.0},{"not_picked":["Slimebound:LeadByExample","Slimebound:SplitBruiser","Slimebound:Repurpose+1"],"picked":"SKIP","floor":135},{"not_picked":["Slimebound:Gluttony","Slimebound:GoopTackle","Slimebound:SplitLeeching"],"picked":"SKIP","floor":136},{"not_picked":["Slimebound:LeechingTouch+1","Slimebound:ViciousTackle+1","Slimebound:SlimeTap"],"picked":"SKIP","floor":137},{"not_picked":["Slimebound:SplitAcid","Slimebound:LeechingTouch+1","Slimebound:SlimeSpikes+1"],"picked":"SKIP","floor":138},{"not_picked":["Slimebound:SlimeSpikes+1","Slimebound:DuplicatedForm","Slimebound:Prepare+1"],"picked":"SKIP","floor":139},{"not_picked":["Slimebound:LeechingTouch","Slimebound:PressTheAttack+1","Slimebound:Dissolve+1"],"picked":"SKIP","floor":140},{"not_picked":["Slimebound:Schlurp","Slimebound:ProtectTheBoss+1","Slimebound:SlimeBrawl+1"],"picked":"SKIP","floor":141}],"player_experience":660585,"relics_obtained":[{"floor":7.0,"key":"reliquary:FeatherDuster"},{"floor":14.0,"key":"Omamori"},{"floor":24.0,"key":"Kunai"},{"floor":38.0,"key":"reliquary:SculptingSteel"},{"floor":40.0,"key":"hubris:TenFootPole"},{"floor":41.0,"key":"Smiling Mask"},{"floor":43.0,"key":"Replay:Multitool"},{"floor":52.0,"key":"CaptainsWheel"},{"floor":58.0,"key":"infinitespire:PuzzleCube"},{"floor":77.0,"key":"Enchiridion"},{"floor":79.0,"key":"Ring of Peace"}],"event_choices":[{"damage_healed":0.0,"max_hp_gain":0.0,"max_hp_loss":0.0,"gold_gain":0.0,"event_name":"The Library","player_choice":"Read","floor":22.0,"gold_loss":0.0,"damage_taken":0.0,"cards_obtained":["Slimebound:AcidTongue"]},{"damage_healed":0.0,"max_hp_gain":0.0,"max_hp_loss":0.0,"gold_gain":0.0,"event_name":"Wheel of Change","player_choice":"Relic","floor":38.0,"gold_loss":0.0,"damage_taken":0.0},{"damage_healed":0.0,"max_hp_gain":0.0,"max_hp_loss":0.0,"gold_gain":100.0,"event_name":"Wheel of Change","player_choice":"Gold","floor":54.0,"gold_loss":0.0,"damage_taken":0.0},{"damage_healed":0.0,"max_hp_gain":0.0,"max_hp_loss":0.0,"gold_gain":0.0,"event_name":"Lab","player_choice":"Got Potions","floor":121.0,"gold_loss":0.0,"damage_taken":0.0},{"damage_healed":23.0,"max_hp_gain":0.0,"max_hp_loss":0.0,"gold_gain":0.0,"event_name":"The Library","player_choice":"Heal","floor":130.0,"gold_loss":0.0,"damage_taken":0.0}],"is_beta":false,"boss_relics":[{"not_picked":["Black Star","Snecko Eye"],"picked":"Philosopher\u0027s Stone"},{"not_picked":["Replay:Bronze Core","hubris:ScarierMask"],"picked":"Slimebound:TarBlob"},{"not_picked":["Runic Dome","hubris:VirtuousBlindfold"],"picked":"Coffee Dripper"},{"not_picked":["Sozu","Black Star"],"picked":"Painkiller Herb"},{"not_picked":["Replay:Drink Me","Tiny House"],"picked":"hubris:ScarierMask"},{"not_picked":["bronze:MakeshiftBattery","Empty Cage"],"picked":"reliquary:WritOfMandamus"},{"not_picked":["Calling Bell","Velvet Choker"],"picked":"hubris:Backtick"},{"not_picked":["reliquary:Ember","hubris:VirtuousBlindfold"],"picked":"theForsaken:PaleLantern"}],"items_purged_floors":[27,44,55,56,78,89,95,112,124],"is_endless":true,"potions_floor_spawned":[2,9,11,14,15,16,20,25,30,37,40,46,50,59,64,65,66,67,71,80,82,83,84,87,91,93,97,108,110,111,114,119,120,122,128,132,136,137,138,139],"killed_by":"Reptomancer","ascension_level":0}}