{"host":"eglukmwb6rueyn6u","time":1613212074,"event":{"mods":["BaseMod","Colored Map","Minty Spire (QoL Compilation)"],"gold_per_floor":[114,126,126,126,201,226,226,36,118,137,148,161,11,46,46,142,142,154,81,95,115,115,115,115,135,158,178,178,198,198,33,33,131,131,142,123,139,29,48,102,102,114,138,138,23,23,40,57,57,57],"floor_reached":51,"language":"ENG","playtime":4341,"items_purged":["Strike_G","Defend_G"],"score":659,"play_id":"8d5e2ad7-31da-4938-8981-ce4d1debd388","local_time":"20210213122754","is_ascension_mode":false,"campfire_choices":[{"data":"Neutralize","floor":7,"key":"SMITH"},{"data":"Blade Dance","floor":15,"key":"SMITH"},{"floor":23,"key":"REST"},{"data":"Tools of the Trade","floor":28,"key":"SMITH"},{"data":"After Image","floor":32,"key":"SMITH"},{"data":"A Thousand Cuts","floor":41,"key":"SMITH"},{"data":"A Thousand Cuts","floor":49,"key":"SMITH"}],"circlet_count":0,"master_deck":["Strike_G+1","Strike_G+1","Defend_G+1","Defend_G","Defend_G","Defend_G+1","Survivor","Neutralize+1","Flying Knee","Dodge and Roll+1","Calculated Gamble","Blade Dance+1","Finisher","Escape Plan","Tools of the Trade+1","PiercingWail+1","Infinite Blades","Leg Sweep","Blade Dance","Distraction+1","A Thousand Cuts+1","After Image+1","A Thousand Cuts","Footwork","Terror","Dash+1","Footwork","Caltrops","A Thousand Cuts+1"],"relics":["Ring of the Snake","NeowsBlessing","Mummified Hand","Membership Card","Kunai","Vajra","War Paint","Pear","SacredBark","Enchiridion","Whetstone","Pen Nib","HoveringKite","PreservedInsect","Pocketwatch","Anchor","Sling"],"acts_visited":["Exordium","TheCity","TheBeyond"],"potions_floor_usage":[14,21,35,50],"damage_taken":[{"damage":0,"enemies":"Small Slimes","floor":1,"turns":1},{"damage":0,"enemies":"Jaw Worm","floor":2,"turns":1},{"damage":0,"enemies":"Lagavulin","floor":6,"turns":1},{"damage":0,"enemies":"2 Louse","floor":10,"turns":4},{"damage":2,"enemies":"Blue Slaver","floor":11,"turns":6},{"damage":0,"enemies":"Lots of Slimes","floor":12,"turns":5},{"damage":4,"enemies":"Gremlin Nob","floor":14,"turns":3},{"damage":6,"enemies":"Hexaghost","floor":16,"turns":13},{"damage":18,"enemies":"2 Thieves","floor":18,"turns":5},{"damage":11,"enemies":"Spheric Guardian","floor":20,"turns":4},{"damage":2,"enemies":"3 Cultists","floor":21,"turns":7},{"damage":5,"enemies":"Snake Plant","floor":25,"turns":5},{"damage":0,"enemies":"Snecko","floor":27,"turns":4},{"damage":5,"enemies":"Chosen and Byrds","floor":29,"turns":5},{"damage":5,"enemies":"Automaton","floor":33,"turns":11},{"damage":0,"enemies":"Orb Walker","floor":35,"turns":4},{"damage":0,"enemies":"3 Shapes","floor":37,"turns":4},{"damage":0,"enemies":"Maw","floor":39,"turns":6},{"damage":3,"enemies":"2 Orb Walkers","floor":40,"turns":5},{"damage":3,"enemies":"Jaw Worm Horde","floor":42,"turns":5},{"damage":1,"enemies":"Sphere and 2 Shapes","floor":47,"turns":4},{"damage":0,"enemies":"Maw","floor":48,"turns":5},{"damage":14,"enemies":"Donu and Deca","floor":50,"turns":7}],"seed_played":"3371553152848793260","potions_obtained":[{"floor":1,"key":"Poison Potion"},{"floor":6,"key":"AttackPotion"},{"floor":10,"key":"Block Potion"},{"floor":11,"key":"Energy Potion"},{"floor":18,"key":"Block Potion"},{"floor":21,"key":"SpeedPotion"},{"floor":33,"key":"Fruit Juice"},{"floor":42,"key":"Weak Potion"},{"floor":47,"key":"Strength Potion"}],"is_trial":false,"path_per_floor":["M","M","?","?","?","E","R","$","T","M","M","M","$","E","R","B",null,"M","$","M","M","?","R","?","M","T","M","R","M","?","$","R","B",null,"M","$","M","$","M","?","R","M","T","?","$","?","M","M","R","B",null],"character_chosen":"THE_SILENT","items_purchased":["Membership Card","Footwork","Vajra","War Paint","Infinite Blades","After Image","Pen Nib","Footwork","PreservedInsect","Terror","Sling","Caltrops"],"campfire_rested":1,"item_purchase_floors":[8,8,13,13,19,31,31,36,38,38,45,45],"current_hp_per_floor":[70,70,75,75,64,64,64,64,64,64,62,62,62,68,68,62,85,67,67,56,54,38,63,63,58,58,58,58,53,53,53,53,48,85,95,95,95,95,95,92,92,89,89,89,89,89,88,88,88,74],"gold":57,"neow_bonus":"THREE_ENEMY_KILL","is_daily":false,"chose_seed":false,"campfire_upgraded":6,"win_rate":0.0,"timestamp":1613212074,"path_taken":["M","M","?","?","?","E","R","?","T","M","M","?","$","E","R","BOSS","M","$","M","M","?","R","?","M","T","M","R","M","?","$","R","BOSS","M","?","M","$","M","?","R","M","T","?","$","?","M","M","R","BOSS"],"items_purchased_type":["Relic","Card","Relic","Relic","Card","Card","Relic","Card","Relic","Card","Relic","Card"],"build_version":"2020-12-22","purchased_purges":2,"victory":true,"max_hp_per_floor":[70,70,75,75,75,75,75,75,75,75,75,75,75,85,85,85,85,85,85,85,85,85,85,85,85,85,85,85,85,85,85,85,85,85,95,95,95,95,95,95,95,95,95,95,95,90,90,90,90,90],"card_choices":[{"not_picked":["Riddle With Holes","Backflip"],"picked":"Flying Knee","floor":1},{"not_picked":["Prepared","Flechettes"],"picked":"Dodge and Roll","floor":2},{"not_picked":["Distraction","Backstab","Quick Slash"],"picked":"SKIP","floor":6},{"not_picked":["Reflex","Backflip"],"picked":"Calculated Gamble","floor":10},{"not_picked":["Sucker Punch","Deadly Poison"],"picked":"Blade Dance","floor":11},{"not_picked":["Eviscerate","Reflex"],"picked":"Finisher","floor":12},{"not_picked":["Outmaneuver","Masterful Stab"],"picked":"Escape Plan","floor":14},{"not_picked":["Unload","Die Die Die"],"picked":"Tools of the Trade","floor":16},{"not_picked":["Dagger Throw+1","Outmaneuver"],"picked":"PiercingWail+1","floor":18},{"not_picked":["Slice","Poisoned Stab","Prepared"],"picked":"SKIP","floor":20},{"not_picked":["Deflect","Dagger Spray","Reflex+1"],"picked":"SKIP","floor":21},{"not_picked":["Dodge and Roll","Slice+1"],"picked":"Distraction+1","floor":25},{"not_picked":["Dagger Spray","Outmaneuver","Deflect"],"picked":"SKIP","floor":27},{"not_picked":["Dagger Spray","Poisoned Stab"],"picked":"A Thousand Cuts","floor":29},{"not_picked":["Die Die Die","Wraith Form v2"],"picked":"A Thousand Cuts","floor":33},{"not_picked":["Deadly Poison+1","Slice","Dagger Spray+1"],"picked":"SKIP","floor":35},{"not_picked":["Escape Plan","Backstab+1","Dagger Spray+1"],"picked":"SKIP","floor":37},{"not_picked":["PiercingWail","Eviscerate"],"picked":"Dash+1","floor":39},{"not_picked":["All Out Attack","Eviscerate+1"],"picked":"Footwork","floor":42},{"not_picked":["Deflect","Poisoned Stab+1"],"picked":"A Thousand Cuts","floor":47},{"not_picked":["Expertise+1","Dodge and Roll","Acrobatics"],"picked":"SKIP","floor":48}],"player_experience":5508,"relics_obtained":[{"floor":6,"key":"Mummified Hand"},{"floor":9,"key":"Kunai"},{"floor":14,"key":"Pear"},{"floor":22,"key":"Enchiridion"},{"floor":26,"key":"Whetstone"},{"floor":40,"key":"Pocketwatch"},{"floor":43,"key":"Anchor"}],"event_choices":[{"damage_healed":0,"gold_gain":0,"player_choice":"Donut","damage_taken":0,"max_hp_gain":5,"max_hp_loss":0,"event_name":"Big Fish","floor":3,"gold_loss":0},{"damage_healed":0,"gold_gain":0,"player_choice":"Grow","damage_taken":0,"max_hp_gain":0,"max_hp_loss":0,"event_name":"Living Wall","floor":4,"gold_loss":0,"cards_upgraded":["Dodge and Roll"]},{"damage_healed":0,"gold_gain":75,"player_choice":"Gather Gold","damage_taken":11,"max_hp_gain":0,"max_hp_loss":0,"event_name":"World of Goop","floor":5,"gold_loss":0},{"damage_healed":0,"gold_gain":0,"player_choice":"Obtained Book","damage_taken":16,"max_hp_gain":0,"max_hp_loss":0,"event_name":"Cursed Tome","floor":22,"gold_loss":0},{"damage_healed":0,"gold_gain":0,"cards_transformed":["Strike_G","Strike_G"],"player_choice":"Became Test Subject","damage_taken":0,"max_hp_gain":0,"max_hp_loss":0,"event_name":"Drug Dealer","floor":24,"gold_loss":0,"cards_obtained":["Leg Sweep","Blade Dance"]},{"damage_healed":0,"gold_gain":0,"player_choice":"Bought 0 Potions","damage_taken":0,"max_hp_gain":0,"max_hp_loss":0,"event_name":"The Woman in Blue","floor":30,"gold_loss":0},{"damage_healed":0,"gold_gain":0,"player_choice":"Fight","damage_taken":0,"max_hp_gain":0,"max_hp_loss":0,"event_name":"Mysterious Sphere","floor":40,"gold_loss":0},{"cards_removed":["Footwork"],"damage_healed":0,"gold_gain":0,"player_choice":"Removed Power","damage_taken":0,"max_hp_gain":0,"max_hp_loss":0,"event_name":"Falling","floor":44,"gold_loss":0},{"damage_healed":0,"gold_gain":0,"player_choice":"Max HP","damage_taken":0,"max_hp_gain":0,"max_hp_loss":5,"event_name":"Winding Halls","floor":46,"gold_loss":0}],"is_beta":false,"boss_relics":[{"not_picked":["Runic Pyramid","Velvet Choker"],"picked":"SacredBark"},{"not_picked":["Calling Bell","Ring of the Serpent"],"picked":"HoveringKite"}],"items_purged_floors":[19,31],"is_endless":false,"potions_floor_spawned":[1,6,10,11,18,21,33,42,47],"ascension_level":0}}