{"host":"5y2vm16xfq9gfmb2","time":1613259556,"event":{"mods":["AchievementEnabler","BaseMod","Better Third Choice","Colored Map","Colored Powertips","DeckTracker","Marisa????????","Minty Spire (QoL Compilation)","Rare Cards Sparkle","Relic Stats","StSLib","The Alterego","The Animator","The Marked","The Servant 0.9.4"],"gold_per_floor":[366,366,70,70,70,70,70],"floor_reached":6,"language":"ENG","playtime":210,"items_purged":[],"score":32,"play_id":"68ec8bc7-6632-4efd-9140-a25b92591f03","local_time":"20210213183916","is_ascension_mode":false,"campfire_choices":[],"circlet_count":0,"master_deck":["Strike_P","Strike_P","Strike_P","Strike_P","Defend_P","Defend_P","Defend_P","Defend_P","Eruption","Vigilance","Indignation","Burn"],"relics":["PureWater","Strange Spoon","Tiny Chest"],"acts_visited":["Exordium"],"potions_floor_usage":[],"damage_taken":[{"damage":1,"enemies":"Jaw Worm","floor":1,"turns":3},{"damage":71,"enemies":"3 Sentries","floor":6,"turns":6}],"seed_played":"-4092719379014250839","potions_obtained":[],"is_trial":false,"path_per_floor":["M","?","$","?","?","E"],"character_chosen":"WATCHER","items_purchased":["Strange Spoon","Tiny Chest"],"campfire_rested":0,"item_purchase_floors":[3,3],"current_hp_per_floor":[64,64,64,64,64,0,0],"gold":70,"neow_bonus":"TWO_FIFTY_GOLD","is_daily":false,"chose_seed":false,"campfire_upgraded":0,"win_rate":0.0,"timestamp":1613259556,"path_taken":["M","?","$","?","?","E"],"items_purchased_type":["Relic","Relic"],"build_version":"2020-12-22","purchased_purges":0,"victory":false,"max_hp_per_floor":[65,65,65,65,65,65,65],"relic_stats":{"Strange Spoon":[1],"counters":[2,9],"Tiny Chest":0,"obtain_stats":[{"Strange Spoon":3,"Tiny Chest":3,"PureWater":0},{"Strange Spoon":1,"Tiny Chest":1,"PureWater":0},{"Strange Spoon":3,"Tiny Chest":3,"PureWater":0}]},"card_choices":[{"not_picked":["Crescendo","FollowUp"],"picked":"SignatureMove","floor":1}],"player_experience":91683,"relics_obtained":[],"event_choices":[{"damage_healed":0,"gold_gain":0,"cards_transformed":["SignatureMove"],"player_choice":"Change","damage_taken":0,"max_hp_gain":0,"max_hp_loss":0,"event_name":"Living Wall","floor":2,"gold_loss":0,"cards_obtained":["Indignation"]},{"damage_healed":0,"gold_gain":0,"player_choice":"Leave","damage_taken":0,"max_hp_gain":0,"max_hp_loss":0,"event_name":"The Cleric","floor":4,"gold_loss":0},{"damage_healed":64,"gold_gain":0,"player_choice":"Embrace Burn","damage_taken":0,"max_hp_gain":0,"max_hp_loss":65,"event_name":"betterThird:BetterShining","floor":5,"gold_loss":0}],"is_beta":false,"boss_relics":[],"items_purged_floors":[],"is_endless":false,"potions_floor_spawned":[],"killed_by":"3 Sentries","ascension_level":0}}