{"host":"dug4t5o3sl9ppgxq","time":1613237718,"event":{"mods":["ATMod(∞¢Ë™Mod)","Act Like it!","Aspiration","BaseMod","BetterRewards","Card Forge","Colored Map","Colored Powertips","DNKmod","Downfall","FoggyMod","Friendly Minions","Gensokyo","Grow up Mod","Hallownest","Highlight Path","Lobotomy","LobotomyExtend","Marisa£®ÏF”Í°°ƒß¿Ì…≥£©","Minty Spire (QoL Compilation)","Reimu£®≤©¿ˆ¡È√Œ£©","Relic Filter Mod","Remilia£®¿Ÿ√◊¿Ú—«£©","Replay The Spire","Spicy Shops","StSLib","The Bug Knight","The Saiyan","Uncapped","Warlord Emblem","noobMod","°æπ¶ƒ‹Mod°øªÏ„Á÷Æª∑–ﬁ∏¥≤π∂°","°æπ¶ƒ‹Mod°ø¥œ√˜µƒ◊Ó÷’Boss","°æ“≈ŒÔø®≈∆°øREMEMod"],"gold_per_floor":[10019,10019,10031,10031,10031,10031,10066,10066,10066,10077,10077,10103,9421,9447,9447,9546,9546,9563,9563,9662,9662,8765,8799,8799,8833,8833,8865,8875,7581,7581,7610,7610,7709,7709,7724,7724,7724,7032,7049,7076,7076,7076,7076,7107,7158,7158,7172,7222,7222,7222,7222,7222,7222,6460,6487,6487],"floor_reached":57,"language":"ZHS","playtime":3183,"items_purged":[],"score":1805,"play_id":"a6bee8e8-5285-45cf-865e-813513013414","local_time":"20210214013518","is_ascension_mode":true,"campfire_choices":[{"floor":6,"key":"RECALL"},{"floor":8,"key":"REST"},{"data":"ReplayTheSpireMod:Fabricate Wheel","floor":15,"key":"SMITH"},{"floor":24,"key":"REST"},{"floor":41,"key":"REST"},{"floor":49,"key":"REST"},{"data":"Wraith","floor":53,"key":"PURGE"}],"circlet_count":0,"master_deck":["Zap+1","Dualcast+1","AT_KingSlayer+1","Inflame+1","Limit Break+1","AT_EssenceShift+1","AT_Desolate+1","REME_FirmDetermination+1","BecomeAlmighty+1","WarlordEmblem:QuestCardHunterReward","Enlightenment+1","LiveForever+1","WarlordEmblem:QuestCardDruidReward","Capacitor+1","Double Energy+1","Echo Form+1","Loop+1","REME_FirmDetermination+1","Double Energy+1","LiveForever+1","WarlordEmblem:QuestCardWarlockReward","Enlightenment+1","BecomeAlmighty+1","WarlordEmblem:QuestCardHunterReward","AT_WaterDrop+1","AT_RightCognition+1","AT_Desolate+1","AT_RightCognition+1","Echo Form+1"],"relics":["Cracked Core","Hammer of Thor","Seething Fire","Anvil of the Gods","ice","AT_ATBox","REME_ComplimentaryCards","Vajra","WarpedTongs","ReplayTheSpireMod:TigerMarble","Oddly Smooth Stone","Calipers","Runic Capacitor","Bottled Flame","Blue Doll","Prayer Wheel","Replay:Ancient Bell","AT_ChloranthyRing","Gremlin Horn","Ice Cream","Prayer Wheel","MutagenicStrength","Bag of Marbles","HollowMod:LifeEnderRelic","DollysMirror","PrismaticShard","AT_GoldPhoenixTree","Geode","Replay:Rubber Ducky","REME_LimitBreaker","Replay:Wax Seal","REME_IWantAll","Golden Egg","ReplayTheSpireMod:Shallot","REME_CardOfGreed","AT_SilvercatRing","Chameleon Ring","Cauldron","Dream Catcher","REME_DuelDisc","AT_BellowingDragoncrestRing","HandDrill","Sling","AT_PhaseBoots","Replay:Bottled Eggs","StoneCalendar","Whetstone","Peace Pipe","Orichalcum","Happy Flower","Divine Protection","Replay:Baseball","Lee\u0027s Waffle","Replay:Frozen Program","Pen Nib"],"acts_visited":["Exordium","TheCity","TheBeyond","TheEnding"],"potions_floor_usage":[],"damage_taken":[{"damage":0,"enemies":"Jaw Worm","floor":1,"turns":1},{"damage":1,"enemies":"Cultist","floor":3,"turns":4},{"damage":15,"enemies":"3 Sentries","floor":7,"turns":3},{"damage":0,"enemies":"Small Slimes","floor":10,"turns":1},{"damage":6,"enemies":"HollowMod:MossKnight","floor":12,"turns":5},{"damage":4,"enemies":"Lagavulin","floor":14,"turns":3},{"damage":0,"enemies":"Slime Boss","floor":16,"turns":5},{"damage":19,"enemies":"Shell Parasite","floor":18,"turns":5},{"damage":0,"enemies":"Replay:Snechameleon","floor":23,"turns":2},{"damage":0,"enemies":"Book of Stabbing","floor":25,"turns":4},{"damage":0,"enemies":"HollowMod:Nosk","floor":27,"turns":4},{"damage":0,"enemies":"3 Byrds","floor":28,"turns":4},{"damage":0,"enemies":"REME_1_Revenger","floor":31,"turns":1},{"damage":0,"enemies":"Champ","floor":33,"turns":3},{"damage":0,"enemies":"Orb Walker","floor":35,"turns":1},{"damage":0,"enemies":"3 Shapes","floor":39,"turns":2},{"damage":0,"enemies":"R_Hoarder","floor":40,"turns":1},{"damage":0,"enemies":"Giant Head","floor":44,"turns":1},{"damage":0,"enemies":"2 Orb Walkers","floor":45,"turns":4},{"damage":0,"enemies":"Spire Growth","floor":47,"turns":1},{"damage":0,"enemies":"Replay:Hell Engine","floor":50,"turns":1},{"damage":0,"enemies":"Shield and Spear","floor":55,"turns":2},{"damage":0,"enemies":"The Heart","floor":56,"turns":5}],"seed_played":"-6479488831218385679","potions_obtained":[{"floor":2,"key":"ZuzhouPotion:ReiMu"},{"floor":2,"key":"Dexterity Potion"},{"floor":2,"key":"Strength Potion"},{"floor":14,"key":"DuplicationPotion"},{"floor":32,"key":"Strength Potion"}],"is_trial":false,"path_per_floor":["M","?","M","?","?","R","E","R","T","M","?","E","$","E","R","B",null,"M","?","?","?","$","E","R","E","T","E","M","$","?","E","R","B",null,"M","?","?","$","M","E","R","?","T","E","?","?","M","T","R","B",null,null,"R","$","E","B",null],"character_chosen":"DEFECT","items_purchased":["Calipers","Runic Capacitor","Bottled Flame","Bag of Marbles","HollowMod:LifeEnderRelic","DollysMirror","PrismaticShard","AT_GoldPhoenixTree","Geode","Golden Egg","ReplayTheSpireMod:Shallot","REME_CardOfGreed","AT_SilvercatRing","Chameleon Ring","Cauldron","AT_BellowingDragoncrestRing","HandDrill","Sling","AT_SpeedBoots","Happy Flower","Divine Protection","Replay:Baseball","Lee\u0027s Waffle","Replay:Frozen Program"],"campfire_rested":4,"item_purchase_floors":[13,13,13,22,22,22,22,22,22,29,29,29,29,29,29,38,38,38,38,54,54,54,54,54],"current_hp_per_floor":[1020,1030,1039,1049,1059,1069,1064,1090,1100,1110,1120,1124,1134,1140,1150,1160,1180,1171,1181,1191,1230,1240,1250,1260,1270,1280,1290,1300,1310,1320,1330,1340,1350,1360,1370,1380,1390,1400,1410,1420,1430,1440,1450,1460,1470,1480,1490,1500,1510,1520,1530,1540,1550,1567,1577,1597],"gold":6487,"neow_bonus":"RANDOM_COMMON_RELIC","is_daily":false,"chose_seed":false,"campfire_upgraded":1,"win_rate":0.0,"timestamp":1613237718,"path_taken":["M","?","?","?","?","R","E","R","T","?","?","E","?","E","R","BOSS","M","?","?","?","$","E","R","E","T","E","?","$","?","E","R","BOSS","M","?","?","?","?","E","R","?","T","E","?","?","?","?","R","BOSS","R","$","E","BOSS"],"items_purchased_type":["Relic","Relic","Relic","Relic","Relic","Relic","Relic","Relic","Relic","Relic","Relic","Relic","Relic","Relic","Relic","Relic","Relic","Relic","Relic","Relic","Relic","Relic","Relic","Relic"],"build_version":"2020-12-22","purchased_purges":0,"victory":true,"max_hp_per_floor":[1020,1030,1040,1050,1060,1070,1080,1090,1100,1110,1120,1130,1140,1150,1160,1170,1180,1190,1200,1210,1230,1240,1250,1260,1270,1280,1290,1300,1310,1320,1330,1340,1350,1360,1370,1380,1390,1400,1410,1420,1430,1440,1450,1460,1470,1480,1490,1500,1510,1520,1530,1540,1550,1567,1577,1597],"card_choices":[{"not_picked":["Sweeping Beam","Rebound"],"picked":"Capacitor","floor":1},{"not_picked":["AT_HeatAcrobatics","Leap","Hologram"],"picked":"SKIP","floor":3},{"not_picked":["ReplaySort","Gash","Stack"],"picked":"SKIP","floor":7},{"not_picked":["Stack","Reinforced Body","Steam"],"picked":"SKIP","floor":10},{"not_picked":["Turbo","Coolheaded","AT_HeatAcrobatics"],"picked":"SKIP","floor":12},{"not_picked":["Double Energy","Redo"],"picked":"ReplayTheSpireMod:Fabricate Wheel","floor":14},{"not_picked":["Fission","Hyperbeam"],"picked":"ReplayTheSpireMod:Fabricate Wheel","floor":16},{"not_picked":["ReplayTheSpireMod:Faulty Equipment","Writhe"],"picked":"Clumsy","floor":17},{"not_picked":["Amnesia","Greed_TH"],"picked":"Lust_TH","floor":17},{"not_picked":["Doubt","Envy_TH"],"picked":"Delirium","floor":17},{"not_picked":["Redo","Gash","Conserve Battery"],"picked":"SKIP","floor":18},{"not_picked":["Rebound","Gash","Coolheaded"],"picked":"SKIP","floor":18},{"not_picked":["Capacitor","ReplayTheSpireMod:GoodbyeWorld","ReplayTheSpireMod:Repulse"],"picked":"SKIP","floor":18},{"not_picked":["sneckomod:RainOfDice+1","VampireClaw","AT_WindFlip+1"],"picked":"SKIP","floor":23},{"not_picked":["Regret_ego+1","Dodge and Roll","SwordSharpenedByTears+1"],"picked":"SKIP","floor":25},{"not_picked":["Deflect+1","REME_MawOfCthun","bronze:FollowUp"],"picked":"SKIP","floor":27},{"not_picked":["sneckomod:UnknownClassHEXA_GHOST_PURPLE","Slimebound:SplitAcid+1","WarlordEmblem:SevereWinter"],"picked":"SKIP","floor":28},{"not_picked":["Slimebound:LeadByExample+1","sneckomod:DiceCrush","bronze:Deprecate"],"picked":"SKIP","floor":28},{"not_picked":["Saiyan:ExpandingShockwave","Replay:Cycle","sneckomod:UnknownClassRED"],"picked":"SKIP","floor":28},{"not_picked":["bronze:DarkDash","Saiyan:BurningSoul+1","AT_HeatAcrobatics+1"],"picked":"SKIP","floor":31},{"not_picked":["Underhanded Strike+1","TodaysExpression+1","Replay:Parry+1"],"picked":"SKIP","floor":35},{"not_picked":["CharismaGuard","Slimebound:SpikyOuterGoop","Guardian:PiercingHide+1"],"picked":"SKIP","floor":35},{"not_picked":["sneckomod:UnknownClassREMILIA_COLOR","Slimebound:ProtectTheBoss","BloodHunter+1"],"picked":"SKIP","floor":35},{"not_picked":["HollowMod:BaldurShell","MilkyWay+1","Battle Trance"],"picked":"SKIP","floor":39},{"not_picked":["SolemnVow+1","sneckomod:UnknownClassLobotomy+1","EternalNight+1"],"picked":"SKIP","floor":39},{"not_picked":["Finisher+1","Slimebound:Prepare","champ:HoldFirm"],"picked":"SKIP","floor":39},{"not_picked":["hexamod:GhostLash+1","BloodAndWine","Conquer:ReiMu+1"],"picked":"SKIP","floor":40},{"not_picked":["Slimebound:LeadByExample+1","Saiyan:PowerPole+1","WitchLeyline+1"],"picked":"SKIP","floor":44},{"not_picked":["champ:PerfectedStrike+1","REME_TheoryOfElimination","Replay:Undeath\u0027s Touch+1"],"picked":"SKIP","floor":47},{"not_picked":["VampirishNight+1","sneckomod:UnknownClassLunar","UniversalSpiritual:ReiMu+1"],"picked":"SKIP","floor":47},{"not_picked":["Dagger Spray+1","Intuition:ReiMu+1","sneckomod:UnknownClassSLIMEBOUND+1"],"picked":"SKIP","floor":47},{"not_picked":["WristCuter+1","WarlordEmblem:WrathOfSindragosa+1","Saiyan:ExpandingShockwave"],"picked":"SKIP","floor":55}],"player_experience":140357,"relics_obtained":[{"floor":7,"key":"ReplayTheSpireMod:TigerMarble"},{"floor":12,"key":"Oddly Smooth Stone"},{"floor":14,"key":"Blue Doll"},{"floor":23,"key":"Replay:Rubber Ducky"},{"floor":25,"key":"REME_LimitBreaker"},{"floor":26,"key":"Replay:Wax Seal"},{"floor":27,"key":"REME_IWantAll"},{"floor":31,"key":"Dream Catcher"},{"floor":40,"key":"Replay:Bottled Eggs"},{"floor":43,"key":"StoneCalendar"},{"floor":44,"key":"Whetstone"},{"floor":45,"key":"Peace Pipe"},{"floor":48,"key":"Orichalcum"},{"floor":55,"key":"Pen Nib"}],"event_choices":[{"damage_healed":0,"gold_gain":0,"player_choice":"Got Potions","damage_taken":0,"max_hp_gain":0,"max_hp_loss":0,"event_name":"Lab","floor":2,"gold_loss":0},{"damage_healed":0,"gold_gain":0,"player_choice":"Rummage","damage_taken":0,"relics_obtained":["WarpedTongs"],"max_hp_gain":0,"max_hp_loss":0,"event_name":"Accursed Blacksmith","floor":5,"gold_loss":0,"cards_obtained":["Pain"]},{"damage_healed":0,"gold_gain":0,"player_choice":"Inject Mutagens","damage_taken":0,"relics_obtained":["MutagenicStrength"],"max_hp_gain":0,"max_hp_loss":0,"event_name":"Drug Dealer","floor":19,"gold_loss":0},{"damage_healed":0,"gold_gain":99,"player_choice":"Stole From Cult","damage_taken":0,"max_hp_gain":0,"max_hp_loss":0,"event_name":"Nest","floor":20,"gold_loss":0},{"cards_removed":["Amplify"],"damage_healed":19,"gold_gain":0,"player_choice":"Offered Rare","damage_taken":0,"max_hp_gain":10,"max_hp_loss":0,"event_name":"Bonfire Elementals","floor":21,"gold_loss":0},{"cards_removed":["REME_CthunTheShattered"],"damage_healed":0,"gold_gain":0,"player_choice":"Removed Attack","damage_taken":0,"max_hp_gain":0,"max_hp_loss":0,"event_name":"Falling","floor":37,"gold_loss":0},{"damage_healed":0,"gold_gain":0,"player_choice":"Ignored","damage_taken":0,"max_hp_gain":0,"max_hp_loss":0,"event_name":"OrinTheCat","floor":42,"gold_loss":0},{"damage_healed":0,"gold_gain":0,"player_choice":"Fight","damage_taken":0,"max_hp_gain":0,"max_hp_loss":0,"event_name":"Mysterious Sphere","floor":45,"gold_loss":0}],"is_beta":false,"boss_relics":[{"not_picked":["aspiration:IroncladSkillbook","Runic Pyramid"],"picked":"Replay:Ancient Bell"},{"not_picked":["aspiration:ChemicalBlood","REME_HandOfSuture"],"picked":"AT_ChloranthyRing"},{"not_picked":["AT_ImmortalShieldbow","Tea:ReiMu"],"picked":"Gremlin Horn"},{"not_picked":["AT_RabadonDeathcap","Replay:Arrowhead"],"picked":"Ice Cream"},{"not_picked":["aspiration:RunicSpoon","Replay:Wanted Poster"],"picked":"REME_DuelDisc"}],"items_purged_floors":[],"is_endless":false,"potions_floor_spawned":[7,10,12,14,16,18,23,28,31,39,45,47,55],"ascension_level":4}}