{"host":"q57ekfojy3i00x9o","time":1613223445,"event":{"mods":["Act Like it!","Arknights","Aspiration","BaseMod","Colored Map","Energized Spire","Hermit","Minty Spire (QoL Compilation)","Quick Restart","Spicy Shops","Spikes Relics","StSLib","slay the spire mod where everything is the same but ironclad has a cowboy hat"],"gold_per_floor":[131,21,21,21,46,46,87,114,141,168,168],"floor_reached":10,"language":"RUS","playtime":170,"items_purged":[],"score":96,"play_id":"8d9a136f-8213-4fd0-a13d-f45dc3d99dbf","local_time":"20210213183725","is_ascension_mode":true,"campfire_choices":[{"data":"ats:Flexible Camouflage","floor":6,"key":"SMITH"},{"floor":8,"key":"REST"}],"circlet_count":0,"master_deck":["AscendersBane","ats:Strike C","ats:Strike G","ats:Strike S","ats:Strike V","ats:Armor Crushing Shot","ats:Defend","ats:Defend","ats:Defend","ats:Defend","ats:Emotion Absorption","Parasite","ats:Flexible Camouflage+1","Pain","ats:Leaping Hammer","Injury","ats:Consecutive Shot Auto+1","ats:Red Shift+1"],"relics":["ats:Sanity","ats:Gyao","ats:Attack","Molten Egg 2","ats:Originium","MawBank","ShockBauble"],"acts_visited":["Exordium"],"potions_floor_usage":[7],"damage_taken":[{"damage":10,"enemies":"Cultist","floor":1,"turns":5},{"damage":8,"enemies":"Small Slimes","floor":5,"turns":4},{"damage":34,"enemies":"Lagavulin","floor":7,"turns":6},{"damage":37,"enemies":"Gremlin Nob","floor":10,"turns":3}],"seed_played":"6146766511893213742","potions_obtained":[{"floor":1,"key":"ColorlessPotion"}],"is_trial":false,"path_per_floor":["M","$","?","$","M","R","E","R","T","E"],"character_chosen":"DOCTOR_CLASS","items_purchased":["ats:Attack","ats:Leaping Hammer"],"campfire_rested":1,"item_purchase_floors":[2,2],"current_hp_per_floor":[55,55,55,55,47,47,13,34,34,0,0],"gold":168,"neow_bonus":"ONE_RARE_RELIC","is_daily":false,"chose_seed":false,"campfire_upgraded":1,"win_rate":0.0,"timestamp":1613223445,"path_taken":["M","$","?","$","M","R","E","R","T","E"],"items_purchased_type":["Relic","Card"],"build_version":"2020-12-22","purchased_purges":0,"victory":false,"max_hp_per_floor":[72,72,72,72,72,72,72,72,72,72,72],"card_choices":[{"not_picked":["ats:Serious Mode","ats:Absolute Focus"],"picked":"ats:Flexible Camouflage","floor":1},{"not_picked":["ats:Charging Defense","ats:Very Hot Blade+1"],"picked":"ats:Consecutive Shot Auto+1","floor":5},{"not_picked":["ats:Poison Spread+1","ats:Support Order"],"picked":"ats:Red Shift+1","floor":7}],"player_experience":766910,"relics_obtained":[{"floor":7,"key":"ats:Originium"},{"floor":7,"key":"MawBank"},{"floor":9,"key":"ShockBauble"}],"event_choices":[],"is_beta":false,"boss_relics":[],"items_purged_floors":[],"is_endless":false,"potions_floor_spawned":[1],"killed_by":"Gremlin Nob","ascension_level":10}}