{"host":"91blwi3hgehj6ch9","time":1613246508,"event":{"mods":["2.2 Compatiblity","AchievementEnabler","BaseMod","Colored Map","DeckTracker","Keyboard Shortcuts","Minty Spire (QoL Compilation)","Permanent Neow","Quick Restart","StSLib","SuperFastMode","everything is the same but u backflip on backflip"],"gold_per_floor":[115,115,115,127,202,231,46,77,77,91,91,41,3,23,23,120,120,133,133,53,53,152,186,186,217,217,253,253,282,292,305,305,416,416,432,342,158,181,198,198,231,258,281,299,299,102,117,131,131,131,131,131,72,103,103],"floor_reached":56,"language":"KOR","playtime":2541,"items_purged":["Strike_R","Strike_R","Strike_R","Bash+1"],"score":1949,"play_id":"9c1ea712-d607-4f6f-99d1-5235c247c8b3","local_time":"20210214050148","is_ascension_mode":true,"campfire_choices":[{"data":"Second Wind","floor":11.0,"key":"SMITH"},{"data":"Evolve","floor":15.0,"key":"SMITH"},{"data":"Second Wind","floor":28.0,"key":"SMITH"},{"data":"Power Through","floor":32.0,"key":"SMITH"},{"data":"Feel No Pain","floor":40.0,"key":"SMITH"},{"data":"Feel No Pain","floor":45.0,"key":"SMITH"},{"floor":49,"key":"RECALL"},{"data":"Ghostly","floor":52,"key":"SMITH"}],"circlet_count":0,"master_deck":["Defend_R","Defend_R","Defend_R+1","Defend_R","Pummel","Intimidate","Infernal Blade","Second Wind+1","Feel No Pain+1","Evolve+1","Ghostly Armor","Reckless Charge+1","Wild Strike+1","Second Wind+1","Fire Breathing","Ghostly","Ghostly+1","Ghostly","Ghostly+1","Ghostly+1","Dark Embrace+1","Impervious","Power Through+1","Offering+1","Body Slam+1","Feel No Pain+1"],"relics":["Burning Blood","NeowsBlessing","The Courier","Orrery","Prayer Wheel","Molten Egg 2","SlaversCollar","Darkstone Periapt","Ice Cream","Bottled Lightning","CeramicFish","Sozu","Membership Card","Bag of Preparation","War Paint","Frozen Eye","Strange Spoon","StrikeDummy"],"acts_visited":["Exordium","TheCity","TheBeyond","TheEnding"],"potions_floor_usage":[],"damage_taken":[{"damage":0.0,"enemies":"Jaw Worm","floor":1.0,"turns":1.0},{"damage":0.0,"enemies":"Small Slimes","floor":4.0,"turns":1.0},{"damage":0.0,"enemies":"3 Sentries","floor":6.0,"turns":2.0},{"damage":15.0,"enemies":"Gremlin Nob","floor":8.0,"turns":4.0},{"damage":1.0,"enemies":"2 Louse","floor":10.0,"turns":4.0},{"damage":16.0,"enemies":"Large Slime","floor":14.0,"turns":6.0},{"damage":22.0,"enemies":"Hexaghost","floor":16.0,"turns":9.0},{"damage":16.0,"enemies":"3 Byrds","floor":18.0,"turns":8.0},{"damage":3.0,"enemies":"Slavers","floor":23.0,"turns":6.0},{"damage":7.0,"enemies":"Gremlin Leader","floor":25.0,"turns":8.0},{"damage":0.0,"enemies":"Book of Stabbing","floor":27.0,"turns":4.0},{"damage":0.0,"enemies":"Chosen","floor":29.0,"turns":5.0},{"damage":6.0,"enemies":"Snake Plant","floor":30.0,"turns":8.0},{"damage":14.0,"enemies":"Snecko","floor":31.0,"turns":6.0},{"damage":0.0,"enemies":"Collector","floor":33.0,"turns":10.0},{"damage":1.0,"enemies":"3 Shapes","floor":35.0,"turns":7.0},{"damage":7.0,"enemies":"Orb Walker","floor":38.0,"turns":6.0},{"damage":3.0,"enemies":"4 Shapes","floor":39.0,"turns":5.0},{"damage":3.0,"enemies":"Nemesis","floor":41.0,"turns":5.0},{"damage":0.0,"enemies":"3 Darklings","floor":42.0,"turns":5.0},{"damage":1.0,"enemies":"Maw","floor":44.0,"turns":5.0},{"damage":0,"enemies":"4 Shapes","floor":47,"turns":5},{"damage":2,"enemies":"Sphere and 2 Shapes","floor":48,"turns":5},{"damage":1,"enemies":"Awakened One","floor":50,"turns":6},{"damage":2,"enemies":"Shield and Spear","floor":54,"turns":6},{"damage":18,"enemies":"The Heart","floor":55,"turns":7}],"seed_played":"-4361725364368523876","potions_obtained":[{"floor":1.0,"key":"Explosive Potion"},{"floor":8.0,"key":"Fire Potion"},{"floor":16.0,"key":"Strength Potion"},{"floor":23.0,"key":"DistilledChaos"},{"floor":27.0,"key":"BlessingOfTheForge"},{"floor":30.0,"key":"Strength Potion"},{"floor":31.0,"key":"Weak Potion"}],"is_trial":false,"path_per_floor":["M","?","?","M","?","E","$","E","T","M","R","?","$","M","R","B",null,"M","?","$","?","?","E","?","E","T","E","R","M","M","M","R","B",null,"M","?","$","M","M","R","E","M","T","M","R","$","M","M","R","B",null,"R","$","E","B",null],"character_chosen":"IRONCLAD","items_purchased":["Orrery","Strength Potion","Membership Card","War Paint","Frozen Eye","Strange Spoon"],"campfire_rested":0,"item_purchase_floors":[7,13,37,46,46,53],"current_hp_per_floor":[78,62,62,68,57,63,63,54,54,59,59,59,59,49,49,33,68,58,58,58,40,40,40,35,34,34,40,40,45,45,37,37,43,45,45,45,45,44,45,45,45,45,45,45,45,45,45,45,45,45,45,45,45,45,33],"gold":103,"neow_bonus":"THREE_ENEMY_KILL","is_daily":false,"chose_seed":false,"campfire_upgraded":7,"win_rate":0.0,"timestamp":1613246508,"path_taken":["M","?","?","M","?","E","$","E","T","M","R","?","$","M","R","BOSS","M","?","$","?","?","E","?","E","T","E","R","?","M","M","R","BOSS","M","?","$","M","M","R","E","?","T","M","R","$","M","M","R","BOSS","R","$","E","BOSS"],"items_purchased_type":["Relic","Potion","Relic","Relic","Relic","Relic"],"build_version":"2020-12-22","purchased_purges":4,"victory":true,"max_hp_per_floor":[80,80,80,80,80,80,80,80,80,80,80,80,80,80,80,80,80,80,80,80,40,40,40,45,45,45,45,45,45,45,45,45,45,45,45,45,45,45,45,45,45,45,45,45,45,45,45,45,45,45,45,45,45,45,45],"card_choices":[{"not_picked":["Feel No Pain","Armaments"],"picked":"Pummel","floor":1.0},{"not_picked":["True Grit","Headbutt"],"picked":"Intimidate","floor":4.0},{"not_picked":["Dropkick","Whirlwind"],"picked":"Infernal Blade","floor":6.0},{"not_picked":["Feel No Pain","True Grit"],"picked":"Second Wind","floor":7.0},{"not_picked":["Disarm","Iron Wave"],"picked":"Feel No Pain","floor":7.0},{"not_picked":["Pummel","Heavy Blade"],"picked":"Evolve","floor":7.0},{"not_picked":["Clothesline","Intimidate"],"picked":"Ghostly Armor","floor":8.0},{"not_picked":["Inflame","Twin Strike+1"],"picked":"Reckless Charge+1","floor":10.0},{"not_picked":["Blood for Blood+1","Rupture"],"picked":"Wild Strike+1","floor":10.0},{"not_picked":["Clash+1","Spot Weakness","Havoc"],"picked":"SKIP","floor":14.0},{"not_picked":["Thunderclap+1","Perfected Strike+1","Rupture"],"picked":"SKIP","floor":14.0},{"not_picked":["Anger+1","Flex"],"picked":"Second Wind","floor":18.0},{"not_picked":["Feel No Pain","Flex"],"picked":"Fire Breathing","floor":18.0},{"not_picked":["Iron Wave+1","Rupture+1","Anger+1"],"picked":"SKIP","floor":23.0},{"not_picked":["Warcry+1","Carnage+1"],"picked":"Dark Embrace+1","floor":25.0},{"not_picked":["Shrug It Off","Thunderclap+1"],"picked":"Impervious","floor":27.0},{"not_picked":["Thunderclap+1","Shrug It Off"],"picked":"Power Through","floor":29.0},{"not_picked":["Warcry","Twin Strike+1","Armaments+1"],"picked":"SKIP","floor":29.0},{"not_picked":["Inflame","Clash+1","Pummel+1"],"picked":"SKIP","floor":30.0},{"not_picked":["Dropkick+1","Twin Strike+1","Inflame"],"picked":"SKIP","floor":30.0},{"not_picked":["Heavy Blade+1","Anger+1","Iron Wave+1"],"picked":"SKIP","floor":31.0},{"not_picked":["Wild Strike+1","Whirlwind+1","Fiend Fire+1"],"picked":"SKIP","floor":31.0},{"not_picked":["Limit Break","Bludgeon+1"],"picked":"Offering","floor":33.0},{"not_picked":["Sever Soul+1","Bloodletting","Infernal Blade+1"],"picked":"SKIP","floor":35.0},{"not_picked":["Rage","Combust+1","Pommel Strike+1"],"picked":"SKIP","floor":35.0},{"not_picked":["Sever Soul+1","Bloodletting","Infernal Blade+1"],"picked":"SKIP","floor":35.0},{"not_picked":["Rage","Combust+1","Pommel Strike+1"],"picked":"SKIP","floor":35.0},{"not_picked":["Fire Breathing+1","Blood for Blood+1"],"picked":"Body Slam+1","floor":38.0},{"not_picked":["Headbutt+1","Armaments","Sword Boomerang+1"],"picked":"SKIP","floor":38.0},{"not_picked":["Shockwave","Twin Strike+1","Bloodletting"],"picked":"SKIP","floor":39.0},{"not_picked":["Ghostly Armor","Fire Breathing+1","Warcry"],"picked":"SKIP","floor":39.0},{"not_picked":["Shockwave","Twin Strike+1","Bloodletting"],"picked":"SKIP","floor":39.0},{"not_picked":["Ghostly Armor","Fire Breathing+1","Warcry"],"picked":"SKIP","floor":39.0},{"not_picked":["Body Slam+1","Anger+1","Inflame"],"picked":"SKIP","floor":41.0},{"not_picked":["Shockwave+1","Clothesline+1"],"picked":"Feel No Pain","floor":42.0},{"not_picked":["Armaments+1","Sentinel+1","Shrug It Off"],"picked":"SKIP","floor":42.0},{"not_picked":["Warcry","Sword Boomerang+1","Cleave+1"],"picked":"SKIP","floor":44.0},{"not_picked":["Dual Wield+1","Disarm+1","Heavy Blade+1"],"picked":"SKIP","floor":44.0},{"not_picked":["Body Slam+1","Twin Strike+1","Perfected Strike+1"],"picked":"SKIP","floor":47},{"not_picked":["Clash+1","Rupture","Iron Wave+1"],"picked":"SKIP","floor":47},{"not_picked":["Rage+1","Shockwave","Thunderclap+1"],"picked":"SKIP","floor":48},{"not_picked":["Flex+1","Metallicize","Fire Breathing+1"],"picked":"SKIP","floor":48},{"not_picked":["Reaper+1","Anger+1","Twin Strike+1"],"picked":"SKIP","floor":54}],"player_experience":248256,"relics_obtained":[{"floor":6.0,"key":"The Courier"},{"floor":8.0,"key":"Prayer Wheel"},{"floor":9.0,"key":"Molten Egg 2"},{"floor":23.0,"key":"Darkstone Periapt"},{"floor":25.0,"key":"Ice Cream"},{"floor":26.0,"key":"Bottled Lightning"},{"floor":27.0,"key":"CeramicFish"},{"floor":41.0,"key":"Bag of Preparation"},{"floor":54,"key":"StrikeDummy"}],"event_choices":[{"damage_healed":0.0,"max_hp_gain":0.0,"max_hp_loss":0.0,"gold_gain":0.0,"event_name":"Shining Light","player_choice":"Entered Light","floor":2.0,"gold_loss":0.0,"damage_taken":16.0,"cards_upgraded":["Bash","Defend_R"]},{"damage_healed":0.0,"max_hp_gain":0.0,"max_hp_loss":0.0,"gold_gain":0.0,"event_name":"Liars Game","player_choice":"Ignored","floor":3.0,"gold_loss":0.0,"damage_taken":0.0},{"damage_healed":0.0,"max_hp_gain":0.0,"max_hp_loss":0.0,"gold_gain":75.0,"event_name":"World of Goop","player_choice":"Gather Gold","floor":5.0,"gold_loss":0.0,"damage_taken":11.0},{"cards_removed":["Strike_R"],"damage_healed":0.0,"max_hp_gain":0.0,"max_hp_loss":0.0,"gold_gain":0.0,"event_name":"The Cleric","player_choice":"Card Removal","floor":12.0,"gold_loss":50.0,"damage_taken":0.0},{"damage_healed":0.0,"max_hp_gain":0.0,"max_hp_loss":0.0,"gold_gain":0.0,"event_name":"The Mausoleum","player_choice":"Ignored","floor":19.0,"gold_loss":0.0,"damage_taken":0.0},{"damage_healed":0.0,"max_hp_gain":0.0,"max_hp_loss":40.0,"gold_gain":0.0,"event_name":"Ghosts","player_choice":"Became a Ghost","floor":21.0,"gold_loss":0.0,"damage_taken":0.0,"cards_obtained":["Ghostly","Ghostly","Ghostly","Ghostly","Ghostly"]},{"damage_healed":0.0,"max_hp_gain":0.0,"max_hp_loss":0.0,"gold_gain":99.0,"event_name":"Nest","player_choice":"Stole From Cult","floor":22.0,"gold_loss":0.0,"damage_taken":0.0},{"damage_healed":0.0,"max_hp_gain":5.0,"max_hp_loss":0.0,"gold_gain":0.0,"event_name":"Forgotten Altar","player_choice":"Shed Blood","floor":24.0,"gold_loss":0.0,"damage_taken":10.0},{"cards_removed":["Strike_R"],"damage_healed":0.0,"max_hp_gain":0.0,"max_hp_loss":0.0,"gold_gain":0.0,"event_name":"Designer","player_choice":"Upgrade and Remove","floor":36.0,"gold_loss":90.0,"damage_taken":0.0,"cards_upgraded":["Offering"]}],"is_beta":false,"boss_relics":[{"not_picked":["Fusion Hammer","Busted Crown"],"picked":"SlaversCollar"},{"not_picked":["Runic Pyramid","SacredBark"],"picked":"Sozu"}],"items_purged_floors":[7,20,37,46],"is_endless":false,"potions_floor_spawned":[1,8,16,23,25,27,30,31,35,39,41,48],"ascension_level":9}}