{"host":"c44ey07ufggfw2m8","time":1613224653,"event":{"mods":["2.2 Compatiblity","BaseMod","Colored Map","DeckTracker","Highlight Path","Keyboard Shortcuts","Minty Spire (QoL Compilation)","Permanent Neow","Quick Restart","StSLib","SuperFastMode","UnlockEverythingMod"],"gold_per_floor":[114,129,129,129,144,174,174,174,199,229,229,244,244,274,274,374,374,389,404,404,419,194,224,224,254,254,284,284,234,264,279,279,379,379,394,344,359,359,370,400,400,430,430,460,460,490,194,209,209,209],"floor_reached":51,"language":"KOR","playtime":2317,"items_purged":["Heavy Blade","Twin Strike","Carnage","Wild Strike+1"],"score":1132,"play_id":"30981e61-083d-43da-9a7b-455f5c3414a6","local_time":"20210213225733","daily_mods":["SealedDeck","Colorless Cards","Elite Swarm"],"is_ascension_mode":false,"campfire_choices":[{"data":"Armaments","floor":8,"key":"SMITH"},{"data":"Pommel Strike","floor":11,"key":"SMITH"},{"data":"Master of Strategy","floor":15,"key":"SMITH"},{"data":"Fiend Fire","floor":24,"key":"SMITH"},{"data":"True Grit","floor":32,"key":"SMITH"},{"data":"Barricade","floor":41,"key":"SMITH"},{"data":"Feel No Pain","floor":49,"key":"SMITH"}],"circlet_count":0,"master_deck":["Feel No Pain+1","Armaments+1","Disarm","Inflame","True Grit+1","Pommel Strike+1","Shrug It Off+1","Shrug It Off","Finesse","Exhume","Reaper+1","Master of Strategy+1","Fiend Fire+1","Master of Strategy+1","Barricade+1","Finesse+1","Offering","Panache","Purity"],"relics":["Burning Blood","Ornamental Fan","Bag of Preparation","Letter Opener","Bottled Lightning","Thread and Needle","Mark of Pain","Enchiridion","DollysMirror","StoneCalendar","Orichalcum","PreservedInsect","Calipers","Smiling Mask","Whetstone","Black Star","Lizard Tail","Nunchaku","War Paint","Blood Vial","Magic Flower","Gambling Chip","Sundial","Bottled Flame","Bronze Scales","Oddly Smooth Stone","Turnip","Lantern"],"acts_visited":["Exordium","TheCity","TheBeyond"],"potions_floor_usage":[6,23,25,30,33,39,40,40,44],"damage_taken":[{"damage":1,"enemies":"Jaw Worm","floor":1,"turns":3},{"damage":0,"enemies":"Cultist","floor":2,"turns":3},{"damage":0,"enemies":"Small Slimes","floor":5,"turns":4},{"damage":25,"enemies":"Lagavulin","floor":6,"turns":6},{"damage":5,"enemies":"3 Sentries","floor":10,"turns":9},{"damage":1,"enemies":"Exordium Wildlife","floor":12,"turns":5},{"damage":4,"enemies":"Lagavulin","floor":14,"turns":5},{"damage":6,"enemies":"The Guardian","floor":16,"turns":11},{"damage":0,"enemies":"Shell Parasite","floor":18,"turns":4},{"damage":16,"enemies":"2 Thieves","floor":19,"turns":4},{"damage":5,"enemies":"Sentry and Sphere","floor":21,"turns":5},{"damage":1,"enemies":"Book of Stabbing","floor":23,"turns":3},{"damage":16,"enemies":"Gremlin Leader","floor":25,"turns":6},{"damage":0,"enemies":"Book of Stabbing","floor":27,"turns":4},{"damage":10,"enemies":"Slavers","floor":30,"turns":3},{"damage":5,"enemies":"Snecko","floor":31,"turns":3},{"damage":0,"enemies":"Collector","floor":33,"turns":12},{"damage":9,"enemies":"3 Darklings","floor":35,"turns":5},{"damage":0,"enemies":"3 Shapes","floor":37,"turns":5},{"damage":80,"enemies":"2 Orb Walkers","floor":39,"turns":7},{"damage":20,"enemies":"Reptomancer","floor":40,"turns":5},{"damage":0,"enemies":"Giant Head","floor":42,"turns":4},{"damage":17,"enemies":"Reptomancer","floor":44,"turns":3},{"damage":6,"enemies":"Nemesis","floor":46,"turns":3},{"damage":6,"enemies":"Writhing Mass","floor":48,"turns":3},{"damage":6,"enemies":"Donu and Deca","floor":50,"turns":1}],"seed_played":"6099103822572544471","potions_obtained":[{"floor":1,"key":"Swift Potion"},{"floor":5,"key":"Regen Potion"},{"floor":6,"key":"BlessingOfTheForge"},{"floor":14,"key":"LiquidMemories"},{"floor":21,"key":"SkillPotion"},{"floor":25,"key":"Regen Potion"},{"floor":30,"key":"EssenceOfSteel"},{"floor":33,"key":"Explosive Potion"},{"floor":37,"key":"SkillPotion"},{"floor":40,"key":"BlessingOfTheForge"},{"floor":42,"key":"PowerPotion"},{"floor":44,"key":"LiquidMemories"}],"is_trial":false,"path_per_floor":["M","M","?","?","M","E","$","R","T","E","R","M","T","E","R","B",null,"M","M","?","M","$","E","R","E","T","E","?","$","E","M","R","B",null,"M","$","M","?","?","E","R","E","T","E","?","E","$","M","R","B",null],"character_chosen":"IRONCLAD","items_purchased":["DollysMirror","Lantern","Purity"],"campfire_rested":0,"item_purchase_floors":[22,47,47],"current_hp_per_floor":[80,80,85,85,85,71,71,71,71,72,72,85,85,85,85,85,85,85,75,59,60,60,65,65,59,59,76,76,76,72,73,73,85,85,82,82,85,75,15,27,27,43,43,81,81,85,85,85,85,85],"gold":209,"neow_bonus":"","is_daily":true,"chose_seed":false,"campfire_upgraded":7,"win_rate":0.0,"timestamp":1613224653,"path_taken":["M","M","?","?","M","E","$","R","T","E","R","?","?","E","R","BOSS","M","?","?","M","$","E","R","E","T","E","?","?","E","M","R","BOSS","M","$","M","?","?","E","R","E","T","E","?","E","$","?","R","BOSS"],"items_purchased_type":["Relic","Relic","Card"],"build_version":"2020-12-22","purchased_purges":4,"victory":true,"max_hp_per_floor":[80,80,85,85,85,85,85,85,85,85,85,85,85,85,85,85,85,85,85,85,85,85,85,85,85,85,85,85,85,85,85,85,85,85,85,85,85,85,85,85,85,85,85,85,85,85,85,85,85,85],"card_choices":[{"not_picked":["Purity","Panacea"],"picked":"Inflame","floor":1},{"not_picked":["Headbutt","Dual Wield"],"picked":"Finesse","floor":2},{"not_picked":["True Grit","Warcry"],"picked":"Wild Strike","floor":5},{"not_picked":["Metamorphosis","Secret Technique"],"picked":"Exhume","floor":6},{"not_picked":["Mayhem","Juggernaut"],"picked":"Reaper","floor":10},{"not_picked":["Flex","Heavy Blade"],"picked":"Carnage","floor":12},{"not_picked":["Magnetism","Chrysalis"],"picked":"Master of Strategy","floor":14},{"not_picked":["The Bomb","Chrysalis"],"picked":"Fiend Fire","floor":16},{"not_picked":["Whirlwind","Twin Strike","Clash"],"picked":"SKIP","floor":18},{"not_picked":["Impatience+1","Deep Breath+1","Jack Of All Trades"],"picked":"SKIP","floor":19},{"not_picked":["Carnage+1","Bandage Up","Bloodletting"],"picked":"SKIP","floor":21},{"not_picked":["Juggernaut","Feed","Immolate"],"picked":"SKIP","floor":23},{"not_picked":["Impervious","Berserk","Sadistic Nature"],"picked":"SKIP","floor":25},{"not_picked":["Demon Form","Panache","Impervious"],"picked":"SKIP","floor":27},{"not_picked":["Reaper","Fiend Fire","Metamorphosis"],"picked":"SKIP","floor":30},{"not_picked":["Shrug It Off","Panacea","Discovery"],"picked":"SKIP","floor":31},{"not_picked":["Reaper","Brutality"],"picked":"Barricade","floor":33},{"not_picked":["Pummel+1","Armaments+1","Cleave"],"picked":"SKIP","floor":35},{"not_picked":["Warcry+1","Iron Wave+1","Second Wind"],"picked":"SKIP","floor":37},{"not_picked":["Transmutation","Secret Technique"],"picked":"Finesse","floor":38},{"not_picked":["Brutality","Limit Break","Magnetism"],"picked":"SKIP","floor":40},{"not_picked":["Demon Form","Brutality"],"picked":"Offering","floor":42},{"not_picked":["The Bomb","Impervious"],"picked":"Panache","floor":44},{"not_picked":["Mayhem","Magnetism","Secret Weapon"],"picked":"SKIP","floor":46},{"not_picked":["Heavy Blade","Dual Wield","Perfected Strike+1"],"picked":"SKIP","floor":48}],"player_experience":134544,"relics_obtained":[{"floor":6,"key":"Ornamental Fan"},{"floor":9,"key":"Bag of Preparation"},{"floor":10,"key":"Letter Opener"},{"floor":13,"key":"Bottled Lightning"},{"floor":14,"key":"Thread and Needle"},{"floor":20,"key":"Enchiridion"},{"floor":23,"key":"StoneCalendar"},{"floor":25,"key":"Orichalcum"},{"floor":26,"key":"PreservedInsect"},{"floor":27,"key":"Calipers"},{"floor":30,"key":"Whetstone"},{"floor":39,"key":"Lizard Tail"},{"floor":40,"key":"Nunchaku"},{"floor":40,"key":"War Paint"},{"floor":42,"key":"Blood Vial"},{"floor":42,"key":"Magic Flower"},{"floor":43,"key":"Gambling Chip"},{"floor":44,"key":"Sundial"},{"floor":44,"key":"Bottled Flame"},{"floor":46,"key":"Oddly Smooth Stone"},{"floor":46,"key":"Turnip"}],"event_choices":[{"damage_healed":0,"gold_gain":0,"player_choice":"Donut","damage_taken":0,"max_hp_gain":5,"max_hp_loss":0,"event_name":"Big Fish","floor":3,"gold_loss":0},{"cards_removed":["Inflame"],"damage_healed":0,"gold_gain":0,"player_choice":"Offered Uncommon","damage_taken":0,"max_hp_gain":0,"max_hp_loss":0,"event_name":"Bonfire Elementals","floor":4,"gold_loss":0},{"damage_healed":0,"gold_gain":0,"player_choice":"Obtained Book","damage_taken":16,"max_hp_gain":0,"max_hp_loss":0,"event_name":"Cursed Tome","floor":20,"gold_loss":0},{"damage_healed":0,"gold_gain":0,"player_choice":"Opened","damage_taken":0,"relics_obtained":["Smiling Mask"],"max_hp_gain":0,"max_hp_loss":0,"event_name":"The Mausoleum","floor":28,"gold_loss":0},{"damage_healed":0,"gold_gain":0,"player_choice":"Memory 3","damage_taken":10,"max_hp_gain":0,"max_hp_loss":0,"event_name":"SensoryStone","floor":38,"gold_loss":0},{"damage_healed":0,"gold_gain":0,"player_choice":"Fight","damage_taken":0,"max_hp_gain":0,"max_hp_loss":0,"event_name":"Mysterious Sphere","floor":39,"gold_loss":0},{"damage_healed":0,"gold_gain":0,"player_choice":"Gave Potion","damage_taken":0,"relics_obtained":["Bronze Scales"],"max_hp_gain":0,"max_hp_loss":0,"event_name":"WeMeetAgain","floor":45,"gold_loss":0}],"is_beta":false,"boss_relics":[{"not_picked":["Runic Pyramid","Coffee Dripper"],"picked":"Mark of Pain"},{"not_picked":["Velvet Choker","Busted Crown"],"picked":"Black Star"}],"items_purged_floors":[22,29,36,47],"is_endless":false,"potions_floor_spawned":[1,5,6,14,21,25,30,33,37,40,42,44],"ascension_level":0}}