{"host":"utqe55yv0jihe4d6","time":1613191648,"event":{"mods":["2.2 Compatiblity","AchievementEnabler","BaseMod","Block Reminder","Colored Map","Colored Powertips","Minty Spire (QoL Compilation)","Quick Restart","Rare Cards Sparkle","Relic Stats","SuperFastMode"],"gold_per_floor":[111,261,261,278,12,45,45,45,45,94,13,38,38,63,63,134,134,148,47,63,63,63,63,92,111,163,39,57,82,82,102,102,174,174,194,210,24,40,59,59,59,59],"floor_reached":41,"language":"ENG","playtime":984,"items_purged":["Strike_R","Strike_R"],"score":944,"play_id":"c072b90f-1c8c-472a-a7a7-29ffbad7ec52","local_time":"20210212234728","is_ascension_mode":true,"campfire_choices":[{"data":"Bash","floor":7,"key":"SMITH"},{"data":"Uppercut","floor":13,"key":"SMITH"},{"data":"Fiend Fire","floor":15,"key":"SMITH"},{"floor":23,"key":"REST"},{"floor":30,"key":"REST"},{"floor":32,"key":"RECALL"},{"floor":40,"key":"REST"}],"circlet_count":0,"master_deck":["AscendersBane","Strike_R","Defend_R","Defend_R","Defend_R","Defend_R","Bash+1","Twin Strike","Pommel Strike","Uppercut+1","Fiend Fire+1","Thunderclap","Brutality","Pommel Strike","Spot Weakness","Demon Form","Shockwave","Burning Pact","Anger","Evolve+1","Flame Barrier","True Grit","Shrug It Off"],"relics":["Burning Blood","NeowsBlessing","Paper Frog","Blue Candle","Du-Vu Doll","Strawberry","MealTicket","Happy Flower","Fusion Hammer","Shuriken","Bag of Preparation","Frozen Egg 2","SlaversCollar","Anchor"],"acts_visited":["Exordium","TheCity","TheBeyond"],"potions_floor_usage":[24,38,39],"damage_taken":[{"damage":0,"enemies":"Jaw Worm","floor":1,"turns":1},{"damage":0,"enemies":"2 Louse","floor":4,"turns":1},{"damage":0,"enemies":"3 Sentries","floor":6,"turns":2},{"damage":8,"enemies":"Gremlin Nob","floor":12,"turns":3},{"damage":35,"enemies":"3 Sentries","floor":14,"turns":6},{"damage":53,"enemies":"Hexaghost","floor":16,"turns":8},{"damage":11,"enemies":"2 Thieves","floor":18,"turns":2},{"damage":22,"enemies":"Shell Parasite","floor":20,"turns":3},{"damage":50,"enemies":"Gremlin Leader","floor":24,"turns":7},{"damage":16,"enemies":"3 Cultists","floor":25,"turns":4},{"damage":0,"enemies":"Snake Plant","floor":28,"turns":1},{"damage":34,"enemies":"Slavers","floor":29,"turns":4},{"damage":10,"enemies":"Snecko","floor":31,"turns":3},{"damage":54,"enemies":"Champ","floor":33,"turns":9},{"damage":0,"enemies":"Orb Walker","floor":35,"turns":1},{"damage":53,"enemies":"3 Darklings","floor":36,"turns":4},{"damage":30,"enemies":"Sphere and 2 Shapes","floor":38,"turns":28},{"damage":33,"enemies":"Spire Growth","floor":39,"turns":4},{"damage":35,"enemies":"Nemesis","floor":41,"turns":4}],"seed_played":"-7869408807324713708","potions_obtained":[{"floor":6,"key":"LiquidMemories"},{"floor":14,"key":"SmokeBomb"},{"floor":18,"key":"EssenceOfSteel"},{"floor":20,"key":"Regen Potion"},{"floor":24,"key":"DuplicationPotion"},{"floor":36,"key":"Regen Potion"}],"is_trial":false,"path_per_floor":["M","?","?","M","$","E","R","?","T","T","$","E","R","E","R","B",null,"M","$","M","?","?","R","E","M","T","$","M","E","R","M","R","B",null,"M","M","$","M","M","R","E"],"character_chosen":"IRONCLAD","items_purchased":["Paper Frog","Uppercut","Pommel Strike","Anger","Anchor","True Grit"],"campfire_rested":3,"item_purchase_floors":[5,11,19,27,37,37],"current_hp_per_floor":[74,74,74,75,75,75,75,80,80,87,87,85,85,56,56,9,68,63,78,62,62,62,87,57,47,47,62,68,40,66,62,62,14,69,75,28,43,34,7,33,0,0],"gold":59,"neow_bonus":"THREE_ENEMY_KILL","is_daily":false,"chose_seed":false,"campfire_upgraded":3,"win_rate":0.0,"timestamp":1613191648,"path_taken":["M","?","?","?","?","E","R","?","T","?","$","E","R","E","R","BOSS","M","$","M","?","?","R","E","M","T","$","M","E","R","M","R","BOSS","M","M","$","M","M","R","E"],"items_purchased_type":["Relic","Card","Card","Card","Relic","Card"],"build_version":"2020-12-22","purchased_purges":2,"victory":false,"max_hp_per_floor":[75,75,75,75,75,75,75,80,80,87,87,87,87,87,87,87,87,87,87,87,87,87,87,87,87,87,87,87,87,87,87,87,87,87,87,87,87,87,87,87,87,87],"relic_stats":{"Happy Flower":[27],"counters":[19,95],"Shuriken":[8],"Blue Candle":[0],"MealTicket":45,"Bag of Preparation":[18],"obtain_stats":[{"NeowsBlessing":0,"Happy Flower":14,"Blue Candle":6,"Bag of Preparation":26,"Frozen Egg 2":29,"Burning Blood":0,"Du-Vu Doll":9,"SlaversCollar":34,"Anchor":37,"Shuriken":24,"Strawberry":10,"MealTicket":12,"Fusion Hammer":17,"Paper Frog":5},{"NeowsBlessing":0,"Happy Flower":5,"Blue Candle":3,"Bag of Preparation":10,"Frozen Egg 2":12,"Burning Blood":0,"Du-Vu Doll":3,"SlaversCollar":14,"Anchor":16,"Shuriken":9,"Strawberry":3,"MealTicket":4,"Fusion Hammer":6,"Paper Frog":2},{"NeowsBlessing":0,"Happy Flower":13,"Blue Candle":4,"Bag of Preparation":37,"Frozen Egg 2":42,"Burning Blood":0,"Du-Vu Doll":4,"SlaversCollar":54,"Anchor":59,"Shuriken":33,"Strawberry":4,"MealTicket":7,"Fusion Hammer":21,"Paper Frog":2}],"Burning Blood":97},"card_choices":[{"not_picked":["Perfected Strike","Rampage","Body Slam"],"picked":"SKIP","floor":1},{"not_picked":["Body Slam","Perfected Strike"],"picked":"Twin Strike","floor":4},{"not_picked":["Headbutt","Twin Strike"],"picked":"Pommel Strike","floor":6},{"not_picked":["Body Slam","Entrench"],"picked":"Fiend Fire","floor":12},{"not_picked":["Reckless Charge","Warcry"],"picked":"Thunderclap","floor":14},{"not_picked":["Limit Break","Berserk"],"picked":"Brutality","floor":16},{"not_picked":["Seeing Red","Perfected Strike","Twin Strike"],"picked":"SKIP","floor":18},{"not_picked":["Shrug It Off","Warcry"],"picked":"Spot Weakness","floor":20},{"not_picked":["Pommel Strike","Bloodletting"],"picked":"Burning Pact","floor":24},{"not_picked":["Seeing Red","Twin Strike","Anger"],"picked":"SKIP","floor":25},{"not_picked":["Headbutt","Iron Wave","Flex"],"picked":"SKIP","floor":28},{"not_picked":["Intimidate","Uppercut+1"],"picked":"Evolve+1","floor":29},{"not_picked":["Disarm","Thunderclap"],"picked":"Flame Barrier","floor":31},{"not_picked":["Sever Soul","Flex","Bloodletting"],"picked":"SKIP","floor":35},{"not_picked":["Pommel Strike","Perfected Strike+1","Wild Strike"],"picked":"SKIP","floor":36},{"not_picked":["True Grit","Seeing Red"],"picked":"Shrug It Off","floor":38},{"not_picked":["Perfected Strike+1","Twin Strike","True Grit"],"picked":"SKIP","floor":39}],"player_experience":3072834,"relics_obtained":[{"floor":6,"key":"Blue Candle"},{"floor":9,"key":"Du-Vu Doll"},{"floor":10,"key":"Strawberry"},{"floor":12,"key":"MealTicket"},{"floor":14,"key":"Happy Flower"},{"floor":24,"key":"Shuriken"},{"floor":26,"key":"Bag of Preparation"},{"floor":29,"key":"Frozen Egg 2"}],"event_choices":[{"damage_healed":0,"gold_gain":150,"player_choice":"AGREE","damage_taken":0,"max_hp_gain":0,"max_hp_loss":0,"event_name":"Liars Game","floor":2,"gold_loss":0,"cards_obtained":["Doubt"]},{"cards_removed":["Doubt"],"damage_healed":0,"gold_gain":0,"player_choice":"Purged","damage_taken":0,"max_hp_gain":0,"max_hp_loss":0,"event_name":"Purifier","floor":3,"gold_loss":0},{"damage_healed":0,"gold_gain":0,"player_choice":"Donut","damage_taken":0,"max_hp_gain":5,"max_hp_loss":0,"event_name":"Big Fish","floor":8,"gold_loss":0},{"damage_healed":0,"gold_gain":0,"cards_transformed":["Strike_R","Strike_R"],"player_choice":"Became Test Subject","damage_taken":0,"max_hp_gain":0,"max_hp_loss":0,"event_name":"Drug Dealer","floor":22,"gold_loss":0,"cards_obtained":["Demon Form","Shockwave"]}],"is_beta":false,"boss_relics":[{"not_picked":["Tiny House","Runic Cube"],"picked":"Fusion Hammer"},{"not_picked":["Black Blood","Sozu"],"picked":"SlaversCollar"}],"items_purged_floors":[19,27],"is_endless":false,"potions_floor_spawned":[6,14,18,20,24,25,35,36],"killed_by":"Nemesis","ascension_level":20}}