{"host":"18wi9kpcl4eah7pe","time":1613231066,"event":{"mods":["BaseMod","Colored Powertips","Downfall","Minty Spire (QoL Compilation)","StSLib"],"gold_per_floor":[99,99,99,99,199,228,282,293,93,104,124,34,334,352,369,369,369,369],"floor_reached":16,"language":"ENG","playtime":661,"items_purged":["Writhe"],"score":130,"play_id":"c38c1c44-02de-4a11-9ab1-47acde3d3aa7","local_time":"20210213094426","is_ascension_mode":true,"campfire_choices":[{"floor":1,"key":"RECALL"},{"floor":9,"key":"REST"}],"circlet_count":0,"master_deck":["bronze:Strike","bronze:Strike","bronze:Strike","bronze:Strike","bronze:Defend","bronze:Defend","bronze:Defend","bronze:Defend","bronze:Replicate","bronze:Goto","bronze:FollowUp","bronze:BuggyMess","bronze:SpaghettiCode","bronze:Goto","bronze:Overheat","bronze:Shell","bronze:Assembly","Purity","bronze:BugBarrage","bronze:Overheat","bronze:ClassDefault","bronze:Boost","bronze:Safeguard","bronze:WildBeam","downfall:Icky","downfall:Icky","bronze:Frontload","bronze:FollowUp"],"relics":["bronze:BronzeCore","downfall:HeartsMalice","downfall:GremlinSack","Boot","Lantern","downfall:HeartBlessingGreen","downfall:HeartBlessingRed"],"acts_visited":["Exordium"],"potions_floor_usage":[6,14,16,16,16],"damage_taken":[{"damage":0,"enemies":"Cultist","floor":2,"turns":1},{"damage":0,"enemies":"Small Slimes","floor":3,"turns":1},{"damage":0,"enemies":"downfall:FleeingMerchant","floor":4,"turns":1},{"damage":40,"enemies":"downfall:FleeingMerchant","floor":5,"turns":4},{"damage":10,"enemies":"Gremlin Nob","floor":6,"turns":3},{"damage":0,"enemies":"Jaw Worm","floor":8,"turns":2},{"damage":7,"enemies":"3 Louse","floor":10,"turns":2},{"damage":0,"enemies":"Large Slime","floor":11,"turns":4},{"damage":10,"enemies":"downfall:FleeingMerchant","floor":12,"turns":4},{"damage":15,"enemies":"Gremlin Gang","floor":14,"turns":5},{"damage":0,"enemies":"Blue Slaver","floor":15,"turns":3},{"damage":21,"enemies":"IC_STATUS_ARCHETYPE","floor":16,"turns":4}],"seed_played":"-2092142302838160081","potions_obtained":[{"floor":5,"key":"Fire Potion"},{"floor":6,"key":"BlessingOfTheForge"},{"floor":8,"key":"champ:CounterPotion"},{"floor":14,"key":"SteroidPotion"},{"floor":15,"key":"champ:CounterPotion"}],"is_trial":false,"path_per_floor":["R","M","M","$","?","E","T","M","R","M","M","$","?","M","M","B"],"character_chosen":"THE_AUTOMATON","items_purchased":[],"campfire_rested":1,"item_purchase_floors":[],"current_hp_per_floor":[63,63,63,63,23,13,13,13,34,27,27,17,17,2,2,0,0,0],"gold":369,"neow_bonus":"THREE_ENEMY_KILL","is_daily":false,"chose_seed":false,"campfire_upgraded":0,"win_rate":0.0,"timestamp":1613231066,"path_taken":["R","M","M","$","?","E","T","?","R","M","?","$","?","M","M","BOSS"],"items_purchased_type":[],"build_version":"2020-12-22","purchased_purges":1,"victory":false,"max_hp_per_floor":[70,70,70,70,70,70,70,70,70,70,70,70,70,70,70,70,70,70],"card_choices":[{"not_picked":["bronze:Backtrace","bronze:ForceShield"],"picked":"bronze:FollowUp","floor":2},{"not_picked":["bronze:BugBarrage","bronze:InfiniteBeams"],"picked":"bronze:BuggyMess","floor":3},{"not_picked":["bronze:ClassDefault","bronze:Backtrace"],"picked":"bronze:SpaghettiCode","floor":4},{"not_picked":["bronze:DelayedGuard","bronze:BitShift"],"picked":"bronze:BugBarrage","floor":5},{"not_picked":["bronze:Turbo","bronze:AlphaBuild"],"picked":"bronze:Overheat","floor":6},{"not_picked":["bronze:Frontload","bronze:BronzeArmor"],"picked":"bronze:ClassDefault","floor":8},{"not_picked":["bronze:CutThrough","bronze:Repair"],"picked":"bronze:Boost","floor":10},{"not_picked":["bronze:Return","bronze:BronzeArmor"],"picked":"bronze:Safeguard","floor":11},{"not_picked":["bronze:BuggyMess","bronze:Deprecate"],"picked":"bronze:WildBeam","floor":12},{"not_picked":["bronze:BitShift","bronze:DelayedSlice"],"picked":"bronze:Frontload","floor":14},{"not_picked":["bronze:DelayedSlice","bronze:ClassDefault"],"picked":"bronze:FollowUp","floor":15}],"player_experience":1028594,"relics_obtained":[{"floor":5,"key":"downfall:GremlinSack"},{"floor":6,"key":"Boot"},{"floor":7,"key":"Lantern"}],"event_choices":[],"is_beta":false,"boss_relics":[],"items_purged_floors":[12],"is_endless":false,"potions_floor_spawned":[5,6,8,14,15],"killed_by":"IC_STATUS_ARCHETYPE","ascension_level":6}}