{"host":"pah2xi72mkoh8qg3","time":1613238232,"event":{"mods":["BaseMod","Colored Powertips","Conspire","FoggyMod","Highlight Path","Minty Spire (QoL Compilation)","Reliquary","Replay The Spire","Shop Mod","StSLib","The Mystic","Waifu the Spire"],"gold_per_floor":[117,117,129,129,209,209,244,244,326,326,23,58,75,100,100,198,198,213,13,13,68,130,178,178,269,269,269,85,181,85,85,85,254,254,286,13,13,13,71,90,90],"floor_reached":40,"language":"ZHS","playtime":9914,"items_purged":["Pain","Writhe"],"score":902,"play_id":"d3163ec4-a5db-47fc-bacd-4997df2c059a","local_time":"20210214014352","daily_mods":["Draft","Vintage","DeadlyEvents","Elite Swarm","Binary"],"is_ascension_mode":false,"campfire_choices":[{"floor":6,"key":"REST"},{"data":"ClearTheMind","floor":8,"key":"SMITH"},{"floor":15,"key":"REST"},{"floor":24,"key":"REST"},{"floor":27,"key":"REST"},{"floor":32,"key":"REST"}],"circlet_count":0,"master_deck":["MentalFortress","CutThroughFate","Replay:Anticipation","JustLucky","WheelKick","WreathOfFlame","Replay:ManipulateFuture","CarveReality","JustLucky","ClearTheMind+1","MentalFortress","DeceiveReality","Nirvana","ForeignInfluence","Replay:DivineShield+1","conspire:SpireCoStock","conspire:SpireCoStock","conspire:SpireCoStock","conspire:SpireCoStock","Pray","ReplayTheSpireMod:Trickstab","Fasting2","FlurryOfBlows","Madness","Madness"],"relics":["PureWater","Busted Crown","Replay:Towering Pillar of Hats","WarpedTongs","Blood Vial","Replay:Accelerometer","ReplayTheSpireMod:TigerMarble","Durian","reliquary:TridentHead","Mercury Hourglass","MerchantsRug","reliquary:Stiletto","Replay:Purple Gloves","reliquary:Aerogel","reliquary:PurpleTingedLeaf","Painkiller Herb","reliquary:PorcupineQuills","Potion Belt","Matryoshka","Bottled Tornado","Pen Nib","Smiling Mask","Orichalcum","Bag of Marbles","Sling","SlaversCollar","Bottled Flame","Mirror","Darkstone Periapt"],"acts_visited":["Exordium","TheCity","TheBeyond"],"potions_floor_usage":[12,16,22,23,29,29,29],"damage_taken":[{"damage":0,"enemies":"Jaw Worm","floor":1,"turns":3},{"damage":5,"enemies":"Cultist","floor":3,"turns":3},{"damage":10,"enemies":"Lagavulin","floor":7,"turns":3},{"damage":30,"enemies":"Gremlin Nob","floor":12,"turns":5},{"damage":0,"enemies":"Small Slimes","floor":13,"turns":2},{"damage":3,"enemies":"3 Sentries","floor":14,"turns":3},{"damage":8,"enemies":"Fading Forest","floor":16,"turns":11},{"damage":0,"enemies":"Shell Parasite","floor":18,"turns":3},{"damage":33,"enemies":"conspire:Head Lice","floor":21,"turns":17},{"damage":24,"enemies":"2 Thieves","floor":22,"turns":4},{"damage":37,"enemies":"Book of Stabbing","floor":23,"turns":5},{"damage":16,"enemies":"conspire:SneckoGhost","floor":25,"turns":7},{"damage":14,"enemies":"Book of Stabbing","floor":29,"turns":4},{"damage":7,"enemies":"Collector","floor":33,"turns":6},{"damage":21,"enemies":"Orb Walker","floor":35,"turns":4},{"damage":11,"enemies":"R_Hoarder","floor":39,"turns":6},{"damage":55,"enemies":"Reptomancer","floor":40,"turns":3}],"seed_played":"-3412063173293837375","potions_obtained":[{"floor":3,"key":"ColorlessPotion"},{"floor":13,"key":"Swift Potion"},{"floor":14,"key":"Doom Potion"},{"floor":21,"key":"Venom Potion"},{"floor":25,"key":"DistilledChaos"},{"floor":29,"key":"Ancient Potion"}],"is_trial":true,"path_per_floor":["M","?","M","T","?","R","E","R","T","T","$","E","M","E","R","B",null,"?","?","?","E","?","E","T","E","T","T","T","E","T","?","T","B",null,"?","T","?","?","E","E"],"character_chosen":"WATCHER","items_purchased":["MerchantsRug","reliquary:Stiletto","BargainBundle","EssenceOfSteel","Toxic Potion","Dexterity Potion","Pray","ReplayTheSpireMod:Trickstab","Fasting2","FlurryOfBlows","Sling","Mirror"],"campfire_rested":5,"item_purchase_floors":[11,11,28,28,28,28,28,28,28,28,30,36],"current_hp_per_floor":[72,72,67,67,39,60,57,57,57,57,57,29,31,30,53,61,77,77,77,77,53,32,10,33,21,21,44,44,33,33,19,43,41,82,61,61,51,41,33,0,0],"gold":90,"neow_bonus":"","is_daily":false,"chose_seed":false,"campfire_upgraded":1,"win_rate":0.0,"timestamp":1613238232,"path_taken":["M","?","?","?","?","R","?","R","T","?","?","?","?","E","R","BOSS","?","?","?","?","?","E","T","E","T","T","T","E","T","?","T","BOSS","?","T","?","?","?","E"],"items_purchased_type":["Relic","Relic","Relic","Potion","Potion","Potion","Card","Card","Card","Card","Relic","Relic"],"build_version":"2020-12-22","purchased_purges":2,"victory":false,"max_hp_per_floor":[72,72,72,72,72,72,77,77,77,77,77,77,77,77,77,77,77,77,77,77,77,77,77,77,77,77,77,77,77,77,82,82,82,82,82,82,82,82,82,82,82],"card_choices":[{"not_picked":["Halt","Protect"],"picked":"MentalFortress","floor":0},{"not_picked":["Study","EmptyBody"],"picked":"CutThroughFate","floor":0},{"not_picked":["ClearTheMind","Replay:BluntJabs"],"picked":"Replay:Anticipation","floor":0},{"not_picked":["FlyingSleeves","MentalFortress"],"picked":"JustLucky","floor":0},{"not_picked":["EmptyBody","Adaptation"],"picked":"WheelKick","floor":0},{"not_picked":["LikeWater","BowlingBash"],"picked":"WreathOfFlame","floor":0},{"not_picked":["Replay:BluntJabs","CrushJoints"],"picked":"Replay:ManipulateFuture","floor":0},{"not_picked":["FollowUp","SandsOfTime"],"picked":"CarveReality","floor":0},{"not_picked":["Consecrate","Protect"],"picked":"JustLucky","floor":0},{"not_picked":["Protect","CrushJoints"],"picked":"ClearTheMind","floor":0},{"not_picked":["Consecrate","CutThroughFate"],"picked":"MentalFortress","floor":0},{"not_picked":["CrushJoints","WindmillStrike"],"picked":"DeceiveReality","floor":0},{"not_picked":["Replay:ManipulateFuture","ThirdEye"],"picked":"Nirvana","floor":0},{"not_picked":["ThirdEye","SandsOfTime"],"picked":"ForeignInfluence","floor":0},{"not_picked":["Prostrate","CrushJoints"],"picked":"Replay:DivineShield","floor":0}],"player_experience":340582,"relics_obtained":[{"floor":1,"key":"Replay:Towering Pillar of Hats"},{"floor":3,"key":"Blood Vial"},{"floor":4,"key":"Replay:Accelerometer"},{"floor":5,"key":"ReplayTheSpireMod:TigerMarble"},{"floor":7,"key":"Durian"},{"floor":9,"key":"reliquary:TridentHead"},{"floor":10,"key":"Mercury Hourglass"},{"floor":12,"key":"Replay:Purple Gloves"},{"floor":13,"key":"reliquary:Aerogel"},{"floor":14,"key":"reliquary:PurpleTingedLeaf"},{"floor":18,"key":"reliquary:PorcupineQuills"},{"floor":21,"key":"Matryoshka"},{"floor":22,"key":"Bottled Tornado"},{"floor":23,"key":"reliquary:TuningFork"},{"floor":25,"key":"Pen Nib"},{"floor":26,"key":"Smiling Mask"},{"floor":26,"key":"Orichalcum"},{"floor":29,"key":"Bag of Marbles"},{"floor":35,"key":"Bottled Flame"},{"floor":39,"key":"Darkstone Periapt"}],"event_choices":[{"damage_healed":0,"gold_gain":0,"player_choice":"Rummage","damage_taken":0,"relics_obtained":["WarpedTongs"],"max_hp_gain":0,"max_hp_loss":0,"event_name":"Accursed Blacksmith","floor":2,"gold_loss":0,"cards_obtained":["Pain"]},{"damage_healed":0,"gold_gain":0,"player_choice":"Invest 4","damage_taken":0,"max_hp_gain":0,"max_hp_loss":0,"event_name":"conspire:Investor","floor":19,"gold_loss":0},{"damage_healed":0,"gold_gain":0,"player_choice":"Shed Blood","damage_taken":19,"max_hp_gain":5,"max_hp_loss":0,"event_name":"Forgotten Altar","floor":31,"gold_loss":0},{"damage_healed":0,"gold_gain":0,"player_choice":"Memory 3","damage_taken":10,"max_hp_gain":0,"max_hp_loss":0,"event_name":"SensoryStone","floor":37,"gold_loss":0},{"damage_healed":0,"gold_gain":0,"player_choice":"Embrace Madness","damage_taken":10,"max_hp_gain":0,"max_hp_loss":0,"event_name":"Winding Halls","floor":38,"gold_loss":0,"cards_obtained":["Madness","Madness"]}],"is_beta":false,"boss_relics":[{"not_picked":["Coffee Dripper","Runic Pyramid"],"picked":"Painkiller Herb"},{"not_picked":["Replay:Drink Me","reliquary:WritOfMandamus"],"picked":"SlaversCollar"}],"items_purged_floors":[28,36],"is_endless":true,"potions_floor_spawned":[3,13,14,18,21,25,29],"killed_by":"Reptomancer","ascension_level":0}}