{"host":"u7y9frlpoazak2mn","time":1613236646,"event":{"mods":["AchievementEnabler","Act Like it!","Aspiration","BaseMod","Beaked The Cultist","Better Altar","Better Match","Better Note","Better Sensory Stone","Better Skull","Better Third Choice","Colored Map","Colored Powertips","Displayed Cursed Tome","Downfall","Emptier Cage","Energized Spire","GifTheSpireLib","Hermit","Marked Mod","Mimic Mod","Minty Spire (QoL Compilation)","Permanent Neow","Prisma Mod","Rare Cards Sparkle","Relic Stats","StSLib","The Construct","Waifu the Spire"],"gold_per_floor":[112,287,304,38,365,395,395,426,426,438,388,408,424,453,453,554,554,568,267,267,267,284,284,319,319,397,397,397,397,68,84,84,184,184,196,196,196,196,208,208,225,225,225,23,37,65,115,165,165,165],"floor_reached":51,"language":"ENG","playtime":2556,"items_purged":["Doubt","beaked:Strike_Y","beaked:Strike_Y","beaked:Strike_Y"],"score":834,"play_id":"e2ff6b75-59d1-4bae-a536-bfc3a7367f5a","local_time":"20210213121726","is_ascension_mode":false,"campfire_choices":[{"data":"beaked:Insight","floor":7,"key":"SMITH"},{"data":"beaked:Windmill","floor":15,"key":"SMITH"},{"data":"beaked:MimicWarrior","floor":23,"key":"SMITH"},{"data":"beaked:MimicHuntress","floor":25,"key":"SMITH"},{"data":"beaked:Windmill","floor":28,"key":"SMITH"},{"data":"beaked:Windmill","floor":32,"key":"SMITH"},{"data":"construct:MemoryTap","floor":40,"key":"SMITH"},{"data":"Deep Breath","floor":42,"key":"SMITH"},{"data":"sneckomod:TrashToTreasure","floor":49,"key":"SMITH"}],"circlet_count":0,"master_deck":["beaked:Strike_Y","beaked:Strike_Y","beaked:Defend_Y","beaked:Defend_Y","beaked:Defend_Y","beaked:Defend_Y","beaked:Ceremony","beaked:Ceremony","beaked:Ceremony","beaked:Insight+1","beaked:MimicHuntress+1","beaked:Windmill+1","beaked:Windmill+1","beaked:MimicWarrior+1","beaked:Daydream","beaked:Windmill+1","beaked:Windmill+1","Writhe","beaked:MimicMachine+1","downfall:Bewildered","beaked:Insight+1","construct:MemoryTap+1","Deep Breath+1","sneckomod:TrashToTreasure+1","beaked:WarriorEssence","sneckomod:TrashToTreasure+1"],"relics":["beaked:BlessedCoat","NeowsBlessing","Medical Kit","Orichalcum","Prayer Wheel","Incense Burner","beaked:ShinyBauble","PrismaticShard","Darkstone Periapt","Tiny Chest","Frozen Egg 2","sneckomod:BabySnecko","aspiration:Stabinomicon","Chemical X","SacredBark","Lantern","Bag of Preparation","Happy Flower","beaked:ThroatLozenge","aspiration:AnachronicSnailShell"],"acts_visited":["Exordium","TheCity","TheBeyond"],"potions_floor_usage":[8,12,13,22,33,33,39,41,50,50],"damage_taken":[{"damage":0,"enemies":"Jaw Worm","floor":1,"turns":1},{"damage":0,"enemies":"Cultist","floor":3,"turns":1},{"damage":0,"enemies":"Gremlin Nob","floor":6,"turns":1},{"damage":28,"enemies":"3 Sentries","floor":8,"turns":8},{"damage":6,"enemies":"2 Louse","floor":10,"turns":8},{"damage":10,"enemies":"Exordium Wildlife","floor":12,"turns":5},{"damage":10,"enemies":"Red Slaver","floor":13,"turns":5},{"damage":28,"enemies":"Lagavulin","floor":14,"turns":5},{"damage":31,"enemies":"Slime Boss","floor":16,"turns":8},{"damage":22,"enemies":"Spheric Guardian","floor":18,"turns":5},{"damage":13,"enemies":"Chosen","floor":22,"turns":3},{"damage":29,"enemies":"Book of Stabbing","floor":24,"turns":5},{"damage":16,"enemies":"Snecko","floor":31,"turns":4},{"damage":39,"enemies":"Automaton","floor":33,"turns":8},{"damage":22,"enemies":"3 Shapes","floor":35,"turns":3},{"damage":37,"enemies":"3 Darklings","floor":39,"turns":4},{"damage":17,"enemies":"Writhing Mass","floor":41,"turns":3},{"damage":12,"enemies":"Sphere and 2 Shapes","floor":45,"turns":5},{"damage":22,"enemies":"Nemesis","floor":46,"turns":5},{"damage":0,"enemies":"Mind Bloom Boss Battle","floor":48,"turns":3},{"damage":41,"enemies":"Time Eater","floor":50,"turns":6}],"seed_played":"-1572679845053144538","potions_obtained":[{"floor":3,"key":"LiquidBronze"},{"floor":8,"key":"BlessingOfTheForge"},{"floor":12,"key":"sneckomod:MuddlingPotion"},{"floor":18,"key":"Slimebound:ThreeZeroPotion"},{"floor":24,"key":"Block Potion"},{"floor":31,"key":"hexamod:SoulburnPotion"},{"floor":33,"key":"Slimebound:ThreeZeroPotion"},{"floor":35,"key":"LiquidMemories"},{"floor":45,"key":"sneckomod:MuddlingPotion"},{"floor":48,"key":"Regen Potion"}],"is_trial":false,"path_per_floor":["M","?","M","$","?","E","R","E","T","M","?","M","M","E","R","B",null,"M","$","?","?","M","R","E","R","T","?","R","?","$","M","R","B",null,"M","?","T","?","M","R","M","R","T","$","M","E","T","?","R","B",null],"character_chosen":"BEAKED_THE_CULTIST","items_purchased":["Medical Kit","beaked:Insight","beaked:Windmill","PrismaticShard","beaked:Insight+1","Chemical X","beaked:WarriorEssence"],"campfire_rested":0,"item_purchase_floors":[4,4,19,19,30,30,44],"current_hp_per_floor":[50,50,50,50,28,30,30,33,33,47,47,50,50,32,32,34,50,48,48,48,54,52,52,49,49,49,55,55,39,39,44,44,54,62,54,54,54,54,45,45,49,49,49,49,70,67,67,70,70,69],"gold":165,"neow_bonus":"THREE_ENEMY_KILL","is_daily":false,"chose_seed":false,"campfire_upgraded":9,"win_rate":0.0,"timestamp":1613236646,"path_taken":["M","?","M","$","?","E","R","E","T","?","?","M","M","E","R","BOSS","M","$","?","?","M","R","E","R","T","?","R","?","$","M","R","BOSS","M","?","?","?","?","R","?","R","T","$","M","E","?","?","R","BOSS"],"items_purchased_type":["Relic","Card","Card","Relic","Card","Relic","Card"],"build_version":"2020-12-22","purchased_purges":4,"victory":true,"max_hp_per_floor":[50,50,50,50,50,50,50,50,50,50,50,50,50,50,50,50,50,50,50,50,56,56,56,56,56,56,62,62,62,62,62,62,62,62,62,62,62,62,66,66,70,70,70,70,70,70,70,70,70,70],"relic_stats":{"Darkstone Periapt":12,"Happy Flower":[3],"counters":[21,96],"Prayer Wheel":10,"Tiny Chest":2,"Bag of Preparation":[8],"Chemical X":[4],"Orichalcum":[174],"Medical Kit":[16],"obtain_stats":[{"Darkstone Periapt":21,"beaked:ShinyBauble":14,"Lantern":37,"beaked:ThroatLozenge":47,"NeowsBlessing":0,"Happy Flower":46,"SacredBark":34,"Incense Burner":9,"aspiration:Stabinomicon":29,"Bag of Preparation":43,"Orichalcum":6,"Frozen Egg 2":26,"Medical Kit":4,"beaked:BlessedCoat":17,"PrismaticShard":19,"sneckomod:BabySnecko":27,"aspiration:AnachronicSnailShell":48,"Prayer Wheel":8,"Tiny Chest":24,"Chemical X":30,"beaked:MendingPlumage":0},{"Darkstone Periapt":10,"beaked:ShinyBauble":8,"Lantern":15,"beaked:ThroatLozenge":19,"NeowsBlessing":0,"Happy Flower":19,"SacredBark":14,"Incense Burner":4,"aspiration:Stabinomicon":12,"Bag of Preparation":17,"Orichalcum":3,"Frozen Egg 2":12,"Medical Kit":2,"beaked:BlessedCoat":9,"PrismaticShard":10,"sneckomod:BabySnecko":12,"aspiration:AnachronicSnailShell":20,"Prayer Wheel":4,"Tiny Chest":12,"Chemical X":12,"beaked:MendingPlumage":0},{"Darkstone Periapt":47,"beaked:ShinyBauble":34,"Lantern":70,"beaked:ThroatLozenge":87,"NeowsBlessing":0,"Happy Flower":87,"SacredBark":67,"Incense Burner":11,"aspiration:Stabinomicon":55,"Bag of Preparation":77,"Orichalcum":3,"Frozen Egg 2":55,"Medical Kit":2,"beaked:BlessedCoat":42,"PrismaticShard":47,"sneckomod:BabySnecko":55,"aspiration:AnachronicSnailShell":90,"Prayer Wheel":11,"Tiny Chest":55,"Chemical X":55,"beaked:MendingPlumage":0}]},"card_choices":[{"not_picked":["beaked:Evade","beaked:DigDeep","beaked:Brace"],"picked":"SKIP","floor":1},{"not_picked":["beaked:TuckingFeathers","beaked:Tradeoff","beaked:Resilience"],"picked":"SKIP","floor":3},{"not_picked":["beaked:Flinch","beaked:SurvivalInstinct","beaked:DarkTribute"],"picked":"SKIP","floor":6},{"not_picked":["beaked:CursingBlood","beaked:DesperateSwing","beaked:CrazyRituals"],"picked":"SKIP","floor":8},{"not_picked":["beaked:SurvivalInstinct","beaked:Cower"],"picked":"beaked:MimicHuntress","floor":10},{"not_picked":["beaked:Redirect","beaked:SacrificialDive","beaked:Evade"],"picked":"SKIP","floor":10},{"not_picked":["beaked:CursingBlood","beaked:HuntressSpirit"],"picked":"beaked:Windmill","floor":12},{"not_picked":["beaked:Poke","beaked:SurvivalInstinct","beaked:CrazyRituals"],"picked":"SKIP","floor":12},{"not_picked":["beaked:Negation","beaked:TuckingFeathers"],"picked":"beaked:Windmill","floor":13},{"not_picked":["beaked:Struggle","beaked:Mantra"],"picked":"beaked:MimicWarrior","floor":13},{"not_picked":["beaked:Resilience","beaked:Evade","beaked:Poke"],"picked":"SKIP","floor":14},{"not_picked":["beaked:TuckingFeathers","beaked:Overpower"],"picked":"beaked:Daydream","floor":18},{"not_picked":["beaked:Tweet","beaked:RuinSticks","beaked:Windmill"],"picked":"SKIP","floor":18},{"not_picked":["beaked:Tweet","beaked:RuinSticks"],"picked":"beaked:Windmill","floor":18},{"not_picked":["hermit:TakeCover","champ:ArenaPreparation"],"picked":"beaked:MimicMachine+1","floor":22},{"not_picked":["construct:Supernova","PrismaMod:ChloeDiscardRecovery+1","Leap+1"],"picked":"SKIP","floor":22},{"not_picked":["Venomology","Dodge and Roll+1","hexamod:NightmareGuise+1"],"picked":"SKIP","floor":24},{"not_picked":["PrismaMod:IllyaBerserCAR","Rebound","bronze:GetLatest+1"],"picked":"SKIP","floor":31},{"not_picked":["bronze:CutThrough","Escape Plan","sneckomod:ImprovisedGuard"],"picked":"SKIP","floor":31},{"not_picked":["construct:ShieldBurst","PrismaMod:ChloeAnyUncommonTrace"],"picked":"construct:MemoryTap","floor":33},{"not_picked":["Clash","PrismaMod:MiyuCheapDexBuff+1"],"picked":"Deep Breath","floor":35},{"not_picked":["PrismaMod:ChloeExhaustOne","hermit:CalledShot+1","hermit:LowProfile+1"],"picked":"SKIP","floor":35},{"not_picked":["Iron Wave","Beam Cell"],"picked":"sneckomod:TrashToTreasure+1","floor":39},{"not_picked":["PrismaMod:MiyuCheapDefend1","Sweeping Beam+1","sneckomod:UnknownCommonAttack"],"picked":"SKIP","floor":39},{"not_picked":["MentalFortress+1","PrismaMod:ChloeExcalibur+1","PrismaMod:IllyaAOECommonAttack+1"],"picked":"SKIP","floor":41},{"not_picked":["beaked:BraceForImpact+1","PrismaMod:IllyaAssassinRevenge+1","Slimebound:SplitLeeching+1"],"picked":"SKIP","floor":41},{"not_picked":["champ:MurderStrike","construct:Versatility+1"],"picked":"sneckomod:TrashToTreasure","floor":45},{"not_picked":["PrismaMod:ChloeDiscardRecovery+1","PrismaMod:IllyaCheapChannelPoison+1","sneckomod:UnknownCommonAttack+1"],"picked":"SKIP","floor":45},{"not_picked":["PrismaMod:IllyaReinForce+1","hermit:BodyArmor","bronze:CutThrough"],"picked":"SKIP","floor":46}],"player_experience":449698,"relics_obtained":[{"floor":6,"key":"Orichalcum"},{"floor":8,"key":"Prayer Wheel"},{"floor":9,"key":"Incense Burner"},{"floor":14,"key":"beaked:ShinyBauble"},{"floor":24,"key":"Tiny Chest"},{"floor":26,"key":"Frozen Egg 2"},{"floor":37,"key":"Lantern"},{"floor":43,"key":"Bag of Preparation"},{"floor":46,"key":"Happy Flower"},{"floor":47,"key":"beaked:ThroatLozenge"},{"floor":48,"key":"aspiration:AnachronicSnailShell"}],"event_choices":[{"damage_healed":0,"gold_gain":175,"player_choice":"AGREE","damage_taken":112,"max_hp_gain":0,"max_hp_loss":0,"event_name":"betterThird:BetterSerpent","floor":2,"gold_loss":0},{"damage_healed":0,"gold_gain":327,"player_choice":"GO GO GO ","damage_taken":25,"relics_obtained":[],"max_hp_gain":0,"max_hp_loss":0,"event_name":"betterSkull:BetterSkull","floor":5,"gold_loss":0,"cards_upgraded":[]},{"cards_removed":["beaked:Strike_Y"],"damage_healed":0,"gold_gain":0,"player_choice":"Card Removal","damage_taken":0,"max_hp_gain":0,"max_hp_loss":0,"event_name":"The Cleric","floor":11,"gold_loss":50},{"damage_healed":0,"gold_gain":0,"player_choice":"Ignored","damage_taken":0,"max_hp_gain":0,"max_hp_loss":0,"event_name":"betterNote:BetterNote","floor":20,"gold_loss":0,"cards_obtained":["PathToVictory"]},{"damage_healed":0,"gold_gain":0,"player_choice":"Opened","damage_taken":0,"relics_obtained":["Darkstone Periapt"],"max_hp_gain":0,"max_hp_loss":0,"event_name":"The Mausoleum","floor":21,"gold_loss":0,"cards_obtained":["Writhe"]},{"damage_healed":0,"gold_gain":0,"player_choice":"Obtained Book","damage_taken":16,"max_hp_gain":0,"max_hp_loss":0,"event_name":"Cursed Tome","floor":29,"gold_loss":0},{"damage_healed":0,"gold_gain":0,"player_choice":"Ignored","damage_taken":0,"max_hp_gain":0,"max_hp_loss":0,"event_name":"Tomb of Lord Red Mask","floor":36,"gold_loss":0},{"damage_healed":0,"gold_gain":0,"player_choice":"Upgraded","damage_taken":0,"max_hp_gain":0,"max_hp_loss":0,"event_name":"Upgrade Shrine","floor":38,"gold_loss":0,"cards_upgraded":["beaked:Windmill"]},{"damage_healed":0,"gold_gain":0,"player_choice":"Fight","damage_taken":0,"max_hp_gain":0,"max_hp_loss":0,"event_name":"MindBloom","floor":48,"gold_loss":0}],"is_beta":false,"boss_relics":[{"not_picked":["beaked:SacredDeck","energizedSpire:CursedPentagram"],"picked":"beaked:BlessedCoat"},{"not_picked":["aspiration:FutureDiary","energizedSpire:EnergizedDie"],"picked":"SacredBark"}],"items_purged_floors":[4,19,30,44],"is_endless":false,"potions_floor_spawned":[3,8,12,18,24,31,33,35,45,48],"ascension_level":0}}