{"host":"pj7egx7jkoz18hom","time":1613182891,"event":{"mods":["AchievementEnabler","BaseMod","Keyboard Shortcuts","Minty Spire (QoL Compilation)","SuperFastMode"],"gold_per_floor":[113,127,142,142,17,42,42,54,128,146,163,175,186,197,197,302,302,316,316,241,257,257,257,292,310,310,330,330,344,344,361,361,361,361],"floor_reached":33,"language":"KOR","playtime":1524,"items_purged":["Defend_R"],"score":328,"play_id":"08921838-0d3e-44d6-b513-001955b6f1c7","local_time":"20210213112131","is_ascension_mode":true,"campfire_choices":[{"data":"Carnage","floor":7,"key":"SMITH"},{"data":"Spot Weakness","floor":15,"key":"SMITH"},{"data":"Demon Form","floor":23,"key":"SMITH"},{"data":"Armaments","floor":30,"key":"SMITH"},{"data":"Limit Break","floor":32,"key":"SMITH"}],"circlet_count":0,"master_deck":["Defend_R","Defend_R","Defend_R","Twin Strike","Spot Weakness+1","Carnage+1","Cleave","Pommel Strike","Warcry","Flame Barrier","Headbutt","Ghostly Armor","Iron Wave","Shockwave","Heavy Blade","Bludgeon","Battle Trance","Shrug It Off","Pummel","Demon Form+1","Flex","Warcry+1","True Grit+1","Bite","Bite","Bite","Bite","Bite","Shrug It Off+1","Flex+1","Armaments+1","Limit Break+1"],"relics":["Burning Blood","Prayer Wheel","Bottled Lightning","Coffee Dripper","Bag of Marbles","Omamori"],"acts_visited":["TheCity"],"potions_floor_usage":[10,10,11,14,27,31,33,33,33],"damage_taken":[{"damage":10,"enemies":"Small Slimes","floor":1,"turns":3},{"damage":0,"enemies":"2 Louse","floor":2,"turns":2},{"damage":12,"enemies":"Jaw Worm","floor":3,"turns":2},{"damage":31,"enemies":"3 Sentries","floor":6,"turns":5},{"damage":8,"enemies":"Blue Slaver","floor":8,"turns":2},{"damage":0,"enemies":"Large Slime","floor":10,"turns":2},{"damage":17,"enemies":"Exordium Thugs","floor":11,"turns":4},{"damage":5,"enemies":"Gremlin Gang","floor":12,"turns":2},{"damage":13,"enemies":"Blue Slaver","floor":13,"turns":3},{"damage":0,"enemies":"Looter","floor":14,"turns":2},{"damage":45,"enemies":"The Guardian","floor":16,"turns":10},{"damage":33,"enemies":"Spheric Guardian","floor":18,"turns":4},{"damage":6,"enemies":"3 Byrds","floor":21,"turns":3},{"damage":30,"enemies":"Book of Stabbing","floor":24,"turns":4},{"damage":20,"enemies":"Centurion and Healer","floor":25,"turns":4},{"damage":17,"enemies":"Snake Plant","floor":27,"turns":2},{"damage":20,"enemies":"Snecko","floor":29,"turns":5},{"damage":4,"enemies":"3 Cultists","floor":31,"turns":6},{"damage":48,"enemies":"Collector","floor":33,"turns":7}],"seed_played":"5684792602054095671","potions_obtained":[{"floor":2,"key":"BloodPotion"},{"floor":6,"key":"Fire Potion"},{"floor":8,"key":"Fire Potion"},{"floor":10,"key":"FairyPotion"},{"floor":13,"key":"Energy Potion"},{"floor":16,"key":"BlessingOfTheForge"},{"floor":18,"key":"LiquidBronze"},{"floor":25,"key":"GamblersBrew"},{"floor":29,"key":"Fruit Juice"},{"floor":31,"key":"Fire Potion"}],"is_trial":false,"path_per_floor":["M","M","M","?","$","E","R","M","T","M","M","M","M","M","R","B",null,"M","?","?","M","?","R","E","M","T","M","?","M","R","M","R","B"],"character_chosen":"IRONCLAD","items_purchased":["Warcry"],"campfire_rested":0,"item_purchase_floors":[5],"current_hp_per_floor":[52,58,52,52,52,27,27,25,25,31,36,37,30,36,36,27,80,53,53,53,53,53,53,31,23,23,18,18,10,10,27,27,0,0],"gold":361,"neow_bonus":"TRANSFORM_TWO_CARDS","is_daily":false,"chose_seed":false,"campfire_upgraded":5,"win_rate":0.0,"timestamp":1613182891,"path_taken":["M","M","M","?","$","E","R","M","T","M","M","M","M","M","R","BOSS","M","?","?","M","?","R","E","M","T","M","?","?","R","M","R","BOSS"],"items_purchased_type":["Card"],"build_version":"2020-12-22","purchased_purges":1,"victory":false,"max_hp_per_floor":[80,80,80,80,80,80,80,80,80,80,80,80,80,80,80,80,80,80,80,80,80,56,56,56,56,56,56,56,56,56,61,61,61,61],"card_choices":[{"not_picked":["Thunderclap","Sword Boomerang"],"picked":"Carnage","floor":1},{"not_picked":["Blood for Blood","Headbutt"],"picked":"Cleave","floor":2},{"not_picked":["Clash","Entrench"],"picked":"Pommel Strike","floor":3},{"not_picked":["Pummel","True Grit"],"picked":"Flame Barrier","floor":6},{"not_picked":["Blood for Blood","Entrench"],"picked":"Headbutt","floor":8},{"not_picked":["Twin Strike","Whirlwind"],"picked":"Ghostly Armor","floor":8},{"not_picked":["Thunderclap","Dropkick"],"picked":"Iron Wave","floor":10},{"not_picked":["Heavy Blade","Iron Wave"],"picked":"Shockwave","floor":10},{"not_picked":["Fire Breathing","Body Slam"],"picked":"Heavy Blade","floor":11},{"not_picked":["Fire Breathing","Entrench"],"picked":"Bludgeon","floor":11},{"not_picked":["Intimidate","Havoc"],"picked":"Battle Trance","floor":12},{"not_picked":["Sword Boomerang","Intimidate","Feel No Pain"],"picked":"SKIP","floor":12},{"not_picked":["Sword Boomerang","Twin Strike"],"picked":"Shrug It Off","floor":13},{"not_picked":["Bloodletting","Headbutt","Carnage"],"picked":"SKIP","floor":13},{"not_picked":["Berserk","Perfected Strike"],"picked":"Pummel","floor":14},{"not_picked":["Thunderclap","Iron Wave","True Grit"],"picked":"SKIP","floor":14},{"not_picked":["Juggernaut","Brutality"],"picked":"Demon Form","floor":16},{"not_picked":["Ghostly Armor","Combust"],"picked":"Flex","floor":18},{"not_picked":["Twin Strike+1","Blood for Blood","Infernal Blade+1"],"picked":"SKIP","floor":18},{"not_picked":["Dark Embrace","Wild Strike"],"picked":"Warcry+1","floor":21},{"not_picked":["Hemokinesis","Second Wind+1"],"picked":"True Grit+1","floor":21},{"not_picked":["Carnage+1","Rupture"],"picked":"Shrug It Off+1","floor":24},{"not_picked":["Twin Strike","Infernal Blade"],"picked":"Flex+1","floor":25},{"not_picked":["Wild Strike","Bludgeon","Clothesline+1"],"picked":"SKIP","floor":25},{"not_picked":["True Grit","Flex","Offering"],"picked":"SKIP","floor":27},{"not_picked":["Wild Strike","Burning Pact","Clash"],"picked":"SKIP","floor":27},{"not_picked":["Warcry+1","Dropkick"],"picked":"Armaments","floor":29},{"not_picked":["Perfected Strike","Sever Soul","Havoc"],"picked":"SKIP","floor":29},{"not_picked":["Cleave","Seeing Red+1"],"picked":"Limit Break","floor":31},{"not_picked":["Dual Wield+1","Carnage","Clash"],"picked":"SKIP","floor":31}],"player_experience":15653,"relics_obtained":[{"floor":6,"key":"Prayer Wheel"},{"floor":9,"key":"Bottled Lightning"},{"floor":24,"key":"Bag of Marbles"},{"floor":26,"key":"Omamori"}],"event_choices":[{"cards_removed":["Strike_R"],"damage_healed":0,"gold_gain":0,"player_choice":"Forget","damage_taken":0,"max_hp_gain":0,"max_hp_loss":0,"event_name":"Living Wall","floor":4,"gold_loss":0},{"damage_healed":0,"gold_gain":0,"player_choice":"Ignored","damage_taken":0,"max_hp_gain":0,"max_hp_loss":0,"event_name":"Ghosts","floor":19,"gold_loss":0},{"cards_removed":["Bash"],"damage_healed":0,"gold_gain":0,"player_choice":"Gave Gold","damage_taken":0,"max_hp_gain":0,"max_hp_loss":0,"event_name":"Beggar","floor":20,"gold_loss":75},{"damage_healed":0,"gold_gain":0,"player_choice":"Became a vampire","damage_taken":0,"max_hp_gain":0,"max_hp_loss":24,"event_name":"Vampires","floor":22,"gold_loss":0,"cards_obtained":["Bite","Bite","Bite","Bite","Bite"]},{"damage_healed":0,"gold_gain":0,"player_choice":"Smashed Altar","damage_taken":0,"max_hp_gain":0,"max_hp_loss":0,"event_name":"Forgotten Altar","floor":28,"gold_loss":0,"cards_obtained":["Decay"]}],"is_beta":false,"boss_relics":[{"not_picked":["Busted Crown","SacredBark"],"picked":"Coffee Dripper"}],"items_purged_floors":[5],"is_endless":false,"potions_floor_spawned":[2,6,8,10,13,16,18,25,29,31],"killed_by":"Collector","ascension_level":2}}