{"host":"fortuna","time":1613223216,"event":{"mods":["100% Spire Juice","Act Like it!","Arknights","BaseMod","CapriCore","Gensokyo","Hallownest","Koishi","Minty Spire (QoL Compilation)","MostiFishMod","Reimu£®≤©¿ˆ¡È√Œ£©","Relic Stats","StSLib","The Animator","The Bug Knight","The Immortal","Waifu the Spire","WarShipGirlsR/’ΩΩ¢…Ÿ≈ÆR mod","Yakumo Yukari mod"],"gold_per_floor":[109,9,27,27,7,35,35,62,86,86,117,132,146,158,158,257,17,34,49,68,80,80,111,111,141,223,223,223,233,246,41,41,136,16,32,32,46,46,46,81,81,98,98,98,98,131,56,73,73,73,73,73,22,50,50,50],"floor_reached":55,"language":"ZHS","playtime":2248,"items_purged":["Moonworks:Strike"],"score":982,"play_id":"84053439-36b2-4d2c-8b21-73441b724a7d","local_time":"20210213213336","is_ascension_mode":true,"campfire_choices":[{"data":"Moonworks:SweetBattle","floor":7,"key":"SMITH"},{"floor":10,"key":"REST"},{"data":"Moonworks:Ambush","floor":15,"key":"SMITH"},{"floor":27,"key":"REST"},{"data":"Moonworks:AnotherUltimateWeapon","floor":32,"key":"SMITH"},{"floor":41,"key":"REST"},{"floor":49,"key":"RECALL"},{"data":"Moonworks:RocketCannon","floor":52,"key":"SMITH"}],"circlet_count":0,"master_deck":["Moonworks:Strike+1","Moonworks:Strike+1","Moonworks:Strike+1","Moonworks:Defend+1","Moonworks:Defend+1","Moonworks:Defend+1","Moonworks:Defend+1","Moonworks:Ambush+1","Moonworks:LongDistanceShot+1","Moonworks:BigMagnum+1","Moonworks:MiracleRedBeanIceCream+1","Moonworks:WindyEnchantment+1","Moonworks:Poppoformation+1","Moonworks:SweetBattle+1","Moonworks:IndiscriminateFireSupport+1","Moonworks:Encore+1","Moonworks:Bloodlust+1","Moonworks:BigMagnum+1","Moonworks:EvilSpyWorkPreparation+1","Moonworks:NicePresent+1","Moonworks:Heat300Percent+1","Moonworks:MeltingMemories+1","Moonworks:LuckyCharm+1","Moonworks:Dinner+1","Moonworks:PlushieMaster","Gensokyo:GapWoman+1","Moonworks:CookingTime+1","Moonworks:AnotherUltimateWeapon+1","Moonworks:AwakeningOfTalent+1","Gensokyo:ShootingStar+1","Moonworks:ReflectiveShell+1","Moonworks:RocketCannon+1","Moonworks:TreasureThief+1","Moonworks:WindyEnchantment","Moonworks:NicePresent+1","Moonworks:UnpaidWork+1"],"relics":["Moonworks:BrokenBomb","Moonworks:Homemark","DaveBox","NeowsBlessing","SynthV:TestCard","DSteel32","Question Card","Strawberry","Bronze Scales","Pen Nib","HereWithMe","War Paint","Gensokyo:RedStar","Letter Opener","Bottled Flame","Mango","PatriotShield","Mastiff:ReiMu","Molten Egg 2","SentryEyes","Boot","Eternal Feather"],"acts_visited":["Gensokyo:Gensokyo","Gensokyo:Gensokyoer","Gensokyo:Gensokyoest","TheEnding"],"potions_floor_usage":[31,40,55,55,55],"damage_taken":[{"damage":0,"enemies":"Gensokyo:2_Kodama","floor":1,"turns":1},{"damage":0,"enemies":"Gensokyo:Python","floor":3,"turns":1},{"damage":0,"enemies":"Gensokyo:Aya","floor":6,"turns":1},{"damage":38,"enemies":"Gensokyo:Cirno","floor":8,"turns":6},{"damage":19,"enemies":"Gensokyo:Mamizou","floor":11,"turns":7},{"damage":6,"enemies":"Gensokyo:3_Fairies","floor":12,"turns":3},{"damage":8,"enemies":"Gensokyo:VengefulSpirit","floor":13,"turns":3},{"damage":6,"enemies":"Gensokyo:2_Rabbits","floor":14,"turns":2},{"damage":46,"enemies":"Gensokyo:Yukari","floor":16,"turns":6},{"damage":18,"enemies":"Gensokyo:3_Dogs","floor":18,"turns":3},{"damage":4,"enemies":"Gensokyo:2_Gloops","floor":19,"turns":2},{"damage":22,"enemies":"Gensokyo:Slime_Group","floor":20,"turns":2},{"damage":6,"enemies":"Gensokyo:3_Gloops","floor":21,"turns":2},{"damage":45,"enemies":"Gensokyo:Tenshi","floor":23,"turns":4},{"damage":33,"enemies":"Gensokyo:Reisen","floor":25,"turns":4},{"damage":0,"enemies":"Gensokyo:Chomper_and_Gloop","floor":29,"turns":2},{"damage":30,"enemies":"Gensokyo:Swordslinger","floor":30,"turns":3},{"damage":19,"enemies":"Gensokyo:Koishi","floor":31,"turns":6},{"damage":47,"enemies":"Gensokyo:Eternal_Rivals","floor":33,"turns":8},{"damage":14,"enemies":"Gensokyo:3_Boulders","floor":35,"turns":5},{"damage":6,"enemies":"Gensokyo:AncientGuardian","floor":37,"turns":1},{"damage":28,"enemies":"Gensokyo:Kasen","floor":40,"turns":4},{"damage":4,"enemies":"Gensokyo:SeedOfUnknown","floor":42,"turns":2},{"damage":0,"enemies":"Gensokyo:Doremy","floor":46,"turns":4},{"damage":6,"enemies":"Gensokyo:AtlasGolem","floor":48,"turns":1},{"damage":10,"enemies":"Gensokyo:Yuyuko","floor":50,"turns":3},{"damage":4,"enemies":"Shield and Spear","floor":54,"turns":2},{"damage":104,"enemies":"The Heart","floor":55,"turns":3}],"seed_played":"5383651023749113737","potions_obtained":[{"floor":1,"key":"SteroidPotion"},{"floor":3,"key":"SkillPotion"},{"floor":11,"key":"SteroidPotion"},{"floor":16,"key":"GrandPatriotsElixir:ReiMu"},{"floor":20,"key":"FairyPotion"},{"floor":33,"key":"PowerPotion"},{"floor":35,"key":"ColorlessPotion"},{"floor":40,"key":"SpeedPotion"},{"floor":48,"key":"Energy Potion"}],"is_trial":false,"path_per_floor":["M","?","M","?","?","E","R","E","T","R","E","M","M","M","R","B",null,"M","M","M","M","?","E","?","E","T","R","?","M","M","E","R","B",null,"M","?","M","?","COS","E","R","M","T","?","?","E","$","M","R","B",null,"R","$","E","B"],"character_chosen":"THE_STARBREAKER","items_purchased":["Moonworks:NicePresent"],"campfire_rested":3,"item_purchase_floors":[53],"current_hp_per_floor":[60,60,60,57,57,57,57,34,34,54,44,42,43,37,37,14,67,59,59,39,33,56,29,29,12,12,32,32,35,15,30,30,75,75,67,67,61,50,50,35,57,63,63,33,33,67,67,61,61,61,75,75,75,75,0,0],"gold":50,"neow_bonus":"THREE_ENEMY_KILL","is_daily":false,"chose_seed":false,"campfire_upgraded":4,"win_rate":0.0,"timestamp":1613223216,"path_taken":["M","?","?","?","?","E","R","E","T","R","E","M","M","M","R","BOSS","M","M","M","M","?","E","?","E","T","R","?","?","M","E","R","BOSS","M","?","M","?","COS","E","R","M","T","?","?","E","$","?","R","BOSS","R","$","E","BOSS"],"items_purchased_type":["Card"],"build_version":"2020-12-18","purchased_purges":1,"victory":false,"max_hp_per_floor":[60,60,60,67,67,67,67,67,67,67,67,67,67,67,67,67,67,67,67,67,67,67,67,67,67,67,67,61,61,61,75,75,75,75,75,75,75,75,75,75,75,75,75,75,75,75,75,75,75,75,75,75,75,75,75,75],"relic_stats":{"counters":[28,91],"Bronze Scales":[234],"Eternal Feather":0,"Pen Nib":[13],"Letter Opener":[152],"War Paint":["Moonworks:BigMagnum","Moonworks:NicePresent"],"Question Card":28,"Boot":[0],"obtain_stats":[{"DSteel32":1,"PatriotShield":34,"DaveBox":0,"NeowsBlessing":0,"Mango":31,"Eternal Feather":54,"Pen Nib":11,"Letter Opener":25,"Orichalcum":8,"War Paint":23,"Question Card":2,"Gensokyo:RedStar":24,"Boot":46,"Frozen Eye":31,"Bottled Flame":26,"SynthV:TestCard":1,"Mastiff:ReiMu":40,"Moonworks:Homemark":0,"Strawberry":4,"Bronze Scales":6,"SentryEyes":44,"HereWithMe":17,"Molten Egg 2":43,"Moonworks:BrokenBomb":0},{"DSteel32":1,"PatriotShield":19,"DaveBox":0,"NeowsBlessing":0,"Mango":18,"Eternal Feather":27,"Pen Nib":5,"Letter Opener":15,"Orichalcum":4,"War Paint":14,"Question Card":1,"Gensokyo:RedStar":14,"Boot":24,"Frozen Eye":17,"Bottled Flame":15,"SynthV:TestCard":1,"Mastiff:ReiMu":22,"Moonworks:Homemark":0,"Strawberry":2,"Bronze Scales":3,"SentryEyes":23,"HereWithMe":9,"Molten Egg 2":23,"Moonworks:BrokenBomb":0},{"DSteel32":1,"PatriotShield":66,"DaveBox":0,"NeowsBlessing":0,"Mango":58,"Eternal Feather":88,"Pen Nib":16,"Letter Opener":47,"Orichalcum":9,"War Paint":43,"Question Card":1,"Gensokyo:RedStar":43,"Boot":82,"Frozen Eye":52,"Bottled Flame":47,"SynthV:TestCard":1,"Mastiff:ReiMu":76,"Moonworks:Homemark":0,"Strawberry":2,"Bronze Scales":3,"SentryEyes":78,"HereWithMe":30,"Molten Egg 2":78,"Moonworks:BrokenBomb":0}]},"card_choices":[{"not_picked":["Moonworks:FinalSurgery","Moonworks:LulusLuckyEgg"],"picked":"Moonworks:BigMagnum","floor":1},{"not_picked":["Moonworks:LulusLuckyEgg","Moonworks:CloudOfSeagulls","Moonworks:NicePresent","Moonworks:DeployBits","Moonworks:SakisCookie"],"picked":"Moonworks:MiracleRedBeanIceCream","floor":3},{"not_picked":[],"picked":"Moonworks:WindyEnchantment","floor":5},{"not_picked":[],"picked":"Moonworks:Poppoformation","floor":5},{"not_picked":["Moonworks:ImmovableObject","Moonworks:DeployBits","Moonworks:WindyEnchantment","Moonworks:NicePresent","Moonworks:ReproductionOfRecords"],"picked":"Moonworks:SweetBattle","floor":6},{"not_picked":["Moonworks:CloudOfSeagulls","Moonworks:SelfDestruct","Moonworks:BigMagnum","Moonworks:MixPhenomenon","Moonworks:FinalSurgery"],"picked":"Moonworks:IndiscriminateFireSupport","floor":8},{"not_picked":["Moonworks:MixPhenomenon","Moonworks:EvilSpyWorkPreparation","Moonworks:CloudOfSeagulls","Moonworks:IndiscriminateFireSupport","Moonworks:Dash"],"picked":"Moonworks:Encore","floor":11},{"not_picked":["Moonworks:CookingTime","Moonworks:DeployBits","Moonworks:BigMagnum","Moonworks:IndiscriminateFireSupport","Moonworks:ExtendedPhotonRifle"],"picked":"Moonworks:Bloodlust","floor":12},{"not_picked":["Moonworks:ImOnFire","Moonworks:IndiscriminateFireSupport","Moonworks:JonathanRush","Moonworks:Assault","Moonworks:Heat300Percent"],"picked":"Moonworks:BigMagnum","floor":13},{"not_picked":["Moonworks:FinalSurgery","Moonworks:SakisCookie","Moonworks:SelfDestruct","Moonworks:LulusLuckyEgg","Moonworks:BigMagnum"],"picked":"Moonworks:EvilSpyWorkPreparation","floor":14},{"not_picked":["Moonworks:ShieldCounter","Moonworks:MeltingMemories","Moonworks:LeapThroughSpace","Moonworks:PlushieMaster","Moonworks:FinalBattle"],"picked":"Moonworks:EvilMastermind","floor":16},{"not_picked":["Moonworks:Assault","Moonworks:LulusLuckyEgg","Moonworks:CloudOfSeagulls","Moonworks:EvilSpyWorkPreparation","Moonworks:ImOnFire"],"picked":"Moonworks:NicePresent","floor":18},{"not_picked":["Moonworks:CastOff","Moonworks:ImOnFire","Moonworks:Assault","Moonworks:FinalSurgery+1","Moonworks:CloudOfSeagulls"],"picked":"Moonworks:Heat300Percent","floor":19},{"not_picked":["Moonworks:CloudOfSeagulls+1","Moonworks:Assault","Moonworks:BindingChains+1","Moonworks:NicePresent","Moonworks:IndiscriminateFireSupport+1"],"picked":"Moonworks:MeltingMemories","floor":20},{"not_picked":["Moonworks:NicePresent","Moonworks:EvilSpyWorkPreparation","Moonworks:Flamethrower+1","Moonworks:IndiscriminateFireSupport+1","Moonworks:BigMagnum+1"],"picked":"Moonworks:LuckyCharm+1","floor":21},{"not_picked":["Moonworks:BackdoorTrade","Moonworks:EvilSpyWorkPreparation+1","Moonworks:NicePresent+1","Moonworks:DevilHand","Moonworks:LulusLuckyEgg"],"picked":"Moonworks:Dinner","floor":23},{"not_picked":["Moonworks:IndiscriminateFireSupport","Moonworks:Heat300Percent","Moonworks:EvilSpyWorkPreparation+1","Moonworks:SakisCookie+1","Moonworks:WindyEnchantment"],"picked":"Moonworks:PlushieMaster","floor":25},{"not_picked":["Gensokyo:MenInBlack","Gensokyo:SlitMouthedWoman","Gensokyo:Doppelganger","Gensokyo:TekeTeke","Gensokyo:Apocalypse"],"picked":"Gensokyo:GapWoman","floor":28},{"not_picked":["Moonworks:DevilHand+1","Moonworks:ScrambledEve","Moonworks:JonathanRush","Moonworks:LulusLuckyEgg","Moonworks:ImOnFire"],"picked":"Moonworks:CookingTime","floor":29},{"not_picked":["Moonworks:SweetBattle","Moonworks:LulusLuckyEgg","Moonworks:JonathanRush","Moonworks:MiracleRedBeanIceCream","Moonworks:IndiscriminateFireSupport"],"picked":"Moonworks:AnotherUltimateWeapon","floor":30},{"not_picked":["Moonworks:SelfDestruct","Moonworks:IndiscriminateFireSupport+1","Moonworks:DeployBits","Moonworks:JonathanRush","Moonworks:IntelligenceOfficer"],"picked":"Moonworks:AwakeningOfTalent","floor":31},{"not_picked":[],"picked":"Gensokyo:ShootingStar","floor":33},{"not_picked":["Moonworks:AccelHyper","Moonworks:PlushieMaster","Moonworks:HolyNight","Moonworks:Blazing","Moonworks:LeapThroughSpace"],"picked":"Moonworks:ReflectiveShell","floor":33},{"not_picked":["Moonworks:LulusLuckyEgg+1","Moonworks:SweetBattle","Moonworks:MixPhenomenon+1","Moonworks:BindingChains","Moonworks:IndiscriminateFireSupport","Moonworks:SakisCookie"],"picked":"SKIP","floor":35},{"not_picked":["Moonworks:DeployBits+1","Moonworks:NicePresent","Moonworks:ReproductionOfRecords+1","Moonworks:JonathanRush","Moonworks:ScrambledEve+1","Moonworks:IndiscriminateFireSupport"],"picked":"SKIP","floor":37},{"not_picked":["Moonworks:Assault","Moonworks:Bloodlust","Moonworks:EvilSpyWorkPreparation+1","Moonworks:LulusLuckyEgg+1","Moonworks:ExtendedPhotonRifle"],"picked":"Moonworks:RocketCannon","floor":40},{"not_picked":["Moonworks:StiffCrystal+1","Moonworks:ImOnFire+1","Moonworks:SakisCookie+1","Moonworks:JonathanRush+1","Moonworks:WindyEnchantment+1"],"picked":"Moonworks:TreasureThief+1","floor":42},{"not_picked":["Moonworks:BigMagnum+1","Moonworks:TreasureThief","Moonworks:LulusLuckyEgg","Moonworks:DeployBits+1","Moonworks:BackdoorTrade"],"picked":"Moonworks:WindyEnchantment","floor":46},{"not_picked":["Moonworks:EvilSpyWorkPreparation+1","Moonworks:LulusLuckyEgg+1","Moonworks:SakisCookie+1","Moonworks:IndiscriminateFireSupport+1","Moonworks:CastOff","Moonworks:CloudOfSeagulls+1"],"picked":"SKIP","floor":48},{"not_picked":["Moonworks:CloudOfSeagulls+1","Moonworks:SakisCookie","Moonworks:EvilSpyWorkPreparation+1","Moonworks:NicePresent","Moonworks:Heat300Percent"],"picked":"Moonworks:UnpaidWork+1","floor":54}],"player_experience":375565,"relics_obtained":[{"floor":1,"key":"SynthV:TestCard"},{"floor":6,"key":"Bronze Scales"},{"floor":8,"key":"Orichalcum"},{"floor":11,"key":"Pen Nib"},{"floor":23,"key":"War Paint"},{"floor":25,"key":"Letter Opener"},{"floor":26,"key":"Bottled Flame"},{"floor":31,"key":"Mango"},{"floor":40,"key":"Mastiff:ReiMu"},{"floor":43,"key":"Molten Egg 2"},{"floor":46,"key":"Boot"},{"floor":54,"key":"Eternal Feather"}],"event_choices":[],"is_beta":true,"boss_relics":[{"not_picked":["Ectoplasm","Velvet Choker"],"picked":"HereWithMe"},{"not_picked":["Cursed Key","Sozu"],"picked":"PatriotShield"}],"items_purged_floors":[47],"is_endless":false,"potions_floor_spawned":[1,3,11,12,14,16,20,21,29,31,33,35,40,48,54],"killed_by":"The Heart","ascension_level":3}}