{"host":"w8xisjf5mgmfjvmt","time":1613208984,"event":{"mods":["ATMod(°¢èªMod)","BaseMod","BetterRewards","Challenge The Spire","Conspire","Energized Spire","Filter the Spire","Minty Spire (QoL Compilation)","Quarter Circle Forward PUNCH!","Quick Restart","Relic Filter Mod","Relic Stats","Reliquary","Replay The Spire","Say the Spire","Shop Mod","Spicy Shops","StSLib","Thieving Mod","¡¾ÒÅÎï¿¨ÅÆ¡¿REMEMod","óô»ðÖ¸ÄÏ"],"gold_per_floor":[116,116,132,407,431,23,36,36,36],"floor_reached":8,"language":"ZHS","playtime":222,"items_purged":["Regret"],"score":96,"play_id":"1c806c6b-bb8f-4006-85ea-635b6ce798f2","local_time":"20210213173624","is_ascension_mode":true,"campfire_choices":[],"circlet_count":0,"master_deck":["AscendersBane","Strike_B","Strike_B","Strike_B","Strike_B","Defend_B","Defend_B","Defend_B","Defend_B","Zap","Dualcast","AT_FamilyPortrait","DevaForm","Streamline","Coolheaded","Panic Button","AT_EmpoweredMortalDraw","Undo"],"relics":["REME_ComplimentaryCards","AT_ATBox","Snecko Eye","Golden Idol","AT_ImmortalShieldbow"],"acts_visited":["Exordium"],"potions_floor_usage":[],"damage_taken":[{"damage":0.0,"enemies":"Cultist","floor":1.0,"turns":3.0},{"damage":15.0,"enemies":"2 Louse","floor":3.0,"turns":3.0},{"damage":0,"enemies":"Jaw Worm","floor":5,"turns":1},{"damage":10,"enemies":"3 Louse","floor":7,"turns":3},{"damage":6,"enemies":"Gremlin Nob","floor":8,"turns":3}],"seed_played":"-1489569959724516660","potions_obtained":[],"is_trial":false,"path_per_floor":["M","?","M","?","M","R","M","E"],"character_chosen":"DEFECT","items_purchased":["AT_ImmortalShieldbow","AT_EmpoweredMortalDraw"],"campfire_rested":0,"item_purchase_floors":[6,6],"current_hp_per_floor":[64,40,25,25,25,25,19,13,13],"gold":36,"neow_bonus":"BOSS_RELIC","is_daily":false,"chose_seed":false,"campfire_upgraded":0,"win_rate":0.0,"timestamp":1613208984,"path_taken":["M","?","M","?","?","R","M","E"],"items_purchased_type":["Relic","Card"],"build_version":"2020-12-22","purchased_purges":1,"victory":false,"max_hp_per_floor":[71,71,71,71,71,71,71,71,71],"relic_stats":{"counters":[5,13],"Golden Idol":11,"Snecko Eye":[19,29,21,21],"obtain_stats":[{"AT_ImmortalShieldbow":6,"AT_ATBox":0,"Golden Idol":2,"Snecko Eye":0,"Cracked Core":0,"REME_ComplimentaryCards":0},{"AT_ImmortalShieldbow":3,"AT_ATBox":0,"Golden Idol":1,"Snecko Eye":0,"Cracked Core":0,"REME_ComplimentaryCards":0},{"AT_ImmortalShieldbow":7,"AT_ATBox":0,"Golden Idol":3,"Snecko Eye":0,"Cracked Core":0,"REME_ComplimentaryCards":0}]},"card_choices":[{"not_picked":["Chaos","Leap"],"picked":"Streamline","floor":1.0},{"not_picked":["Panic Button","Conserve Battery"],"picked":"Coolheaded","floor":3.0},{"not_picked":["Blizzard","AT_WarpDrive"],"picked":"Panic Button","floor":5},{"not_picked":["Rebound","Hologram"],"picked":"Undo","floor":7}],"player_experience":1356433,"relics_obtained":[],"event_choices":[{"damage_healed":0.0,"max_hp_gain":0.0,"max_hp_loss":0.0,"gold_gain":0.0,"event_name":"Golden Idol","player_choice":"Take Damage","floor":2.0,"gold_loss":0.0,"damage_taken":24.0,"relics_obtained":["Golden Idol"]},{"damage_healed":0.0,"max_hp_gain":0.0,"max_hp_loss":0.0,"gold_gain":275.0,"event_name":"Golden Shrine","player_choice":"Desecrate","floor":4.0,"gold_loss":0.0,"damage_taken":0.0,"cards_obtained":["Regret"]}],"is_beta":false,"boss_relics":[],"items_purged_floors":[6],"is_endless":false,"potions_floor_spawned":[],"killed_by":"Gremlin Nob","ascension_level":20}}