{"host":"x52zk6e1f2bye2h7","time":1613236259,"event":{"mods":["AchievementEnabler","BaseMod","Highlight Path","Minty Spire (QoL Compilation)","everything is the same but u backflip on backflip"],"gold_per_floor":[110,110,110,130,50,83,155,155,155,190,210,210,210,135,135,232,232,248,196,196,215,110,110,143,155,182,197,212,245,245,255,255,351,351,365,375,386,386,402,430,446,88,88,88,107,124,26,43,43,43],"floor_reached":51,"language":"ENG","playtime":4086,"items_purged":["Storm"],"score":713,"play_id":"36bdb616-16f3-457b-84e6-48f9781ba035","local_time":"20210213171059","is_ascension_mode":true,"campfire_choices":[{"data":"Chill","floor":8,"key":"SMITH"},{"data":"Defend_B","floor":13,"key":"SMITH"},{"data":"Lockon","floor":15,"key":"SMITH"},{"data":"Defragment","floor":23,"key":"SMITH"},{"data":"Machine Learning","floor":32,"key":"SMITH"},{"data":"FTL","floor":44,"key":"SMITH"},{"data":"Loop","floor":49,"key":"SMITH"}],"circlet_count":0,"master_deck":["Strike_B","Strike_B","Strike_B+1","Defend_B+1","Defend_B","Defend_B","Defend_B","Zap+1","Dualcast+1","Lockon+1","Chill+1","Conserve Battery+1","Machine Learning+1","Barrage","Gash+1","Gash","Defragment+1","Coolheaded+1","Gash","Sweeping Beam","Cold Snap","Ball Lightning","Fission+1","Hologram+1","Redo+1","Rainbow+1","Compile Driver+1","Stack+1","FTL+1","Consume+1","All For One","Hologram+1","Loop+1","Consume+1"],"relics":["Cracked Core","Calipers","Pantograph","Toxic Egg 2","White Beast Statue","SacredBark","Shuriken","Ice Cream","The Courier","Inserter","Ginger","Gremlin Horn","InkBottle"],"acts_visited":["Exordium","TheCity","TheBeyond"],"potions_floor_usage":[16,16,21,24,25,27,29,29,37,39,40,41,45,50,50],"damage_taken":[{"damage":3,"enemies":"Jaw Worm","floor":1,"turns":3},{"damage":0,"enemies":"Small Slimes","floor":4,"turns":2},{"damage":30,"enemies":"Gremlin Nob","floor":6,"turns":4},{"damage":12,"enemies":"3 Sentries","floor":10,"turns":8},{"damage":0,"enemies":"Cultist","floor":11,"turns":3},{"damage":16,"enemies":"Hexaghost","floor":16,"turns":9},{"damage":6,"enemies":"Spheric Guardian","floor":18,"turns":6},{"damage":21,"enemies":"2 Thieves","floor":21,"turns":4},{"damage":42,"enemies":"Book of Stabbing","floor":24,"turns":6},{"damage":4,"enemies":"Snake Plant","floor":25,"turns":5},{"damage":0,"enemies":"3 Cultists","floor":27,"turns":4},{"damage":3,"enemies":"Shelled Parasite and Fungi","floor":28,"turns":5},{"damage":3,"enemies":"Slavers","floor":29,"turns":6},{"damage":0,"enemies":"Snecko","floor":31,"turns":5},{"damage":53,"enemies":"Automaton","floor":33,"turns":11},{"damage":11,"enemies":"Orb Walker","floor":35,"turns":3},{"damage":23,"enemies":"3 Darklings","floor":36,"turns":5},{"damage":0,"enemies":"Maw","floor":37,"turns":7},{"damage":33,"enemies":"4 Shapes","floor":39,"turns":5},{"damage":19,"enemies":"Giant Head","floor":40,"turns":7},{"damage":23,"enemies":"Spire Growth","floor":41,"turns":6},{"damage":10,"enemies":"Transient","floor":45,"turns":5},{"damage":0,"enemies":"4 Shapes","floor":46,"turns":6},{"damage":0,"enemies":"Sphere and 2 Shapes","floor":48,"turns":5},{"damage":31,"enemies":"Awakened One","floor":50,"turns":8}],"seed_played":"5828958192872637323","potions_obtained":[{"floor":1,"key":"Strength Potion"},{"floor":6,"key":"SteroidPotion"},{"floor":11,"key":"FairyPotion"},{"floor":16,"key":"AttackPotion"},{"floor":18,"key":"Regen Potion"},{"floor":21,"key":"Ancient Potion"},{"floor":24,"key":"Dexterity Potion"},{"floor":25,"key":"DistilledChaos"},{"floor":27,"key":"EssenceOfSteel"},{"floor":28,"key":"Strength Potion"},{"floor":29,"key":"SneckoOil"},{"floor":31,"key":"FairyPotion"},{"floor":33,"key":"Block Potion"},{"floor":35,"key":"FocusPotion"},{"floor":36,"key":"CultistPotion"},{"floor":37,"key":"SpeedPotion"},{"floor":39,"key":"DistilledChaos"},{"floor":40,"key":"Block Potion"},{"floor":41,"key":"Explosive Potion"},{"floor":45,"key":"SmokeBomb"},{"floor":48,"key":"DuplicationPotion"}],"is_trial":false,"path_per_floor":["M","?","?","M","$","E","T","R","T","E","M","?","R","$","R","B",null,"M","$","?","M","$","R","E","M","T","M","M","E","T","M","R","B",null,"M","M","M","?","M","E","M","$","T","R","M","M","$","M","R","B",null],"character_chosen":"DEFECT","items_purchased":["Storm","Barrage","Gash","Defragment","FTL","Gremlin Horn","Regen Potion","EssenceOfDarkness","Hologram+1","Loop"],"campfire_rested":0,"item_purchase_floors":[5,19,22,22,42,42,42,42,47,47],"current_hp_per_floor":[72,57,50,50,50,20,20,20,20,8,8,1,1,1,1,10,75,69,69,55,34,34,34,32,28,28,28,25,22,22,22,22,45,80,69,46,46,46,13,48,25,25,25,25,55,55,55,55,55,49],"gold":43,"neow_bonus":"THREE_CARDS","is_daily":false,"chose_seed":false,"campfire_upgraded":7,"win_rate":0.0,"timestamp":1613236259,"path_taken":["M","?","?","M","$","E","?","R","T","E","M","?","R","$","R","BOSS","M","$","?","M","$","R","E","M","T","M","M","E","?","M","R","BOSS","M","M","M","?","?","E","M","$","T","R","M","M","$","M","R","BOSS"],"items_purchased_type":["Card","Card","Card","Card","Card","Relic","Potion","Potion","Card","Card"],"build_version":"2020-12-22","purchased_purges":1,"victory":true,"max_hp_per_floor":[75,75,75,75,75,75,75,75,75,75,75,75,75,75,75,75,75,75,75,80,80,80,80,80,80,80,80,80,80,80,80,80,80,80,80,80,80,80,80,80,80,80,80,80,80,80,80,80,80,80],"card_choices":[{"not_picked":["Glacier","Darkness"],"picked":"Lockon","floor":0},{"not_picked":["Glacier","Melter","Doom and Gloom"],"picked":"SKIP","floor":1},{"not_picked":["Barrage","Compile Driver","Stack"],"picked":"SKIP","floor":4},{"not_picked":["Hologram","Meteor Strike"],"picked":"Chill","floor":6},{"not_picked":["Storm","Sweeping Beam","Turbo+1"],"picked":"SKIP","floor":10},{"not_picked":["Tempest+1","Steam+1"],"picked":"Conserve Battery+1","floor":11},{"not_picked":["Buffer","All For One"],"picked":"Machine Learning","floor":16},{"not_picked":["Stack+1","Auto Shields+1","Self Repair+1"],"picked":"SKIP","floor":18},{"not_picked":["Darkness+1","Melter"],"picked":"Gash+1","floor":21},{"not_picked":["Echo Form","Steam Power+1"],"picked":"Coolheaded+1","floor":24},{"not_picked":["Darkness+1","Loop"],"picked":"Gash","floor":25},{"not_picked":["Steam+1","Go for the Eyes"],"picked":"Sweeping Beam","floor":27},{"not_picked":["Undo+1","Hologram+1"],"picked":"Cold Snap","floor":28},{"not_picked":["Barrage","Beam Cell","Skim+1"],"picked":"SKIP","floor":29},{"not_picked":["Heatsinks","Rebound+1"],"picked":"Ball Lightning","floor":31},{"not_picked":["Meteor Strike","Amplify+1"],"picked":"Fission+1","floor":33},{"not_picked":["Ball Lightning+1","Fusion+1"],"picked":"Hologram+1","floor":35},{"not_picked":["Beam Cell","Leap+1"],"picked":"Redo+1","floor":36},{"not_picked":["Turbo+1","Go for the Eyes+1"],"picked":"Rainbow+1","floor":37},{"not_picked":["Rebound","Coolheaded+1"],"picked":"Compile Driver+1","floor":39},{"not_picked":["Coolheaded+1","Compile Driver"],"picked":"Stack+1","floor":40},{"not_picked":["Compile Driver","Heatsinks","Lockon"],"picked":"SKIP","floor":41},{"not_picked":["Gash+1","Force Field+1"],"picked":"Consume+1","floor":45},{"not_picked":["Capacitor","Sweeping Beam+1"],"picked":"All For One","floor":46},{"not_picked":["Hologram+1","Reprogram+1"],"picked":"Consume+1","floor":48}],"player_experience":109253,"relics_obtained":[{"floor":6,"key":"Calipers"},{"floor":7,"key":"Pantograph"},{"floor":9,"key":"Toxic Egg 2"},{"floor":10,"key":"White Beast Statue"},{"floor":24,"key":"Shuriken"},{"floor":29,"key":"Ice Cream"},{"floor":30,"key":"The Courier"},{"floor":40,"key":"Ginger"},{"floor":43,"key":"InkBottle"}],"event_choices":[{"damage_healed":0,"gold_gain":0,"player_choice":"Entered Light","damage_taken":15,"max_hp_gain":0,"max_hp_loss":0,"event_name":"Shining Light","floor":2,"gold_loss":0,"cards_upgraded":["Strike_B","Zap"]},{"cards_removed":["Strike_B"],"damage_healed":0,"gold_gain":0,"player_choice":"Card Removal","damage_taken":7,"max_hp_gain":0,"max_hp_loss":0,"event_name":"Golden Wing","floor":3,"gold_loss":0},{"damage_healed":0,"gold_gain":0,"player_choice":"Fled","damage_taken":7,"max_hp_gain":0,"max_hp_loss":0,"event_name":"Scrap Ooze","floor":12,"gold_loss":0},{"damage_healed":0,"gold_gain":0,"player_choice":"Shed Blood","damage_taken":19,"max_hp_gain":5,"max_hp_loss":0,"event_name":"Forgotten Altar","floor":20,"gold_loss":0},{"damage_healed":0,"gold_gain":0,"player_choice":"Forge","damage_taken":0,"max_hp_gain":0,"max_hp_loss":0,"event_name":"Accursed Blacksmith","floor":38,"gold_loss":0,"cards_upgraded":["Dualcast"]}],"is_beta":false,"boss_relics":[{"not_picked":["SlaversCollar","Snecko Eye"],"picked":"SacredBark"},{"not_picked":["FrozenCore","Empty Cage"],"picked":"Inserter"}],"items_purged_floors":[14],"is_endless":false,"potions_floor_spawned":[1,6,11,16,18,21,24,25,27,28,29,31,33,35,36,37,39,40,41,45,46,48],"ascension_level":1}}