{"host":"n5x0e04y88v3omrc","time":1613207885,"event":{"mods":["Aspiration","BaseMod","Colored Powertips","Downfall","Minty Spire (QoL Compilation)","Replay The Spire","Shop Mod","StSLib"],"gold_per_floor":[116,131,56,20,20,32,32,57,57,57,57,67,81,91,91,195,195,209,209,209,227,11,39,39,39,112,139,153,11,61,78,78,181,181,192,192,216,233,107,107,138,138,188,188,523,132,143,161,161,161,161],"floor_reached":50,"language":"ZHS","playtime":4555,"items_purged":["Defend_R","Combust+1","Strike_R+1"],"score":663,"play_id":"8a8fae52-677d-4b3b-92c1-e60cc43b8670","local_time":"20210213171805","is_ascension_mode":false,"campfire_choices":[{"data":"Combust","floor":7.0,"key":"SMITH"},{"floor":10.0,"key":"REST"},{"floor":24.0,"key":"REST"},{"floor":32.0,"key":"REST"},{"floor":40,"key":"REST"},{"floor":49,"key":"REST"}],"circlet_count":0,"master_deck":["Strike_R+1","Strike_R+1","Strike_R+1","Defend_R+1","Defend_R+1","Defend_R+1","Bash+1","Rage","Heavy Blade+1","Battle Trance","Pommel Strike","Clash","Cleave","Pummel","Fiend Fire+1","Blood for Blood","Anger","ReplayTheSpireMod:Strike From Hell","Combust+1","Flex+1","Feel No Pain","Seeing Red+1","Inflame+1","Flex+1","Juggernaut+1","Pommel Strike+1","Headbutt","Seeing Red+1","Flex+1","ReplayTheSpireMod:Muscle Training","Madness","Madness","Blind","Feel No Pain+1","Thinking Ahead+1","Midas Touch+1","Panache+1","Parasite","Flex","Intimidate+1"],"relics":["Burning Blood","NeowsBlessing","aspiration:ChemicalBlood","Golden Egg","Runic Cube","MerchantsRug","Thread and Needle","Replay:Accelerometer","Regal Pillow","Fusion Hammer","Unceasing Top","Replay:Wax Seal","aspiration:HiddenCompartment","ReplayTheSpireMod:ShopPack","Centennial Puzzle"],"acts_visited":["Exordium","TheCity","TheBeyond"],"potions_floor_usage":[35,38,38,41,41,45,45,48,48,50,50,50,50,50],"damage_taken":[{"damage":0.0,"enemies":"Cultist","floor":1.0,"turns":1.0},{"damage":0.0,"enemies":"Small Slimes","floor":2.0,"turns":1.0},{"damage":0.0,"enemies":"2 Louse","floor":6.0,"turns":1.0},{"damage":32.0,"enemies":"Gremlin Nob","floor":8.0,"turns":5.0},{"damage":0.0,"enemies":"Looter","floor":12.0,"turns":3.0},{"damage":5.0,"enemies":"Large Slime","floor":13.0,"turns":4.0},{"damage":6.0,"enemies":"3 Louse","floor":14.0,"turns":2.0},{"damage":3.0,"enemies":"Slime Boss","floor":16.0,"turns":5.0},{"damage":27.0,"enemies":"3 Byrds","floor":18.0,"turns":4.0},{"damage":9.0,"enemies":"Shell Parasite","floor":21.0,"turns":3.0},{"damage":28.0,"enemies":"Gremlin Leader","floor":23.0,"turns":3.0},{"damage":13.0,"enemies":"Replay:Snechameleon","floor":27.0,"turns":3.0},{"damage":6.0,"enemies":"Snecko","floor":28.0,"turns":5.0},{"damage":11.0,"enemies":"Snake Plant","floor":31.0,"turns":3.0},{"damage":45.0,"enemies":"Automaton","floor":33.0,"turns":6.0},{"damage":3,"enemies":"Orb Walker","floor":35,"turns":2},{"damage":38,"enemies":"3 Darklings","floor":38,"turns":3},{"damage":14,"enemies":"Nemesis","floor":41,"turns":3},{"damage":13,"enemies":"Giant Head","floor":45,"turns":6},{"damage":7,"enemies":"Writhing Mass","floor":47,"turns":4},{"damage":19,"enemies":"Spire Growth","floor":48,"turns":3},{"damage":102,"enemies":"Awakened One","floor":50,"turns":4}],"seed_played":"-3167232000145158379","potions_obtained":[{"floor":1.0,"key":"Elixir"},{"floor":2.0,"key":"Strength Potion"},{"floor":8.0,"key":"Explosive Potion"},{"floor":23.0,"key":"ColorlessPotion"},{"floor":27.0,"key":"LifebloodPotion"},{"floor":33.0,"key":"SteroidPotion"},{"floor":38,"key":"AttackPotion"},{"floor":41,"key":"Dexterity Potion"},{"floor":45,"key":"BloodPotion"},{"floor":48,"key":"SpeedPotion"}],"is_trial":false,"path_per_floor":["M","M","$","$","?","M","R","E","T","R","?","M","M","M","R","B",null,"M","?","?","M","$","E","R","?","T","E","M","$","T","M","R","B",null,"M","?","?","M","$","R","E","?","T","?","E","$","M","M","R","B"],"character_chosen":"IRONCLAD","items_purchased":["Heavy Blade+1","MerchantsRug","Combust","Inflame+1","Flex","Seeing Red","Flex","ReplayTheSpireMod:ShopPack","Centennial Puzzle"],"campfire_rested":5,"item_purchase_floors":[4,22,22,29,29,39,39,46,46],"current_hp_per_floor":[80,80,80,80,80,80,80,54,54,78,62,68,69,69,69,72,80,59,59,59,56,56,34,58,58,58,51,51,51,51,46,80,41,80,80,80,80,48,48,80,72,62,62,62,71,71,70,57,80,0,0],"gold":161,"neow_bonus":"THREE_ENEMY_KILL","is_daily":false,"chose_seed":false,"campfire_upgraded":1,"win_rate":0.0,"timestamp":1613207885,"path_taken":["M","M","?","$","?","?","R","E","T","R","?","M","M","M","R","BOSS","M","?","?","M","$","E","R","?","T","E","M","$","?","M","R","BOSS","M","?","?","?","$","R","E","?","T","?","E","$","M","M","R","BOSS"],"items_purchased_type":["Card","Relic","Card","Card","Card","Card","Card","Relic","Relic"],"build_version":"2020-12-22","purchased_purges":3,"victory":false,"max_hp_per_floor":[80,80,80,80,80,80,80,80,80,80,80,80,80,80,80,80,80,80,80,80,80,80,80,80,80,80,80,80,80,80,80,80,80,80,80,80,80,80,80,80,80,80,80,80,80,80,80,80,80,80,80],"card_choices":[{"not_picked":["Body Slam","Heavy Blade"],"picked":"Rage","floor":1.0},{"not_picked":["Shrug It Off","Disarm"],"picked":"Combust","floor":2.0},{"not_picked":["Sever Soul","Replay:Undeath\u0027s Touch"],"picked":"Pommel Strike","floor":6.0},{"not_picked":["Clothesline","Shockwave","Massacre"],"picked":"SKIP","floor":8.0},{"not_picked":["Warcry","Clothesline"],"picked":"Clash","floor":12.0},{"not_picked":["Sword Boomerang","Pommel Strike"],"picked":"Cleave","floor":13.0},{"not_picked":["Iron Wave","Entrench"],"picked":"Pummel","floor":14.0},{"not_picked":["Pommel Strike","Heavy Blade"],"picked":"Blood for Blood","floor":18.0},{"not_picked":["Flex","Run Through"],"picked":"ReplayTheSpireMod:Strike From Hell","floor":21.0},{"not_picked":["Feed","Iron Wave"],"picked":"Flex+1","floor":23.0},{"not_picked":["Clash","Pommel Strike+1"],"picked":"Feel No Pain","floor":27.0},{"not_picked":["Twin Strike","Replay:Many Hands"],"picked":"Seeing Red+1","floor":28.0},{"not_picked":["Perfected Strike","Carnage"],"picked":"Headbutt","floor":31.0},{"not_picked":["Offering","Double Tap"],"picked":"Juggernaut","floor":33.0},{"not_picked":["ReplayTheSpireMod:Strike From Hell","Shrug It Off+1"],"picked":"Pommel Strike+1","floor":35},{"not_picked":["Brutality","Uppercut"],"picked":"Headbutt","floor":37},{"not_picked":["Cleave","ReplayReversal+1","Twin Strike"],"picked":"SKIP","floor":38},{"not_picked":["Warcry","Eclipse"],"picked":"ReplayTheSpireMod:Muscle Training","floor":41},{"not_picked":["ReplayTheSpireMod:Trickstab","Madness"],"picked":"Blind","floor":44},{"not_picked":["Sever Soul+1","Armaments"],"picked":"Feel No Pain+1","floor":45},{"not_picked":["ReplayUltimateDefense","Crow Ritual"],"picked":"Thinking Ahead","floor":46},{"not_picked":["Chrysalis","Swift Strike"],"picked":"Midas Touch","floor":46},{"not_picked":["Panacea","Secret Weapon"],"picked":"Panache","floor":46},{"not_picked":["Dual Wield","ReplayTheSpireMod:Strike From Hell"],"picked":"Flex","floor":47},{"not_picked":["Feel No Pain+1","True Grit+1"],"picked":"Intimidate+1","floor":48}],"player_experience":4911,"relics_obtained":[{"floor":8.0,"key":"aspiration:ChemicalBlood"},{"floor":9.0,"key":"Golden Egg"},{"floor":23.0,"key":"Thread and Needle"},{"floor":26.0,"key":"Replay:Bottled Snecko"},{"floor":27.0,"key":"Replay:Accelerometer"},{"floor":30.0,"key":"Regal Pillow"},{"floor":37,"key":"Unceasing Top"},{"floor":41,"key":"Replay:Wax Seal"},{"floor":43,"key":"aspiration:HiddenCompartment"},{"floor":45,"key":"Old Coin"}],"event_choices":[{"damage_healed":0.0,"max_hp_gain":0.0,"max_hp_loss":0.0,"gold_gain":0.0,"event_name":"Match and Keep!","player_choice":"1 cards matched","floor":5.0,"gold_loss":0.0,"damage_taken":0.0,"cards_obtained":["Battle Trance"]},{"damage_healed":0.0,"max_hp_gain":0.0,"max_hp_loss":0.0,"gold_gain":0.0,"event_name":"Shining Light","player_choice":"Entered Light","floor":11.0,"gold_loss":0.0,"damage_taken":16.0,"cards_upgraded":["Strike_R","Bash"]},{"damage_healed":0.0,"max_hp_gain":0.0,"max_hp_loss":0.0,"gold_gain":0.0,"event_name":"The Library","player_choice":"Read","floor":19.0,"gold_loss":0.0,"damage_taken":0.0,"cards_obtained":["Anger"]},{"damage_healed":0.0,"max_hp_gain":0.0,"max_hp_loss":0.0,"gold_gain":0.0,"event_name":"Ghosts","player_choice":"Ignored","floor":20.0,"gold_loss":0.0,"damage_taken":0.0},{"damage_healed":0.0,"max_hp_gain":0.0,"max_hp_loss":0.0,"gold_gain":0.0,"event_name":"Back to Basics","player_choice":"Simplicity","floor":25.0,"gold_loss":0.0,"damage_taken":0.0,"cards_upgraded":["Strike_R","Strike_R","Strike_R","Defend_R","Defend_R","Defend_R"]},{"cards_removed":["Headbutt"],"damage_healed":0,"gold_gain":0,"player_choice":"Removed Attack","damage_taken":0,"max_hp_gain":0,"max_hp_loss":0,"event_name":"Falling","floor":36,"gold_loss":0},{"damage_healed":0,"gold_gain":0,"player_choice":"Embrace Madness","damage_taken":10,"max_hp_gain":0,"max_hp_loss":0,"event_name":"Winding Halls","floor":42,"gold_loss":0,"cards_obtained":["Madness","Madness"]},{"damage_healed":0,"gold_gain":0,"player_choice":"Memory 1","damage_taken":0,"max_hp_gain":0,"max_hp_loss":0,"event_name":"SensoryStone","floor":44,"gold_loss":0}],"is_beta":false,"boss_relics":[{"not_picked":["Sozu","aspiration:DefectSkillbook"],"picked":"Runic Cube"},{"not_picked":["Velvet Choker","SacredBark"],"picked":"Fusion Hammer"}],"items_purged_floors":[3,29,46],"is_endless":false,"potions_floor_spawned":[1,2,8,23,27,33,41,45,48],"killed_by":"Awakened One","ascension_level":0}}