{"host":"l7l2v2zs4hqku4vk","time":1613217993,"event":{"mods":["Act Like it!","BaseMod","Colored Powertips","Highlight Path","Minty Spire (QoL Compilation)","Replay The Spire","RumiaBox-露米娅的神秘盒子","StSLib","TestMod","The Servant 0.9.4","篝火指南"],"gold_per_floor":[112,112,37,49,49,49,75,75,98,127,144,173,192,211,211,288,288,306,317,267,267,281,315,315,328,328,360,392,431,482,444,444,545,545,577,577,605,605,605,658,701,315,392,433,486,564,564,607,390,432,476,476,268,47,104,130],"floor_reached":57,"language":"ZHS","playtime":7199,"items_purged":["Strike_G","Strike_G","Strike_G","Strike_G","Neutralize","Defend_G","Finisher"],"score":3208,"play_id":"5f2f923a-1da0-4029-8e39-9db729ddf68d","local_time":"20210213200633","is_ascension_mode":true,"campfire_choices":[{"data":"Phantasmal Killer","floor":6,"key":"SMITH"},{"data":"Hidden Blade","floor":8,"key":"SMITH"},{"data":"Accuracy","floor":15,"key":"SMITH"},{"floor":24,"key":"RECALL"},{"data":"Acrobatics","floor":32,"key":"SMITH"}],"circlet_count":0,"master_deck":["AscendersBane","Defend_G","Defend_G","Defend_G","Defend_G","Survivor","Phantasmal Killer+1","Hidden Blade+1","Prepared","Neutralize","Accuracy+1","Blade Dance+1","Footwork+1","Accuracy+1","ReplayTheSpireMod:The Works","Acrobatics+1","Choke","Backflip+1"],"relics":["Ring of the Snake","testmod-TestBox","testmod-ChristmasGift","Smiling Mask","Regal Pillow","Gambling Chip","testmod-BatchProcessingSystem","Enchiridion","Centennial Puzzle","MawBank","Replay:Bandana","testmod-TimeTraveler","testmod-IndustrialRevolution","Guide Book","SSSystem","GodSword3","Happy Flower","Mango","StoneCalendar","Sling","Replay:Rubber Ducky","Orrery","Garlic"],"acts_visited":["Exordium","TheCity","TheBeyond","TheEnding"],"potions_floor_usage":[4,4,7,7,7,7,10,11,12,12,12,12,12,12,12,12,14,16,16,16,16,16,16,19,19,19,22,27,27,27,27,27,29,29,29,29,30,33,33,33,33,33,33,33,33,35,35,35,37,37,37,37,40,40,40,40,40,40,40,40,40,40,40,41,46,46,46,46,48,48,50,50,50,56,56],"damage_taken":[{"damage":1,"enemies":"Small Slimes","floor":1,"turns":3},{"damage":9,"enemies":"2 Louse","floor":4,"turns":5},{"damage":22,"enemies":"3 Sentries","floor":7,"turns":5},{"damage":0,"enemies":"Lagavulin","floor":10,"turns":5},{"damage":11,"enemies":"Cultist","floor":11,"turns":4},{"damage":9,"enemies":"Replay:BlueRogue","floor":12,"turns":6},{"damage":0,"enemies":"3 Louse","floor":13,"turns":3},{"damage":0,"enemies":"Large Slime","floor":14,"turns":2},{"damage":30,"enemies":"Fading Forest","floor":16,"turns":11},{"damage":5,"enemies":"3 Byrds","floor":18,"turns":5},{"damage":0,"enemies":"Shell Parasite","floor":19,"turns":2},{"damage":12,"enemies":"Snake Plant","floor":22,"turns":4},{"damage":17,"enemies":"Slavers","floor":23,"turns":4},{"damage":0,"enemies":"Snecko","floor":25,"turns":5},{"damage":24,"enemies":"Chosen and Byrds","floor":27,"turns":6},{"damage":1,"enemies":"Shelled Parasite and Fungi","floor":28,"turns":3},{"damage":19,"enemies":"Replay:Snechameleon","floor":29,"turns":2},{"damage":0,"enemies":"Snake Plant","floor":30,"turns":2},{"damage":2,"enemies":"Collector","floor":33,"turns":5},{"damage":0,"enemies":"3 Shapes","floor":35,"turns":4},{"damage":0,"enemies":"Orb Walker","floor":37,"turns":1},{"damage":17,"enemies":"Reptomancer","floor":40,"turns":5},{"damage":13,"enemies":"Sphere and 2 Shapes","floor":41,"turns":3},{"damage":0,"enemies":"3 Darklings","floor":44,"turns":2},{"damage":2,"enemies":"Maw","floor":45,"turns":3},{"damage":0,"enemies":"Nemesis","floor":46,"turns":3},{"damage":22,"enemies":"R_Hoarder","floor":48,"turns":7},{"damage":0,"enemies":"Awakened One","floor":50,"turns":5},{"damage":0,"enemies":"Donu and Deca","floor":51,"turns":3},{"damage":0,"enemies":"Shield and Spear","floor":55,"turns":2},{"damage":18,"enemies":"The Heart","floor":56,"turns":6}],"seed_played":"7281265268878775222","potions_obtained":[{"floor":4,"key":"CultistPotion"},{"floor":16,"key":"EntropicBrew"},{"floor":19,"key":"DistilledChaos"},{"floor":27,"key":"PowerPotion"},{"floor":29,"key":"ColorlessPotion"},{"floor":30,"key":"Languid Potion"},{"floor":33,"key":"Adrenaline Potion"},{"floor":37,"key":"GamblersBrew"},{"floor":41,"key":"Weak Potion"},{"floor":48,"key":"Swift Potion"},{"floor":55,"key":"Explosive Potion"}],"is_trial":false,"path_per_floor":["M","?","$","M","?","R","E","R","T","E","M","E","M","M","R","B",null,"M","M","$","?","M","E","R","M","T","M","M","E","M","$","R","B",null,"M","?","M","?","?","E","M","R","T","M","M","E","T","E","R","B","B",null,"R","$","E","B",null],"character_chosen":"THE_SILENT","items_purchased":["Guide Book","SSSystem","Sling","Replay:Rubber Ducky","Orrery"],"campfire_rested":0,"item_purchase_floors":[42,42,49,53,54],"current_hp_per_floor":[61,66,66,62,62,62,56,56,56,60,57,71,71,71,71,71,71,70,71,71,50,49,40,40,46,46,38,45,32,42,42,42,56,67,71,71,71,71,71,58,54,54,54,61,71,71,85,85,85,85,85,85,85,85,85,83],"gold":130,"neow_bonus":"ONE_RANDOM_RARE_CARD","is_daily":false,"chose_seed":false,"campfire_upgraded":4,"win_rate":0.0,"timestamp":1613217993,"path_taken":["M","?","$","M","?","R","E","R","T","E","M","E","M","?","R","BOSS","M","M","$","?","M","E","R","M","T","M","M","E","M","$","R","BOSS","M","?","?","?","?","E","M","R","T","M","?","E","?","E","R","BOSS","BOSS","R","$","E","BOSS"],"items_purchased_type":["Relic","Relic","Relic","Relic","Relic"],"build_version":"2020-12-22","purchased_purges":7,"victory":true,"max_hp_per_floor":[66,71,71,71,71,71,71,71,71,71,71,71,71,71,71,71,71,71,71,71,71,71,71,71,71,71,71,71,71,71,71,71,71,71,71,71,71,71,71,71,71,71,71,71,71,71,85,85,85,85,85,85,85,85,85,85],"card_choices":[{"not_picked":["Flying Knee","Terror"],"picked":"Hidden Blade","floor":1},{"not_picked":["Bane","Caltrops"],"picked":"Prepared","floor":4},{"not_picked":["Prepared","Backflip"],"picked":"Accuracy","floor":7},{"not_picked":["Hidden Blade","Poisoned Stab","Leg Sweep"],"picked":"SKIP","floor":10},{"not_picked":["Hidden Blade","Poisoned Stab","Leg Sweep"],"picked":"SKIP","floor":10},{"not_picked":["Prepared","Hidden Blade","Acrobatics"],"picked":"SKIP","floor":11},{"not_picked":["Deflect","Backflip","Die Die Die"],"picked":"SKIP","floor":12},{"not_picked":["Hidden Blade","Toxin Wave"],"picked":"Blade Dance","floor":13},{"not_picked":["PiercingWail","Outmaneuver"],"picked":"Footwork","floor":14},{"not_picked":["Tactician","Underhanded Strike","PiercingWail"],"picked":"SKIP","floor":18},{"not_picked":["Cloak And Dagger","Backflip","Hidden Blade"],"picked":"SKIP","floor":19},{"not_picked":["Blade Dance","Deflect"],"picked":"Accuracy","floor":22},{"not_picked":["Poisoned Stab","Crippling Poison"],"picked":"ReplayTheSpireMod:The Works","floor":23},{"not_picked":["Slice","PiercingWail","ReplayTheSpireMod:The Works"],"picked":"SKIP","floor":25},{"not_picked":["Setup","Sucker Punch","Slice"],"picked":"SKIP","floor":27},{"not_picked":["Leg Sweep","Dagger Spray"],"picked":"Acrobatics","floor":28},{"not_picked":["Underhanded Strike","Storm of Steel","Heel Hook"],"picked":"SKIP","floor":29},{"not_picked":["Skewer","Cloak And Dagger","Outmaneuver"],"picked":"SKIP","floor":30},{"not_picked":["Hidden Blade","Prepared+1","Draining Mist"],"picked":"SKIP","floor":35},{"not_picked":["Deadly Poison+1","Corpse Explosion","ReplayTheSpireMod:The Works"],"picked":"SKIP","floor":37},{"not_picked":["Masterful Stab","Finisher","Deadly Poison"],"picked":"SKIP","floor":40},{"not_picked":["Backflip+1","Outmaneuver","Quick Slash+1"],"picked":"SKIP","floor":41},{"not_picked":["Fluid Movement","Replay:Poison Smokescreen","Underhanded Strike"],"picked":"SKIP","floor":44},{"not_picked":["Draining Mist","Deadly Poison","PiercingWail"],"picked":"SKIP","floor":45},{"not_picked":["Quick Slash","Poisoned Stab","Cloak And Dagger"],"picked":"SKIP","floor":46},{"not_picked":["Flying Knee","Phantasmal Killer"],"picked":"Finisher","floor":48},{"not_picked":["Deadly Poison","Sneak Up"],"picked":"Choke","floor":54},{"not_picked":["Bane","Sucker Punch"],"picked":"Backflip+1","floor":55}],"player_experience":1758700,"relics_obtained":[{"floor":7,"key":"Smiling Mask"},{"floor":10,"key":"Regal Pillow"},{"floor":12,"key":"Gambling Chip"},{"floor":21,"key":"Enchiridion"},{"floor":23,"key":"Centennial Puzzle"},{"floor":26,"key":"MawBank"},{"floor":29,"key":"Replay:Bandana"},{"floor":40,"key":"testmod-IndustrialRevolution"},{"floor":43,"key":"GodSword3"},{"floor":46,"key":"Happy Flower"},{"floor":47,"key":"Mango"},{"floor":48,"key":"StoneCalendar"},{"floor":55,"key":"Garlic"}],"event_choices":[{"damage_healed":0,"gold_gain":0,"player_choice":"Donut","damage_taken":0,"max_hp_gain":5,"max_hp_loss":0,"event_name":"Big Fish","floor":2,"gold_loss":0},{"damage_healed":0,"gold_gain":0,"player_choice":"1 cards matched","damage_taken":0,"max_hp_gain":0,"max_hp_loss":0,"event_name":"Match and Keep!","floor":5,"gold_loss":0,"cards_obtained":["Neutralize"]},{"damage_healed":0,"gold_gain":0,"player_choice":"Obtained Book","damage_taken":21,"max_hp_gain":0,"max_hp_loss":0,"event_name":"Cursed Tome","floor":21,"gold_loss":0},{"damage_healed":0,"gold_gain":0,"player_choice":"Upgraded","damage_taken":0,"max_hp_gain":0,"max_hp_loss":0,"event_name":"Upgrade Shrine","floor":36,"gold_loss":0,"cards_upgraded":["Blade Dance"]},{"cards_removed":["Strike_G"],"damage_healed":0,"gold_gain":0,"player_choice":"Removed Attack","damage_taken":0,"max_hp_gain":0,"max_hp_loss":0,"event_name":"Falling","floor":38,"gold_loss":0},{"damage_healed":0,"gold_gain":0,"player_choice":"Ignored","damage_taken":0,"max_hp_gain":0,"max_hp_loss":0,"event_name":"Duplicator","floor":39,"gold_loss":0}],"is_beta":false,"boss_relics":[{"not_picked":["testmod-Nine","HoveringKite"],"picked":"testmod-BatchProcessingSystem"},{"not_picked":["Ring of Chaos","Abe\u0027s Treasure"],"picked":"testmod-TimeTraveler"}],"items_purged_floors":[3,20,31,42,49,53,54],"is_endless":false,"potions_floor_spawned":[4,12,13,16,19,27,29,30,33,37,41,48,55],"ascension_level":20}}