{"host":"77zln4ypx3njw523","time":1613248179,"event":{"mods":["AchievementEnabler","BaseMod","Better Altar","Better Match","Better Note","Better Sensory Stone","Better Skull","Better Third Choice","Colored Powertips","Highlight Path","Minty Spire (QoL Compilation)","StSLib"],"gold_per_floor":[13,24,39,93,109,136,136,136,214,247,247,274,305,351,363,479,491,519,531,71,71,87,87,101,112,138,63,63,63],"floor_reached":28,"language":"ENG","playtime":1043,"items_purged":["Strike_G+1"],"score":443,"play_id":"323ab5cf-bf33-4d13-b798-5cb2b63e602a","local_time":"20210213172939","is_ascension_mode":true,"campfire_choices":[{"floor":7,"key":"REST"},{"data":"Noxious Fumes","floor":11,"key":"SMITH"},{"floor":15,"key":"REST"},{"data":"Noxious Fumes","floor":23,"key":"SMITH"}],"circlet_count":0,"master_deck":["Defend_G","Defend_G","Defend_G","Defend_G","Defend_G","Survivor","Neutralize","Noxious Fumes+1","Bouncing Flask","Crippling Poison","Footwork","Poisoned Stab","Poisoned Stab","Noxious Fumes+1","Poisoned Stab","Blur","Poisoned Stab","Corpse Explosion","Corpse Explosion","Calculated Gamble","Sadistic Nature","Backflip+1","Dodge and Roll","Prepared","Prepared"],"relics":["Ring of the Snake","Prayer Wheel","Whetstone","Regal Pillow","Mercury Hourglass","Bag of Preparation","MawBank","Unceasing Top","Philosopher\u0027s Stone","The Specimen","Toy Ornithopter"],"acts_visited":["Exordium","TheCity"],"potions_floor_usage":[5,12,12,16,28],"damage_taken":[{"damage":1,"enemies":"Cultist","floor":1,"turns":4},{"damage":0,"enemies":"Small Slimes","floor":2,"turns":3},{"damage":4,"enemies":"Jaw Worm","floor":3,"turns":6},{"damage":4,"enemies":"Looter","floor":5,"turns":3},{"damage":30,"enemies":"3 Sentries","floor":6,"turns":8},{"damage":23,"enemies":"Gremlin Nob","floor":10,"turns":4},{"damage":0,"enemies":"3 Sentries","floor":12,"turns":5},{"damage":3,"enemies":"Large Slime","floor":13,"turns":4},{"damage":19,"enemies":"Gremlin Nob","floor":14,"turns":4},{"damage":0,"enemies":"Slime Boss","floor":16,"turns":6},{"damage":16,"enemies":"3 Byrds","floor":18,"turns":3},{"damage":8,"enemies":"2 Thieves","floor":22,"turns":4},{"damage":4,"enemies":"Cultist and Chosen","floor":24,"turns":3},{"damage":13,"enemies":"Centurion and Healer","floor":25,"turns":3},{"damage":36,"enemies":"Slavers","floor":28,"turns":2}],"seed_played":"8964199955933135974","potions_obtained":[{"floor":1,"key":"Ancient Potion"},{"floor":2,"key":"Poison Potion"},{"floor":6,"key":"Energy Potion"},{"floor":10,"key":"Swift Potion"},{"floor":13,"key":"Swift Potion"},{"floor":25,"key":"SteroidPotion"}],"is_trial":false,"path_per_floor":["M","M","M","T","M","E","R","?","T","E","R","E","M","E","R","B",null,"M","?","$","?","M","R","M","M","T","$","E"],"character_chosen":"THE_SILENT","items_purchased":["The Specimen","Sadistic Nature"],"campfire_rested":2,"item_purchase_floors":[20,20],"current_hp_per_floor":[69,69,65,65,61,31,67,67,67,44,44,44,41,22,58,58,70,54,54,54,54,46,46,42,29,29,29,0,0],"gold":63,"neow_bonus":"ONE_RARE_RELIC","is_daily":false,"chose_seed":false,"campfire_upgraded":2,"win_rate":0.0,"timestamp":1613248179,"path_taken":["M","?","M","?","M","E","R","?","T","E","R","E","?","E","R","BOSS","M","?","$","?","?","R","M","M","T","$","E"],"items_purchased_type":["Relic","Card"],"build_version":"2020-12-22","purchased_purges":1,"victory":false,"max_hp_per_floor":[70,70,70,70,70,70,70,70,70,70,70,70,70,70,70,70,70,70,70,70,70,70,70,70,70,70,70,70,70],"card_choices":[{"not_picked":["Escape Plan","Underhanded Strike"],"picked":"Noxious Fumes","floor":1},{"not_picked":["Calculated Gamble","Cloak And Dagger","Expertise"],"picked":"SKIP","floor":1},{"not_picked":["All Out Attack","Deflect"],"picked":"Bouncing Flask","floor":2},{"not_picked":["Bullet Time","Terror"],"picked":"Crippling Poison","floor":2},{"not_picked":["Crippling Poison","Deflect"],"picked":"Footwork","floor":3},{"not_picked":["Choke","Skewer","Cloak And Dagger"],"picked":"SKIP","floor":3},{"not_picked":["PiercingWail","Reflex"],"picked":"Poisoned Stab","floor":5},{"not_picked":["Outmaneuver","Endless Agony"],"picked":"Poisoned Stab","floor":5},{"not_picked":["Outmaneuver","All Out Attack","Skewer"],"picked":"SKIP","floor":6},{"not_picked":["Slice","Night Terror"],"picked":"Poisoned Stab","floor":10},{"not_picked":["Flying Knee","Finisher","Slice"],"picked":"SKIP","floor":12},{"not_picked":["Crippling Poison","Infinite Blades"],"picked":"Blur","floor":13},{"not_picked":["Outmaneuver","Tactician","Dagger Spray"],"picked":"SKIP","floor":13},{"not_picked":["Caltrops","Deadly Poison"],"picked":"Poisoned Stab","floor":14},{"not_picked":["Night Terror","After Image"],"picked":"Corpse Explosion","floor":16},{"not_picked":["Bane","Finisher","Quick Slash"],"picked":"SKIP","floor":18},{"not_picked":["Slice+1","Dagger Throw","Sucker Punch"],"picked":"SKIP","floor":18},{"not_picked":["Predator","Escape Plan"],"picked":"Backflip+1","floor":22},{"not_picked":["Underhanded Strike+1","Cloak And Dagger","Outmaneuver"],"picked":"SKIP","floor":22},{"not_picked":["Choke","Dagger Throw"],"picked":"Dodge and Roll","floor":24},{"not_picked":["Expertise","Backstab"],"picked":"Prepared","floor":24},{"not_picked":["Bane","Outmaneuver"],"picked":"Prepared","floor":25},{"not_picked":["Cloak And Dagger","Dagger Spray+1","Setup"],"picked":"SKIP","floor":25}],"player_experience":162926,"relics_obtained":[{"floor":4,"key":"Whetstone"},{"floor":6,"key":"Regal Pillow"},{"floor":9,"key":"Mercury Hourglass"},{"floor":10,"key":"Bag of Preparation"},{"floor":12,"key":"MawBank"},{"floor":14,"key":"Unceasing Top"},{"floor":26,"key":"Toy Ornithopter"}],"event_choices":[{"damage_healed":0,"gold_gain":0,"cards_transformed":["Strike_G"],"player_choice":"Transformed","damage_taken":0,"max_hp_gain":0,"max_hp_loss":0,"event_name":"Transmorgrifier","floor":8,"gold_loss":0,"cards_obtained":["Noxious Fumes"]},{"damage_healed":0,"gold_gain":0,"cards_transformed":["Strike_G","Strike_G"],"player_choice":"Became Test Subject","damage_taken":0,"max_hp_gain":0,"max_hp_loss":0,"event_name":"Drug Dealer","floor":19,"gold_loss":0,"cards_obtained":["Corpse Explosion","Calculated Gamble"]},{"cards_removed":["Strike_G"],"damage_healed":0,"gold_gain":0,"player_choice":"Purged","damage_taken":0,"max_hp_gain":0,"max_hp_loss":0,"event_name":"Purifier","floor":21,"gold_loss":0}],"is_beta":false,"boss_relics":[{"not_picked":["Fusion Hammer","Snecko Eye"],"picked":"Philosopher\u0027s Stone"}],"items_purged_floors":[27],"is_endless":false,"potions_floor_spawned":[1,2,6,10,13,25],"killed_by":"Slavers","ascension_level":4}}