{"host":"pj7egx7jkoz18hom","time":1613185274,"event":{"mods":["AchievementEnabler","BaseMod","Keyboard Shortcuts","Minty Spire (QoL Compilation)","SuperFastMode"],"gold_per_floor":[114,131,147,198,373,407,98,98,98,24,24,38,38,51,51,156,156,168,168,93,93,93,93,93],"floor_reached":23,"language":"KOR","playtime":940,"items_purged":["Strike_G"],"score":187,"play_id":"688b7416-938f-4878-981f-4ed806c2b61e","local_time":"20210213120114","is_ascension_mode":false,"campfire_choices":[{"data":"Poisoned Stab","floor":8.0,"key":"SMITH"},{"data":"Noxious Fumes","floor":13,"key":"SMITH"},{"floor":15,"key":"REST"}],"circlet_count":0,"master_deck":["Strike_G","Strike_G","Strike_G","Strike_G","Defend_G","Defend_G","Defend_G","Defend_G","Survivor","Neutralize","Poisoned Stab+1","Noxious Fumes","Flying Knee","Doubt","Noxious Fumes+1","Blur","Die Die Die","Slice","Footwork","Deadly Poison"],"relics":["Ring of the Snake","NeowsBlessing","Ancient Tea Set","Letter Opener","HandDrill","Ornamental Fan","SlaversCollar"],"acts_visited":["Exordium","TheCity"],"potions_floor_usage":[16,18],"damage_taken":[{"damage":0.0,"enemies":"Cultist","floor":1.0,"turns":1.0},{"damage":0.0,"enemies":"Jaw Worm","floor":2.0,"turns":1.0},{"damage":0.0,"enemies":"Small Slimes","floor":3.0,"turns":1.0},{"damage":26.0,"enemies":"Lagavulin","floor":6.0,"turns":6.0},{"damage":3,"enemies":"Red Slaver","floor":12,"turns":4},{"damage":9,"enemies":"Large Slime","floor":14,"turns":5},{"damage":22,"enemies":"The Guardian","floor":16,"turns":9},{"damage":37,"enemies":"2 Thieves","floor":18,"turns":5},{"damage":25,"enemies":"Book of Stabbing","floor":23,"turns":4}],"seed_played":"8878375731972534370","potions_obtained":[{"floor":2.0,"key":"CunningPotion"},{"floor":3.0,"key":"GamblersBrew"},{"floor":6.0,"key":"CultistPotion"}],"is_trial":false,"path_per_floor":["M","M","M","T","?","E","$","R","T","$","?","M","R","M","R","B",null,"M","?","?","?","?","E"],"character_chosen":"THE_SILENT","items_purchased":["HandDrill","Noxious Fumes","Blur"],"campfire_rested":1,"item_purchase_floors":[7,7,10],"current_hp_per_floor":[70,70,70,70,70,44,44,44,44,44,44,41,41,32,53,31,70,33,33,33,33,20,0,0],"gold":93,"neow_bonus":"THREE_ENEMY_KILL","is_daily":false,"chose_seed":false,"campfire_upgraded":2,"win_rate":0.0,"timestamp":1613185274,"path_taken":["M","M","M","?","?","E","$","R","T","$","?","?","R","M","R","BOSS","M","?","?","?","?","E"],"items_purchased_type":["Relic","Card","Card"],"build_version":"2020-12-22","purchased_purges":1,"victory":false,"max_hp_per_floor":[70,70,70,70,70,70,70,70,70,70,70,70,70,70,70,70,70,70,70,70,70,75,75,75],"card_choices":[{"not_picked":["PiercingWail","Predator"],"picked":"Poisoned Stab","floor":1.0},{"not_picked":["All Out Attack","Crippling Poison"],"picked":"Noxious Fumes","floor":2.0},{"not_picked":["Endless Agony","Skewer"],"picked":"Flying Knee","floor":3.0},{"not_picked":["Riddle With Holes","Heel Hook","Bullet Time"],"picked":"SKIP","floor":6.0},{"not_picked":["Underhanded Strike","Flying Knee","Leg Sweep"],"picked":"SKIP","floor":12},{"not_picked":["Poisoned Stab","Prepared"],"picked":"Footwork","floor":14},{"not_picked":["Slice","Endless Agony","Eviscerate"],"picked":"SKIP","floor":18}],"player_experience":18549,"relics_obtained":[{"floor":4.0,"key":"Ancient Tea Set"},{"floor":6.0,"key":"Letter Opener"},{"floor":9.0,"key":"Ornamental Fan"}],"event_choices":[{"damage_healed":0.0,"max_hp_gain":0.0,"max_hp_loss":0.0,"gold_gain":175.0,"event_name":"Liars Game","player_choice":"AGREE","floor":5.0,"gold_loss":0.0,"damage_taken":0.0,"cards_obtained":["Doubt"]},{"damage_healed":0,"gold_gain":0,"player_choice":"2 cards matched","damage_taken":0,"max_hp_gain":0,"max_hp_loss":0,"event_name":"Match and Keep!","floor":11,"gold_loss":0,"cards_obtained":["Die Die Die","Slice"]},{"damage_healed":0,"gold_gain":0,"player_choice":"Read","damage_taken":0,"max_hp_gain":0,"max_hp_loss":0,"event_name":"The Library","floor":19,"gold_loss":0,"cards_obtained":["Deadly Poison"]},{"cards_removed":["Defend_G"],"damage_healed":0,"gold_gain":0,"player_choice":"Gave Gold","damage_taken":0,"max_hp_gain":0,"max_hp_loss":0,"event_name":"Beggar","floor":20,"gold_loss":75},{"damage_healed":0,"gold_gain":0,"player_choice":"Ignored","damage_taken":0,"max_hp_gain":0,"max_hp_loss":0,"event_name":"Ghosts","floor":21,"gold_loss":0},{"damage_healed":0,"gold_gain":0,"player_choice":"Shed Blood","damage_taken":18,"max_hp_gain":5,"max_hp_loss":0,"event_name":"Forgotten Altar","floor":22,"gold_loss":0}],"is_beta":false,"boss_relics":[{"not_picked":["Runic Pyramid","Fusion Hammer"],"picked":"SlaversCollar"}],"items_purged_floors":[7],"is_endless":false,"potions_floor_spawned":[2,3,6],"killed_by":"Book of Stabbing","ascension_level":0}}