{"host":"1hw3ks68c0zl1mxv","time":1613195010,"event":{"mods":["2.2 Compatiblity","Act Like it!","Aspiration","BaseMod","Beaked The Cultist","BetterRewards","Colored Map","Colored Powertips","Conspire","Downfall","Energized Spire","GungeonMod","Halation","Hallownest","Hubris","Infinite Spire","Marisa????????","Mimic Mod","Minty Spire (QoL Compilation)","Quick Restart","Replay The Spire","Shop Mod","StSLib","The Bug Knight","The Construct","The Elementalist","The Necromancer","The Saiyan","The Servant 0.9.4","TheHero"],"gold_per_floor":[114,114,129,141,157,157,175,175,227,260,260,260,271,311,311,408,408,380,380,380,394,405,405,415,415,449,499,499,513,541,561,561,693,693,750,750,812,880,162,162,203,203,253,353,390,427,427,469,469,469],"floor_reached":51,"language":"ENG","playtime":2900,"items_purged":["Strike_R"],"score":1101,"play_id":"ca95ff46-bcff-4ea2-904e-4521d4c3ff5f","local_time":"20210212224330","is_ascension_mode":false,"campfire_choices":[{"floor":6.0,"key":"REST"},{"data":"Armaments","floor":12.0,"key":"SMITH"},{"data":"Entrench","floor":15.0,"key":"SMITH"},{"data":"Body Slam","floor":23,"key":"SMITH"},{"data":"Berserk","floor":25,"key":"SMITH"},{"data":"Metallicize","floor":32,"key":"SMITH"},{"data":"ReplayReversal","floor":40,"key":"SMITH"},{"data":"Metallicize","floor":42,"key":"SMITH"},{"data":"Juggernaut","floor":47,"key":"SMITH"},{"data":"Ghostly Armor","floor":49,"key":"SMITH"}],"circlet_count":0,"master_deck":["Strike_R","Strike_R","Strike_R+1","Defend_R","Defend_R","Defend_R","Defend_R","Bash","Metallicize+1","Heavy Blade","Heavy Blade+1","Entrench+1","Barricade","Ghostly Armor+1","Armaments+1","Metallicize+1","Body Slam+1","Shockwave+1","Berserk+1","Juggernaut+1","Double Tap","ReplayReversal+1"],"relics":["Burning Blood","Paper Frog","Lantern","Oddly Smooth Stone","MerchantsRug","hubris:ToyBattleship","Boot","Pear","Replay:Rubber Ducky","HollowMod:StagPassRelic","ReplayFunnel","infinitespire:Bottled Soul","SacredBark","Pocketwatch","Bronze Scales","Ooze Armor","conspire:TopHat","infinitespire:EvilPickle","Busted Crown","hubris:Zylophone","Another Sword","Whetstone","infinitespire:Satchel"],"acts_visited":["Exordium","TheCity","TheBeyond"],"potions_floor_usage":[22,22,50,50,50],"damage_taken":[{"damage":4.0,"enemies":"Small Slimes","floor":1.0,"turns":4.0},{"damage":0.0,"enemies":"Cultist","floor":3.0,"turns":4.0},{"damage":10.0,"enemies":"Jaw Worm","floor":4.0,"turns":2.0},{"damage":16.0,"enemies":"Exordium Thugs","floor":5.0,"turns":8.0},{"damage":0.0,"enemies":"Lots of Slimes","floor":7.0,"turns":7.0},{"damage":0.0,"enemies":"HollowMod:MossKnight","floor":10.0,"turns":17.0},{"damage":0.0,"enemies":"conspire:2 RoseBushes","floor":13.0,"turns":8.0},{"damage":0.0,"enemies":"Large Slime","floor":14.0,"turns":21.0},{"damage":10.0,"enemies":"Hexaghost","floor":16.0,"turns":20.0},{"damage":30.0,"enemies":"2 Thieves","floor":18.0,"turns":5.0},{"damage":0.0,"enemies":"Cultist and Chosen","floor":21.0,"turns":8.0},{"damage":0,"enemies":"3 Cultists","floor":22,"turns":7},{"damage":5,"enemies":"Chosen and Byrds","floor":24,"turns":9},{"damage":0,"enemies":"Sentry and Sphere","floor":26,"turns":11},{"damage":0,"enemies":"Sentry and Sphere","floor":29,"turns":8},{"damage":3,"enemies":"Book of Stabbing","floor":30,"turns":8},{"damage":5,"enemies":"Snake Plant","floor":31,"turns":4},{"damage":3,"enemies":"Pondfish","floor":33,"turns":8},{"damage":33,"enemies":"3 Darklings","floor":35,"turns":6},{"damage":0,"enemies":"3 Shapes","floor":37,"turns":5},{"damage":0,"enemies":"Writhing Mass","floor":38,"turns":4},{"damage":0,"enemies":"R_Hoarder","floor":41,"turns":6},{"damage":0,"enemies":"Spire Growth","floor":45,"turns":4},{"damage":0,"enemies":"4 Shapes","floor":46,"turns":4},{"damage":0,"enemies":"Sphere and 2 Shapes","floor":48,"turns":4},{"damage":12,"enemies":"Replay:Hell Engine","floor":50,"turns":4}],"seed_played":"4898992177509509775","potions_obtained":[{"floor":1.0,"key":"Milkshake"},{"floor":10.0,"key":"sneckomod:MuddlingPotion"},{"floor":13.0,"key":"Strength Potion"},{"floor":21.0,"key":"Swift Potion"},{"floor":29,"key":"sneckomod:MuddlingPotion"},{"floor":30,"key":"SkillPotion"},{"floor":35,"key":"Weak Potion"},{"floor":41,"key":"champ:CounterPotion"}],"is_trial":false,"path_per_floor":["M","?","M","M","M","R","M","?","T","E","$","R","M","MIM","R","B",null,"M","?","?","M","M","R","M","R","MIM","T","AVR","M","E","M","R","B",null,"M","?","M","M","$","R","E","R","T","?","M","M","R","M","R","B",null],"character_chosen":"IRONCLAD","items_purchased":["Paper Frog","Metallicize","Lantern","Oddly Smooth Stone","Heavy Blade","MerchantsRug","Replay:Rubber Ducky","HollowMod:StagPassRelic","ReplayFunnel","hubris:Zylophone","Another Sword","EssenceOfSteel"],"campfire_rested":1,"item_purchase_floors":[0,0,0,0,0,0,11,11,11,39,39,39],"current_hp_per_floor":[49,49,55,51,41,65,71,64,64,80,44,44,50,56,56,52,90,66,66,66,72,78,78,79,79,85,85,85,90,90,90,90,90,90,63,100,100,100,100,100,100,100,100,100,100,100,100,100,100,94],"gold":469,"neow_bonus":"","is_daily":false,"chose_seed":false,"campfire_upgraded":9,"win_rate":0.0,"timestamp":1613195010,"path_taken":["M","?","?","M","M","R","M","?","T","E","?","R","M","?","R","BOSS","M","?","?","?","M","R","M","R","MIM","?","AVR","M","E","M","R","BOSS","M","?","?","M","$","R","E","R","T","?","M","M","R","M","R","BOSS"],"items_purchased_type":["Relic","Card","Relic","Relic","Card","Relic","Relic","Relic","Relic","Relic","Relic","Potion"],"build_version":"2020-12-22","purchased_purges":1,"victory":true,"max_hp_per_floor":[80,80,80,80,80,80,80,80,80,90,90,90,90,90,90,90,90,90,90,90,90,90,90,90,90,90,90,90,90,90,90,90,90,90,90,100,100,100,100,100,100,100,100,100,100,100,100,100,100,100],"card_choices":[{"not_picked":["Thunderclap","Sword Boomerang"],"picked":"Entrench","floor":1.0},{"not_picked":["Evolve","Pommel Strike","Abandon"],"picked":"SKIP","floor":3.0},{"not_picked":["Havoc","Iron Wave"],"picked":"Barricade","floor":4.0},{"not_picked":["Rupture","Whirlwind","Twin Strike"],"picked":"SKIP","floor":5.0},{"not_picked":["Feel No Pain","Wild Strike"],"picked":"Ghostly Armor","floor":7.0},{"not_picked":["Fiend Fire","ReplayTheSpireMod:Muscle Training"],"picked":"Armaments","floor":10.0},{"not_picked":["Flex","Run Through"],"picked":"Metallicize","floor":13.0},{"not_picked":["Replay:Many Hands","Immolate"],"picked":"Limit Break","floor":16.0},{"not_picked":["Flex","Shrug It Off"],"picked":"Body Slam","floor":18.0},{"not_picked":["Feel No Pain","Power Through"],"picked":"Shockwave+1","floor":21.0},{"not_picked":["Sword Boomerang","Havoc"],"picked":"Berserk","floor":22},{"not_picked":["Intimidate","Battle Trance","hubris:ReadiedAction"],"picked":"SKIP","floor":24},{"not_picked":["ReplayTheSpireMod:Strike From Hell","Rage","Flame Barrier"],"picked":"SKIP","floor":29},{"not_picked":["Wild Strike","Havoc"],"picked":"Juggernaut","floor":30},{"not_picked":["Shrug It Off","Searing Blow","hubris:ReadiedAction"],"picked":"SKIP","floor":31},{"not_picked":["Exhume","Bludgeon"],"picked":"Double Tap","floor":33},{"not_picked":["Second Wind+1"],"picked":"SKIP","floor":35},{"not_picked":["DemoMod:BlackBlade+1"],"picked":"SKIP","floor":37},{"not_picked":["ReplayReversal"],"picked":"SKIP","floor":38},{"not_picked":[],"picked":"ReplayReversal","floor":38},{"not_picked":["hubris:CleavingFinish+1"],"picked":"SKIP","floor":41},{"not_picked":["Headbutt+1"],"picked":"SKIP","floor":45},{"not_picked":["DemoMod:WhiteBlade"],"picked":"SKIP","floor":46},{"not_picked":["Warcry+1"],"picked":"SKIP","floor":48}],"player_experience":1581908,"relics_obtained":[{"floor":9.0,"key":"Boot"},{"floor":10.0,"key":"Pear"},{"floor":14.0,"key":"infinitespire:Bottled Soul"},{"floor":26,"key":"Pocketwatch"},{"floor":27,"key":"Bronze Scales"},{"floor":30,"key":"conspire:TopHat"},{"floor":41,"key":"Whetstone"},{"floor":43,"key":"infinitespire:Satchel"}],"event_choices":[{"damage_healed":0.0,"max_hp_gain":0.0,"max_hp_loss":0.0,"gold_gain":0.0,"event_name":"The Woman in Blue","player_choice":"Bought 0 Potions","floor":2.0,"gold_loss":0.0,"damage_taken":0.0},{"damage_healed":0.0,"max_hp_gain":0.0,"max_hp_loss":0.0,"gold_gain":0.0,"event_name":"Scrap Ooze","player_choice":"Success","floor":8.0,"gold_loss":0.0,"damage_taken":7.0,"relics_obtained":["hubris:ToyBattleship"]},{"damage_healed":0.0,"max_hp_gain":0.0,"max_hp_loss":0.0,"gold_gain":0.0,"event_name":"Vampires","player_choice":"Ignored","floor":19.0,"gold_loss":0.0,"damage_taken":0.0},{"cards_removed":["Strike_R"],"damage_healed":0.0,"max_hp_gain":0.0,"max_hp_loss":0.0,"gold_gain":0.0,"event_name":"Purifier","player_choice":"Purged","floor":20.0,"gold_loss":0.0,"damage_taken":0.0},{"cards_removed":["Limit Break"],"damage_healed":27,"gold_gain":0,"player_choice":"Offered Rare","damage_taken":0,"max_hp_gain":10,"max_hp_loss":0,"event_name":"Bonfire Elementals","floor":36,"gold_loss":0},{"damage_healed":0,"gold_gain":100,"player_choice":"Pray","damage_taken":0,"max_hp_gain":0,"max_hp_loss":0,"event_name":"Golden Shrine","floor":44,"gold_loss":0}],"is_beta":false,"boss_relics":[{"not_picked":["aspiration:ServantSkillbook","aspiration:PoetsPen_weak"],"picked":"SacredBark"},{"not_picked":["hubris:HollowSoul","Tiny House"],"picked":"Busted Crown"}],"items_purged_floors":[39],"is_endless":false,"potions_floor_spawned":[1,10,13,21,29,30,35,41,45],"ascension_level":0}}