{"host":"q393yg6r5o2yq652","time":1613184294,"event":{"mods":["BaseMod","Colored Map","Minty Spire (QoL Compilation)","Relic Stats","everything is the same but u backflip on backflip"],"gold_per_floor":[14,14,14,35,35,68,68,103,103,143,93,114,114,135,135,259,259,284,284,298,298,316,316,336,60,87,87,123,146,146,146],"floor_reached":30,"language":"ENG","playtime":1631,"items_purged":["Consume"],"score":346,"play_id":"7d91b99c-81c1-4790-b157-388792b99a08","local_time":"20210212214454","is_ascension_mode":true,"campfire_choices":[{"data":"Streamline","floor":7,"key":"SMITH"},{"data":"Zap","floor":15,"key":"SMITH"},{"data":"Coolheaded","floor":23,"key":"SMITH"}],"circlet_count":0,"master_deck":["Defend_B+1","Defend_B+1","Defend_B","Zap+1","Dualcast","White Noise+1","Beam Cell","Streamline+1","Heatsinks","Static Discharge+1","Electrodynamics+1","Chaos+1","Sunder+1","Force Field+1","Hologram","Defragment+1","Consume","Coolheaded+1","Chill","Loop+1","Good Instincts","Thunder Strike","Leap"],"relics":["Cracked Core","FossilizedHelix","Golden Idol","Pear","Toy Ornithopter","Singing Bowl","Frozen Egg 2","Astrolabe","Spirit Poop","Lantern","War Paint"],"acts_visited":["Exordium","TheCity"],"potions_floor_usage":[12,28],"damage_taken":[{"damage":0,"enemies":"Small Slimes","floor":1,"turns":3},{"damage":0,"enemies":"2 Louse","floor":4,"turns":2},{"damage":20,"enemies":"Lagavulin","floor":6,"turns":5},{"damage":21,"enemies":"3 Sentries","floor":8,"turns":8},{"damage":20,"enemies":"Lagavulin","floor":10,"turns":5},{"damage":0,"enemies":"Jaw Worm","floor":12,"turns":2},{"damage":0,"enemies":"3 Louse","floor":14,"turns":2},{"damage":32,"enemies":"The Guardian","floor":16,"turns":9},{"damage":6,"enemies":"Chosen","floor":18,"turns":3},{"damage":0,"enemies":"3 Byrds","floor":20,"turns":1},{"damage":26,"enemies":"Shelled Parasite and Fungi","floor":22,"turns":4},{"damage":22,"enemies":"Centurion and Healer","floor":24,"turns":4},{"damage":43,"enemies":"Slavers","floor":28,"turns":5},{"damage":0,"enemies":"Snecko","floor":29,"turns":5},{"damage":11,"enemies":"Sentry and Sphere","floor":30,"turns":2}],"seed_played":"-7337558730001017954","potions_obtained":[{"floor":6,"key":"Dexterity Potion"},{"floor":10,"key":"ColorlessPotion"},{"floor":12,"key":"SpeedPotion"},{"floor":20,"key":"EssenceOfSteel"},{"floor":28,"key":"BlessingOfTheForge"}],"is_trial":false,"path_per_floor":["M","?","?","M","$","E","R","E","T","E","?","M","?","M","R","B",null,"M","?","M","?","M","R","M","$","T","?","E","M","M"],"character_chosen":"DEFECT","items_purchased":["Chill","Loop+1","Good Instincts"],"campfire_rested":0,"item_purchase_floors":[25,25,25],"current_hp_per_floor":[75,57,62,62,62,52,52,31,31,11,11,18,41,41,41,9,92,86,86,86,86,60,60,40,40,40,40,2,2,0,0],"gold":146,"neow_bonus":"ONE_RARE_RELIC","is_daily":false,"chose_seed":false,"campfire_upgraded":3,"win_rate":0.0,"timestamp":1613184294,"path_taken":["M","?","?","M","?","E","R","E","T","E","?","?","?","M","R","BOSS","M","?","?","?","M","R","M","$","T","?","E","M","M"],"items_purchased_type":["Card","Card","Card"],"build_version":"2020-12-22","purchased_purges":1,"victory":false,"max_hp_per_floor":[75,75,80,80,80,90,90,90,90,90,90,92,92,92,92,92,92,92,89,89,89,89,89,91,91,91,91,91,91,91,91],"relic_stats":{"Singing Bowl":4,"counters":[15,58],"Golden Idol":87,"Astrolabe":["Chaos","Sunder","Force Field"],"War Paint":["Defend_B","Defend_B"],"obtain_stats":[{"Lantern":26,"Pear":6,"Singing Bowl":9,"Golden Idol":2,"Astrolabe":17,"Spirit Poop":19,"Frozen Egg 2":10,"War Paint":28,"Cracked Core":0,"FossilizedHelix":0,"Toy Ornithopter":8},{"Lantern":12,"Pear":3,"Singing Bowl":4,"Golden Idol":1,"Astrolabe":8,"Spirit Poop":9,"Frozen Egg 2":5,"War Paint":13,"Cracked Core":0,"FossilizedHelix":0,"Toy Ornithopter":4},{"Lantern":48,"Pear":10,"Singing Bowl":18,"Golden Idol":3,"Astrolabe":36,"Spirit Poop":39,"Frozen Egg 2":23,"War Paint":52,"Cracked Core":0,"FossilizedHelix":0,"Toy Ornithopter":18}],"Toy Ornithopter":10},"card_choices":[{"not_picked":["Compile Driver","Go for the Eyes"],"picked":"White Noise","floor":1},{"not_picked":["Static Discharge","Reprogram"],"picked":"Beam Cell","floor":4},{"not_picked":["Gash","Leap"],"picked":"Streamline","floor":6},{"not_picked":["Doom and Gloom","Force Field"],"picked":"Heatsinks","floor":8},{"not_picked":["Redo","Compile Driver"],"picked":"Sunder","floor":10},{"not_picked":["Steam","Blizzard","All For One"],"picked":"Singing Bowl","floor":12},{"not_picked":["Hologram","Redo"],"picked":"Static Discharge+1","floor":14},{"not_picked":["Fission","Seek"],"picked":"Electrodynamics+1","floor":16},{"not_picked":["Stack","BootSequence"],"picked":"Hologram","floor":18},{"not_picked":["Hologram","FTL"],"picked":"Defragment+1","floor":20},{"not_picked":["Melter","Force Field"],"picked":"Coolheaded","floor":22},{"not_picked":["Skim","Melter+1","Scrape+1"],"picked":"Singing Bowl","floor":24},{"not_picked":["Conserve Battery","Streamline"],"picked":"Thunder Strike","floor":28},{"not_picked":["Rebound","Beam Cell"],"picked":"Leap","floor":29}],"player_experience":304002,"relics_obtained":[{"floor":6,"key":"Pear"},{"floor":8,"key":"Toy Ornithopter"},{"floor":9,"key":"Singing Bowl"},{"floor":10,"key":"Frozen Egg 2"},{"floor":26,"key":"Lantern"},{"floor":28,"key":"War Paint"}],"event_choices":[{"damage_healed":0,"gold_gain":0,"player_choice":"Take Damage","damage_taken":18,"relics_obtained":["Golden Idol"],"max_hp_gain":0,"max_hp_loss":0,"event_name":"Golden Idol","floor":2,"gold_loss":0},{"damage_healed":0,"gold_gain":0,"player_choice":"Donut","damage_taken":0,"max_hp_gain":5,"max_hp_loss":0,"event_name":"Big Fish","floor":3,"gold_loss":0},{"cards_removed":["Strike_B"],"damage_healed":0,"gold_gain":0,"player_choice":"Card Removal","damage_taken":0,"max_hp_gain":0,"max_hp_loss":0,"event_name":"The Cleric","floor":11,"gold_loss":50},{"damage_healed":23,"gold_gain":0,"player_choice":"Healed and dodged fight","damage_taken":0,"max_hp_gain":0,"max_hp_loss":0,"event_name":"Mushrooms","floor":13,"gold_loss":0,"cards_obtained":["Parasite"]},{"cards_removed":["Parasite"],"damage_healed":0,"gold_gain":0,"player_choice":"Offered Curse","damage_taken":0,"relics_obtained":["Spirit Poop"],"max_hp_gain":0,"max_hp_loss":0,"event_name":"Bonfire Elementals","floor":19,"gold_loss":0},{"damage_healed":0,"gold_gain":0,"cards_transformed":["Sunder","Defend_B"],"player_choice":"Became Test Subject","damage_taken":0,"max_hp_gain":0,"max_hp_loss":0,"event_name":"Drug Dealer","floor":21,"gold_loss":0,"cards_obtained":["Consume","Consume"]},{"damage_healed":0,"gold_gain":0,"player_choice":"Upgraded","damage_taken":0,"max_hp_gain":0,"max_hp_loss":0,"event_name":"Upgrade Shrine","floor":27,"gold_loss":0,"cards_upgraded":["White Noise"]}],"is_beta":false,"boss_relics":[{"not_picked":["Fusion Hammer","Philosopher\u0027s Stone"],"picked":"Astrolabe"}],"items_purged_floors":[25],"is_endless":false,"potions_floor_spawned":[6,10,12,20,28,29],"killed_by":"Sentry and Sphere","ascension_level":4}}