{"host":"0mhttqdumuceah7q","time":1613236386,"event":{"mods":["AchievementEnabler","BaseMod","Colored Map","DeckTracker","Minty Spire (QoL Compilation)","Permanent Neow"],"gold_per_floor":[118,134,99,111,125,153,153,166,166,200,200,219,235,247,247,342,342,360,374,64,78,78,78,104,104,104,114,149,169,184,197,197,299,299,311,360,360,378,388,420,438,438,491,491,491,491,491,401,401,401],"floor_reached":51,"language":"KOR","playtime":3070,"items_purged":["Defend_G"],"score":783,"play_id":"d90b80f2-5dc7-40e7-9bd8-fdc7d836a05c","local_time":"20210214021306","is_ascension_mode":false,"campfire_choices":[{"data":"Terror","floor":11.0,"key":"SMITH"},{"data":"Phantasmal Killer","floor":15.0,"key":"SMITH"},{"data":"Distraction","floor":23.0,"key":"SMITH"},{"data":"Infinite Blades","floor":32,"key":"SMITH"},{"data":"Defend_G","floor":45,"key":"PURGE"},{"data":"Strike_G","floor":47,"key":"PURGE"},{"data":"Apotheosis","floor":49,"key":"SMITH"}],"circlet_count":0,"master_deck":["Strike_G","Strike_G","Strike_G","Strike_G","Defend_G","Defend_G","Survivor+1","Neutralize","Dagger Throw","Quick Slash","Endless Agony+1","Deflect","Blade Dance","Distraction+1","Terror+1","Phantasmal Killer+1","Deflect","Dagger Spray","Burst","Masterful Stab+1","Endless Agony+1","Slice","Dash+1","PiercingWail+1","Quick Slash","Infinite Blades+1","A Thousand Cuts","Quick Slash+1","Slice+1","Escape Plan+1","Writhe","Bandage Up","Apotheosis+1","Secret Weapon"],"relics":["Ring of the Snake","Anchor","NlothsMask","Lizard Tail","WristBlade","Membership Card","Matryoshka","Meat on the Bone","Enchiridion","Blue Candle","Toy Ornithopter","PreservedInsect","SlaversCollar","Peace Pipe","Happy Flower","Pen Nib","Blood Vial"],"acts_visited":["Exordium","TheCity","TheBeyond"],"potions_floor_usage":[27,28,36,40,50,50,50],"damage_taken":[{"damage":0.0,"enemies":"Small Slimes","floor":1.0,"turns":3.0},{"damage":0.0,"enemies":"Cultist","floor":2.0,"turns":3.0},{"damage":11.0,"enemies":"Jaw Worm","floor":4.0,"turns":3.0},{"damage":8.0,"enemies":"3 Louse","floor":5.0,"turns":3.0},{"damage":20.0,"enemies":"Gremlin Nob","floor":6.0,"turns":5.0},{"damage":0.0,"enemies":"Blue Slaver","floor":8.0,"turns":4.0},{"damage":27.0,"enemies":"Lagavulin","floor":10.0,"turns":6.0},{"damage":16.0,"enemies":"Gremlin Gang","floor":12.0,"turns":4.0},{"damage":0.0,"enemies":"Large Slime","floor":13.0,"turns":4.0},{"damage":0.0,"enemies":"3 Louse","floor":14.0,"turns":3.0},{"damage":12.0,"enemies":"Hexaghost","floor":16.0,"turns":6.0},{"damage":11.0,"enemies":"Spheric Guardian","floor":18.0,"turns":4.0},{"damage":0.0,"enemies":"Shell Parasite","floor":19.0,"turns":2.0},{"damage":0.0,"enemies":"Snecko","floor":21.0,"turns":2.0},{"damage":4.0,"enemies":"Slavers","floor":24.0,"turns":4.0},{"damage":7,"enemies":"Snake Plant","floor":27,"turns":2},{"damage":1,"enemies":"Book of Stabbing","floor":28,"turns":3},{"damage":0,"enemies":"Centurion and Healer","floor":29,"turns":2},{"damage":0,"enemies":"Sentry and Sphere","floor":30,"turns":3},{"damage":0,"enemies":"Shelled Parasite and Fungi","floor":31,"turns":2},{"damage":0,"enemies":"Collector","floor":33,"turns":7},{"damage":3,"enemies":"Orb Walker","floor":35,"turns":3},{"damage":11,"enemies":"2 Orb Walkers","floor":36,"turns":4},{"damage":9,"enemies":"3 Darklings","floor":38,"turns":4},{"damage":24,"enemies":"Spire Growth","floor":39,"turns":4},{"damage":0,"enemies":"Nemesis","floor":40,"turns":3},{"damage":14,"enemies":"Jaw Worm Horde","floor":41,"turns":4},{"damage":75,"enemies":"Awakened One","floor":50,"turns":8}],"seed_played":"527508676129530367","potions_obtained":[{"floor":2.0,"key":"Block Potion"},{"floor":4.0,"key":"Weak Potion"},{"floor":5.0,"key":"Weak Potion"},{"floor":10.0,"key":"Poison Potion"},{"floor":13.0,"key":"LiquidMemories"},{"floor":16.0,"key":"Dexterity Potion"},{"floor":24.0,"key":"Explosive Potion"},{"floor":27,"key":"CunningPotion"},{"floor":30,"key":"Swift Potion"},{"floor":33,"key":"Swift Potion"},{"floor":38,"key":"FearPotion"},{"floor":40,"key":"EssenceOfSteel"},{"floor":41,"key":"SkillPotion"}],"is_trial":false,"path_per_floor":["M","M","$","M","M","E","?","M","T","E","R","M","M","M","R","B",null,"M","M","$","M","?","R","E","?","T","M","E","M","M","M","R","B",null,"M","?","?","M","M","E","M","?","T","?","R","?","R","?","R","B",null],"character_chosen":"THE_SILENT","items_purchased":["Endless Agony","Membership Card","Matryoshka"],"campfire_rested":0,"item_purchase_floors":[3,20,20],"current_hp_per_floor":[77,77,77,66,58,38,38,38,38,11,11,38,38,38,38,26,77,66,66,66,66,52,52,48,32,32,42,46,46,46,46,46,46,82,79,71,71,62,50,55,53,53,53,74,74,64,64,64,64,24],"gold":401,"neow_bonus":"TEN_PERCENT_HP_BONUS","is_daily":false,"chose_seed":false,"campfire_upgraded":5,"win_rate":0.0,"timestamp":1613236386,"path_taken":["M","M","$","M","M","E","?","M","T","E","R","M","M","M","R","BOSS","M","M","$","M","?","R","E","?","T","M","E","M","M","M","R","BOSS","M","?","?","?","M","E","M","?","T","?","R","?","R","?","R","BOSS"],"items_purchased_type":["Card","Relic","Relic"],"build_version":"2020-12-22","purchased_purges":1,"victory":true,"max_hp_per_floor":[77,77,77,77,77,77,77,77,77,77,77,77,77,77,77,77,77,77,77,77,77,82,82,82,82,82,82,82,82,82,82,82,82,82,82,82,82,82,82,82,82,82,82,82,82,82,82,82,82,82],"card_choices":[{"not_picked":["Deflect","PiercingWail"],"picked":"Dagger Throw","floor":1.0},{"not_picked":["Reflex","Deadly Poison"],"picked":"Quick Slash","floor":2.0},{"not_picked":["Acrobatics","Heel Hook"],"picked":"Backflip","floor":4.0},{"not_picked":["Dodge and Roll","Quick Slash"],"picked":"Deflect","floor":5.0},{"not_picked":["Endless Agony","Catalyst"],"picked":"Blade Dance","floor":6.0},{"not_picked":["Leg Sweep","Deflect"],"picked":"Distraction","floor":8.0},{"not_picked":["Acrobatics","Dash"],"picked":"Terror","floor":10.0},{"not_picked":["Flechettes","Quick Slash"],"picked":"Phantasmal Killer","floor":12.0},{"not_picked":["Acrobatics","Dash"],"picked":"Deflect","floor":13.0},{"not_picked":["Deadly Poison","Quick Slash"],"picked":"Dagger Spray","floor":14.0},{"not_picked":["Night Terror","Wraith Form v2"],"picked":"Burst","floor":16.0},{"not_picked":["Dodge and Roll","Reflex+1"],"picked":"Masterful Stab+1","floor":18.0},{"not_picked":["Outmaneuver","PiercingWail"],"picked":"Endless Agony+1","floor":19.0},{"not_picked":["Quick Slash","Eviscerate"],"picked":"Slice","floor":21.0},{"not_picked":["Crippling Poison","Skewer","Choke"],"picked":"SKIP","floor":24.0},{"not_picked":["Deadly Poison","Poisoned Stab"],"picked":"Dash+1","floor":27},{"not_picked":["Leg Sweep","Terror+1","PiercingWail"],"picked":"SKIP","floor":28},{"not_picked":["Dodge and Roll","Outmaneuver"],"picked":"PiercingWail+1","floor":29},{"not_picked":["Envenom","Crippling Poison+1"],"picked":"Quick Slash","floor":30},{"not_picked":["Skewer+1","Flying Knee"],"picked":"Infinite Blades","floor":31},{"not_picked":["Malaise","Bullet Time"],"picked":"A Thousand Cuts","floor":33},{"not_picked":["PiercingWail","Flying Knee"],"picked":"Quick Slash+1","floor":35},{"not_picked":["Choke+1","Deadly Poison+1"],"picked":"Slice+1","floor":38},{"not_picked":["Blade Dance+1","Bullet Time","Backflip+1"],"picked":"SKIP","floor":39},{"not_picked":["Skewer","Dodge and Roll+1"],"picked":"Escape Plan+1","floor":40},{"not_picked":["Heel Hook+1","Dash+1","Eviscerate"],"picked":"SKIP","floor":41},{"not_picked":["Violence","Mayhem"],"picked":"Bandage Up","floor":46},{"not_picked":["Swift Strike","Bandage Up"],"picked":"Apotheosis","floor":46},{"not_picked":["Trip","Bandage Up"],"picked":"Secret Weapon","floor":46}],"player_experience":50299,"relics_obtained":[{"floor":6.0,"key":"Anchor"},{"floor":10.0,"key":"Lizard Tail"},{"floor":24.0,"key":"Meat on the Bone"},{"floor":25,"key":"Enchiridion"},{"floor":26,"key":"Blue Candle"},{"floor":26,"key":"Toy Ornithopter"},{"floor":28,"key":"PreservedInsect"},{"floor":36,"key":"Peace Pipe"},{"floor":40,"key":"Happy Flower"},{"floor":43,"key":"Pen Nib"},{"floor":43,"key":"Blood Vial"}],"event_choices":[{"damage_healed":0.0,"max_hp_gain":0.0,"max_hp_loss":0.0,"gold_gain":0.0,"event_name":"FaceTrader","player_choice":"Trade","floor":7.0,"gold_loss":0.0,"damage_taken":0.0,"relics_obtained":["NlothsMask"]},{"damage_healed":0.0,"max_hp_gain":5.0,"max_hp_loss":0.0,"gold_gain":0.0,"event_name":"Forgotten Altar","player_choice":"Shed Blood","floor":22.0,"gold_loss":0.0,"damage_taken":19.0},{"damage_healed":0,"gold_gain":0,"player_choice":"Obtained Book","damage_taken":16,"max_hp_gain":0,"max_hp_loss":0,"event_name":"Cursed Tome","floor":25,"gold_loss":0},{"damage_healed":0,"gold_gain":0,"player_choice":"Fight","damage_taken":0,"max_hp_gain":0,"max_hp_loss":0,"event_name":"Mysterious Sphere","floor":36,"gold_loss":0},{"damage_healed":0,"gold_gain":0,"player_choice":"Forge","damage_taken":0,"max_hp_gain":0,"max_hp_loss":0,"event_name":"Accursed Blacksmith","floor":37,"gold_loss":0,"cards_upgraded":["Endless Agony"]},{"cards_removed":["Backflip"],"damage_healed":0,"gold_gain":0,"player_choice":"Removed Skill","damage_taken":0,"max_hp_gain":0,"max_hp_loss":0,"event_name":"Falling","floor":42,"gold_loss":0},{"damage_healed":21,"gold_gain":0,"player_choice":"Writhe","damage_taken":0,"max_hp_gain":0,"max_hp_loss":0,"event_name":"Winding Halls","floor":44,"gold_loss":0,"cards_obtained":["Writhe"]},{"damage_healed":0,"gold_gain":0,"player_choice":"Memory 3","damage_taken":10,"max_hp_gain":0,"max_hp_loss":0,"event_name":"SensoryStone","floor":46,"gold_loss":0},{"cards_removed":["Defend_G"],"damage_healed":0,"gold_gain":0,"player_choice":"Upgrade and Remove","damage_taken":0,"max_hp_gain":0,"max_hp_loss":0,"event_name":"Designer","floor":48,"gold_loss":90,"cards_upgraded":["Survivor"]}],"is_beta":false,"boss_relics":[{"not_picked":["Coffee Dripper","Fusion Hammer"],"picked":"WristBlade"},{"not_picked":["Empty Cage","Snecko Eye"],"picked":"SlaversCollar"}],"items_purged_floors":[20],"is_endless":false,"potions_floor_spawned":[2,4,5,10,13,16,24,27,30,33,38,40,41],"ascension_level":0}}