{"host":"nsc6ozq3atyrdr3m","time":1613241440,"event":{"mods":["BaseMod","Colored Map","Minty Spire (QoL Compilation)"],"gold_per_floor":[117,117,117,137,11,11,44,59,59,85,100,29,47,79,79,180,180,192,192,203,221,182,182,182,182,182,182,281,297,61,81,81,81,81],"floor_reached":33,"language":"FRA","playtime":931,"items_purged":["Shame"],"score":334,"play_id":"f4c3a5fa-0b25-4795-aa59-ffe6c6836ecb","local_time":"20210213193720","is_ascension_mode":true,"campfire_choices":[{"data":"Hello World","floor":6,"key":"SMITH"},{"floor":15,"key":"REST"},{"data":"Defragment","floor":23,"key":"SMITH"},{"data":"Defragment","floor":25,"key":"SMITH"},{"data":"Loop","floor":27,"key":"SMITH"},{"data":"Static Discharge","floor":32,"key":"SMITH"}],"circlet_count":0,"master_deck":["Strike_B+1","Strike_B+1","Strike_B+1","Strike_B+1","Defend_B+1","Defend_B+1","Defend_B+1","Defend_B+1","Zap","Dualcast","Darkness+1","Hello World+1","Genetic Algorithm","Ball Lightning","Cold Snap","Self Repair","Glacier","Loop+1","Defragment+1","Consume","Echo Form","Redo+1","Turbo","Defragment+1","Static Discharge+1","Rainbow"],"relics":["Cracked Core","NeowsBlessing","Shovel","TungstenRod","Singing Bowl","HornCleat","Cursed Key","Gambling Chip"],"acts_visited":["Exordium","TheCity"],"potions_floor_usage":[29,33],"damage_taken":[{"damage":0,"enemies":"Jaw Worm","floor":1,"turns":1},{"damage":0,"enemies":"2 Louse","floor":4,"turns":1},{"damage":0,"enemies":"Gremlin Nob","floor":7,"turns":1},{"damage":1,"enemies":"Cultist","floor":8,"turns":3},{"damage":25,"enemies":"Lagavulin","floor":10,"turns":6},{"damage":9,"enemies":"3 Louse","floor":11,"turns":5},{"damage":13,"enemies":"Large Slime","floor":13,"turns":5},{"damage":15,"enemies":"Gremlin Nob","floor":14,"turns":3},{"damage":15,"enemies":"Hexaghost","floor":16,"turns":10},{"damage":4,"enemies":"Shell Parasite","floor":18,"turns":5},{"damage":0,"enemies":"Spheric Guardian","floor":20,"turns":3},{"damage":32,"enemies":"3 Cultists","floor":21,"turns":6},{"damage":0,"enemies":"Snake Plant","floor":29,"turns":3},{"damage":0,"enemies":"Snecko","floor":31,"turns":5},{"damage":49,"enemies":"Collector","floor":33,"turns":8}],"seed_played":"-2070318722228529191","potions_obtained":[{"floor":1,"key":"DuplicationPotion"},{"floor":8,"key":"Fire Potion"},{"floor":11,"key":"Fire Potion"},{"floor":21,"key":"PowerPotion"}],"is_trial":false,"path_per_floor":["M","?","?","M","$","R","E","M","T","E","M","$","M","E","R","B",null,"M","?","M","M","$","R","$","R","T","R","?","M","$","M","R","B"],"character_chosen":"DEFECT","items_purchased":["Genetic Algorithm","Ball Lightning","Defragment","Defragment","Static Discharge","Rainbow"],"campfire_rested":1,"item_purchase_floors":[5,5,12,22,30,30],"current_hp_per_floor":[75,75,60,60,60,60,60,59,59,41,39,39,33,20,43,35,77,77,77,79,54,54,54,54,54,54,54,54,56,56,72,72,23,23],"gold":81,"neow_bonus":"THREE_ENEMY_KILL","is_daily":false,"chose_seed":false,"campfire_upgraded":5,"win_rate":0.0,"timestamp":1613241440,"path_taken":["M","?","?","M","?","R","E","M","T","E","M","$","M","E","R","BOSS","M","?","M","M","$","R","$","R","T","R","?","M","$","M","R","BOSS"],"items_purchased_type":["Card","Card","Card","Card","Card","Card"],"build_version":"2020-12-22","purchased_purges":1,"victory":false,"max_hp_per_floor":[75,75,75,75,75,75,75,75,75,75,75,75,75,77,77,77,77,77,77,79,79,79,79,79,79,79,79,79,81,81,83,83,83,83],"card_choices":[{"not_picked":["Lockon","Hologram"],"picked":"Darkness","floor":1},{"not_picked":["Turbo","Compile Driver"],"picked":"Hello World","floor":4},{"not_picked":["Core Surge","Genetic Algorithm"],"picked":"Cold Snap","floor":7},{"not_picked":["Turbo","Gash"],"picked":"Self Repair","floor":8},{"not_picked":["Skim","Conserve Battery"],"picked":"Glacier","floor":10},{"not_picked":["Turbo","Streamline"],"picked":"Loop","floor":11},{"not_picked":["Double Energy","Conserve Battery"],"picked":"Consume","floor":13},{"not_picked":["Rebound","BootSequence","Sweeping Beam"],"picked":"Singing Bowl","floor":14},{"not_picked":["Multi-Cast","Seek"],"picked":"Echo Form","floor":16},{"not_picked":["Gash+1","Streamline"],"picked":"Redo+1","floor":18},{"not_picked":["Cold Snap","Sweeping Beam","Redo"],"picked":"Singing Bowl","floor":20},{"not_picked":["Go for the Eyes","Conserve Battery"],"picked":"Turbo","floor":21},{"not_picked":["Steam","Reprogram","Turbo"],"picked":"Singing Bowl","floor":29},{"not_picked":["BootSequence","Multi-Cast","Cold Snap"],"picked":"Singing Bowl","floor":31}],"player_experience":409322,"relics_obtained":[{"floor":7,"key":"Shovel"},{"floor":9,"key":"TungstenRod"},{"floor":10,"key":"Singing Bowl"},{"floor":14,"key":"HornCleat"},{"floor":26,"key":"Gambling Chip"}],"event_choices":[{"damage_healed":0,"gold_gain":0,"player_choice":"Grow","damage_taken":0,"max_hp_gain":0,"max_hp_loss":0,"event_name":"Living Wall","floor":2,"gold_loss":0,"cards_upgraded":["Darkness"]},{"damage_healed":0,"gold_gain":0,"player_choice":"Entered Light","damage_taken":15,"max_hp_gain":0,"max_hp_loss":0,"event_name":"Shining Light","floor":3,"gold_loss":0,"cards_upgraded":["Defend_B","Strike_B"]},{"damage_healed":0,"gold_gain":0,"player_choice":"Simplicity","damage_taken":0,"max_hp_gain":0,"max_hp_loss":0,"event_name":"Back to Basics","floor":19,"gold_loss":0,"cards_upgraded":["Strike_B","Strike_B","Strike_B","Defend_B","Defend_B","Defend_B"]},{"damage_healed":0,"gold_gain":99,"player_choice":"Stole From Cult","damage_taken":0,"max_hp_gain":0,"max_hp_loss":0,"event_name":"Nest","floor":28,"gold_loss":0}],"is_beta":false,"boss_relics":[{"not_picked":["Nuclear Battery","Fusion Hammer"],"picked":"Cursed Key"}],"items_purged_floors":[30],"is_endless":false,"potions_floor_spawned":[1,8,11,16,21],"killed_by":"Collector","ascension_level":3}}