{"host":"7j2n82b2zha9fuyn","time":1613256524,"event":{"mods":["BaseMod","Block Reminder","Minty Spire (QoL Compilation)","StSLib"],"gold_per_floor":[111,261,274,37,112,112,145,145,168,185,185,200,213,239,239,239,239],"floor_reached":16,"language":"ENG","playtime":526,"items_purged":["Doubt"],"score":263,"play_id":"9f12565a-824f-466a-a221-3ace2e097e7e","local_time":"20210213154844","is_ascension_mode":true,"campfire_choices":[{"data":"Sunder","floor":6,"key":"SMITH"},{"data":"Cold Snap","floor":8,"key":"SMITH"},{"data":"Zap","floor":11,"key":"SMITH"},{"data":"Glacier","floor":15,"key":"SMITH"}],"circlet_count":0,"master_deck":["AscendersBane","Strike_B","Strike_B","Strike_B","Strike_B","Defend_B","Defend_B","Defend_B","Defend_B","Zap+1","Dualcast","Cold Snap+1","Sunder+1","Glacier+1","Gash","Gash","Turbo","Gash"],"relics":["Cracked Core","NeowsBlessing","TheAbacus","Potion Belt","Strawberry","Pantograph"],"acts_visited":["Exordium"],"potions_floor_usage":[14],"damage_taken":[{"damage":0,"enemies":"Cultist","floor":1,"turns":1},{"damage":0,"enemies":"Jaw Worm","floor":3,"turns":1},{"damage":0,"enemies":"Gremlin Nob","floor":7,"turns":1},{"damage":6,"enemies":"2 Louse","floor":10,"turns":3},{"damage":12,"enemies":"Exordium Thugs","floor":12,"turns":3},{"damage":0,"enemies":"2 Fungi Beasts","floor":13,"turns":3},{"damage":15,"enemies":"Lagavulin","floor":14,"turns":6},{"damage":52,"enemies":"Hexaghost","floor":16,"turns":9}],"seed_played":"-1001977965732242621","potions_obtained":[{"floor":10,"key":"Explosive Potion"},{"floor":12,"key":"ColorlessPotion"},{"floor":13,"key":"Explosive Potion"}],"is_trial":false,"path_per_floor":["M","?","M","$","?","R","E","R","T","M","R","M","M","E","R","B"],"character_chosen":"DEFECT","items_purchased":["TheAbacus"],"campfire_rested":0,"item_purchase_floors":[4],"current_hp_per_floor":[64,64,64,64,53,53,53,53,60,54,54,42,42,27,27,0,0],"gold":239,"neow_bonus":"THREE_ENEMY_KILL","is_daily":false,"chose_seed":false,"campfire_upgraded":4,"win_rate":0.0,"timestamp":1613256524,"path_taken":["M","?","M","$","?","R","E","R","T","M","R","M","M","E","R","BOSS"],"items_purchased_type":["Relic"],"build_version":"2020-12-22","purchased_purges":1,"victory":false,"max_hp_per_floor":[71,71,71,71,71,71,71,71,78,78,78,78,78,78,78,78,78],"card_choices":[{"not_picked":["Barrage","Auto Shields"],"picked":"Cold Snap","floor":1},{"not_picked":["Turbo","Aggregate"],"picked":"Sunder","floor":3},{"not_picked":["Hologram","Barrage"],"picked":"Glacier","floor":7},{"not_picked":["Conserve Battery","Leap"],"picked":"Gash","floor":10},{"not_picked":["Creative AI","Conserve Battery"],"picked":"Gash","floor":12},{"not_picked":["Conserve Battery","Leap"],"picked":"Turbo","floor":13},{"not_picked":["Go for the Eyes","Rip and Tear"],"picked":"Gash","floor":14}],"player_experience":2031364,"relics_obtained":[{"floor":7,"key":"Potion Belt"},{"floor":9,"key":"Strawberry"},{"floor":14,"key":"Pantograph"}],"event_choices":[{"damage_healed":0,"gold_gain":150,"player_choice":"AGREE","damage_taken":0,"max_hp_gain":0,"max_hp_loss":0,"event_name":"Liars Game","floor":2,"gold_loss":0,"cards_obtained":["Doubt"]},{"damage_healed":0,"gold_gain":75,"player_choice":"Gather Gold","damage_taken":11,"max_hp_gain":0,"max_hp_loss":0,"event_name":"World of Goop","floor":5,"gold_loss":0}],"is_beta":false,"boss_relics":[],"items_purged_floors":[4],"is_endless":false,"potions_floor_spawned":[10,12,13],"killed_by":"Hexaghost","ascension_level":19}}