{"host":"1stlzvh7atuy33yh","time":1613256457,"event":{"mods":["BaseMod","Colored Map","Colored Powertips","Downfall","Friendly Minions","Minty Spire (QoL Compilation)","StSLib","The Marked","The Mystic"],"gold_per_floor":[111,39,39,52,63,96,96,107,107,122,138,103,129,147,147,246,246,256,181,208,227,227,227,227,239,291,291,291,93,108,125,125,225,525,539,539,589,589,589,589,605,605,605,605,605],"floor_reached":44,"language":"ENG","playtime":4236,"items_purged":["theMarked:Strike"],"score":443,"play_id":"f77d4830-f56f-4cbe-9caa-a431d92a9144","local_time":"20210213174737","is_ascension_mode":false,"campfire_choices":[{"floor":7,"key":"RECALL"},{"floor":15,"key":"REST"},{"floor":23,"key":"REST"},{"data":"theMarked:AttractMetal","floor":27,"key":"SMITH"},{"floor":32,"key":"REST"},{"floor":40,"key":"REST"}],"circlet_count":0,"master_deck":["theMarked:Strike","theMarked:Strike","theMarked:Strike+1","theMarked:Defend","theMarked:Defend","theMarked:Defend","theMarked:SoldierOfQuellstein+1","theMarked:EmpowerWeapon","theMarked:ParalyzingBlade","theMarked:ChainLightning+1","theMarked:EnhanceMovement","theMarked:AttractMetal+1","theMarked:PowerFlow","theMarked:Static","theMarked:Indomitable","theMarked:BindingBlade","theMarked:ContemptForTheProud+1","theMarked:Overcharge","theMarked:EternalStudent","Writhe","theMarked:MuscleMemory","theMarked:Reabsorb+1","theMarked:Challenge","CurseOfTheBell","theMarked:RogueSparks+1","theMarked:Friction","Secret Technique","theMarked:Convert+1"],"relics":["theMarked:ArtifactOfAir","Calipers","theMarked:Gun","InkBottle","theMarked:SpiritSword","Red Mask","Lantern","Calling Bell","PreservedInsect","Frozen Egg 2","Old Coin","StoneCalendar","Bronze Scales","Whetstone"],"acts_visited":["Exordium","TheCity","TheBeyond"],"potions_floor_usage":[13,16,18,25,30,33,37,41],"damage_taken":[{"damage":0,"enemies":"2 Louse","floor":1,"turns":3},{"damage":0,"enemies":"Cultist","floor":4,"turns":3},{"damage":1,"enemies":"Jaw Worm","floor":5,"turns":3},{"damage":20,"enemies":"Lagavulin","floor":6,"turns":6},{"damage":2,"enemies":"Looter","floor":8,"turns":3},{"damage":15,"enemies":"Large Slime","floor":10,"turns":5},{"damage":2,"enemies":"Blue Slaver","floor":11,"turns":4},{"damage":19,"enemies":"3 Sentries","floor":13,"turns":9},{"damage":1,"enemies":"3 Louse","floor":14,"turns":3},{"damage":3,"enemies":"The Guardian","floor":16,"turns":10},{"damage":10,"enemies":"Chosen","floor":18,"turns":5},{"damage":21,"enemies":"Masked Bandits","floor":20,"turns":4},{"damage":8,"enemies":"Shell Parasite","floor":21,"turns":5},{"damage":11,"enemies":"Snecko","floor":25,"turns":5},{"damage":16,"enemies":"Shelled Parasite and Fungi","floor":30,"turns":3},{"damage":29,"enemies":"Centurion and Healer","floor":31,"turns":5},{"damage":33,"enemies":"Automaton","floor":33,"turns":7},{"damage":43,"enemies":"3 Darklings","floor":35,"turns":5},{"damage":0,"enemies":"Mind Bloom Boss Battle","floor":37,"turns":5},{"damage":32,"enemies":"Orb Walker","floor":41,"turns":3},{"damage":17,"enemies":"Spire Growth","floor":44,"turns":3}],"seed_played":"-961561964897863218","potions_obtained":[{"floor":1,"key":"bronze:BurnAndBuffPotion"},{"floor":3,"key":"BlessingOfTheForge"},{"floor":3,"key":"theMarked:ChargePotion"},{"floor":3,"key":"SmokeBomb"},{"floor":5,"key":"Energy Potion"},{"floor":10,"key":"AttackPotion"},{"floor":16,"key":"Dexterity Potion"},{"floor":20,"key":"Ancient Potion"},{"floor":21,"key":"Fire Potion"},{"floor":30,"key":"theMarked:ChargePotion"},{"floor":31,"key":"Guardian:BlockOnCardUsePotion"},{"floor":35,"key":"LiquidBronze"},{"floor":37,"key":"Guardian:BlockOnCardUsePotion"}],"is_trial":false,"path_per_floor":["M","$","?","M","M","E","R","M","T","M","M","?","E","M","R","B",null,"M","?","?","M","?","R","?","M","T","R","?","$","M","M","R","B",null,"M","?","?","?","?","R","M","T","T","M"],"character_chosen":"THE_DEFAULT","items_purchased":["theMarked:ParalyzingBlade","theMarked:MuscleMemory","SteroidPotion"],"campfire_rested":4,"item_purchase_floors":[2,29,29],"current_hp_per_floor":[70,70,70,70,69,49,49,47,47,32,30,47,28,27,48,45,70,60,60,39,31,31,52,70,59,59,59,59,59,43,14,35,2,70,27,27,27,27,27,48,16,16,16,0,0],"gold":605,"neow_bonus":"UPGRADE_CARD","is_daily":false,"chose_seed":false,"campfire_upgraded":1,"win_rate":0.0,"timestamp":1613256457,"path_taken":["M","$","?","M","M","E","R","?","T","M","M","?","E","M","R","BOSS","M","?","?","M","?","R","?","?","T","R","?","$","M","M","R","BOSS","M","?","?","?","?","R","?","?","T","M"],"items_purchased_type":["Card","Card","Potion"],"build_version":"2020-12-22","purchased_purges":1,"victory":false,"max_hp_per_floor":[70,70,70,70,70,70,70,70,70,70,70,70,70,70,70,70,70,70,70,70,70,70,70,70,70,70,70,70,70,70,70,70,70,70,70,70,70,70,70,70,70,70,70,70,70],"card_choices":[{"not_picked":["theMarked:PowerFlow","theMarked:SwordAndMagic"],"picked":"theMarked:EmpowerWeapon","floor":1},{"not_picked":["theMarked:ShockingTouch","theMarked:TwofoldDefense"],"picked":"theMarked:ChainLightning","floor":4},{"not_picked":["theMarked:Determination","theMarked:RepellingDischarge"],"picked":"theMarked:EnhanceMovement","floor":5},{"not_picked":["theMarked:Overthink","theMarked:Panic","theMarked:TunnelVision"],"picked":"SKIP","floor":6},{"not_picked":["theMarked:Generate","theMarked:KeepCalmAndFight"],"picked":"theMarked:AttractMetal","floor":8},{"not_picked":["theMarked:CreepingChasm","theMarked:Improvise","theMarked:ChainLightning"],"picked":"SKIP","floor":10},{"not_picked":["theMarked:StartUp","theMarked:EmpowerWeapon"],"picked":"theMarked:PowerFlow","floor":11},{"not_picked":["theMarked:Snap","theMarked:ChainLightning"],"picked":"theMarked:Static","floor":13},{"not_picked":["theMarked:Aftermath","theMarked:TunnelVision"],"picked":"theMarked:Indomitable","floor":14},{"not_picked":["theMarked:TurnInvisible","theMarked:Abjuration"],"picked":"theMarked:BindingBlade","floor":16},{"not_picked":["theMarked:ElectricStrings","theMarked:SwordAndMagic"],"picked":"theMarked:ContemptForTheProud+1","floor":18},{"not_picked":["theMarked:Memento+1","theMarked:TwofoldDefense"],"picked":"theMarked:Overcharge","floor":20},{"not_picked":["theMarked:Generate","theMarked:PowerFlow"],"picked":"theMarked:ComboAttacks","floor":21},{"not_picked":["theMarked:EmpowerWeapon","theMarked:ChainLightning"],"picked":"theMarked:EternalStudent","floor":25},{"not_picked":["theMarked:Improvise","theMarked:Standoff+1"],"picked":"theMarked:Reabsorb+1","floor":30},{"not_picked":["theMarked:Overthink","theMarked:SwordAndMagic+1","theMarked:ShockingTouch"],"picked":"SKIP","floor":31},{"not_picked":["theMarked:TurnInvisible","theMarked:TakeOffHeels"],"picked":"theMarked:Challenge","floor":33},{"not_picked":["theMarked:ResourceFulStrike+1","theMarked:ContemptForTheProud+1"],"picked":"theMarked:RogueSparks+1","floor":35},{"not_picked":["theMarked:WardOff+1","theMarked:RepellingDischarge"],"picked":"theMarked:Friction","floor":37},{"not_picked":["Trip","Transmutation"],"picked":"Secret Technique","floor":38},{"not_picked":["theMarked:EmpowerWeapon","theMarked:Memento+1"],"picked":"theMarked:Convert+1","floor":41}],"player_experience":114152,"relics_obtained":[{"floor":6,"key":"Calipers"},{"floor":9,"key":"theMarked:Gun"},{"floor":13,"key":"InkBottle"},{"floor":20,"key":"Red Mask"},{"floor":34,"key":"PreservedInsect"},{"floor":34,"key":"Frozen Egg 2"},{"floor":34,"key":"Old Coin"},{"floor":37,"key":"StoneCalendar"},{"floor":42,"key":"Bronze Scales"},{"floor":43,"key":"Whetstone"}],"event_choices":[{"damage_healed":0,"gold_gain":0,"player_choice":"Got Potions","damage_taken":0,"max_hp_gain":0,"max_hp_loss":0,"event_name":"Lab","floor":3,"gold_loss":0},{"damage_healed":17,"gold_gain":0,"player_choice":"Healed","damage_taken":0,"max_hp_gain":0,"max_hp_loss":0,"event_name":"The Cleric","floor":12,"gold_loss":35},{"cards_removed":["theMarked:Defend"],"damage_healed":0,"gold_gain":0,"player_choice":"Gave Gold","damage_taken":0,"max_hp_gain":0,"max_hp_loss":0,"event_name":"Beggar","floor":19,"gold_loss":75},{"damage_healed":0,"gold_gain":0,"player_choice":"Fought Bandits","damage_taken":0,"max_hp_gain":0,"max_hp_loss":0,"event_name":"Masked Bandits","floor":20,"gold_loss":0},{"cards_removed":["theMarked:Strike"],"damage_healed":0,"gold_gain":0,"player_choice":"Elegance","damage_taken":0,"max_hp_gain":0,"max_hp_loss":0,"event_name":"Back to Basics","floor":22,"gold_loss":0},{"damage_healed":23,"gold_gain":0,"player_choice":"Heal","damage_taken":0,"max_hp_gain":0,"max_hp_loss":0,"event_name":"The Library","floor":24,"gold_loss":0},{"damage_healed":0,"gold_gain":0,"player_choice":"Opened","damage_taken":0,"relics_obtained":["Lantern"],"max_hp_gain":0,"max_hp_loss":0,"event_name":"The Mausoleum","floor":28,"gold_loss":0,"cards_obtained":["Writhe"]},{"damage_healed":0,"gold_gain":0,"player_choice":"Ignored","damage_taken":0,"max_hp_gain":0,"max_hp_loss":0,"event_name":"Mysterious Sphere","floor":36,"gold_loss":0},{"damage_healed":0,"gold_gain":0,"player_choice":"Fight","damage_taken":0,"max_hp_gain":0,"max_hp_loss":0,"event_name":"MindBloom","floor":37,"gold_loss":0},{"damage_healed":0,"gold_gain":0,"player_choice":"Memory 1","damage_taken":0,"max_hp_gain":0,"max_hp_loss":0,"event_name":"SensoryStone","floor":38,"gold_loss":0},{"cards_removed":["theMarked:ComboAttacks"],"damage_healed":0,"gold_gain":0,"player_choice":"Removed Power","damage_taken":0,"max_hp_gain":0,"max_hp_loss":0,"event_name":"Falling","floor":39,"gold_loss":0}],"is_beta":false,"boss_relics":[{"not_picked":["Busted Crown","theMarked:Eyepatch"],"picked":"theMarked:SpiritSword"},{"not_picked":["Cursed Key","Philosopher\u0027s Stone"],"picked":"Calling Bell"}],"items_purged_floors":[29],"is_endless":false,"potions_floor_spawned":[1,5,10,16,20,21,30,31,35,37],"killed_by":"Spire Growth","ascension_level":0}}