{"host":"v16t4fbv9yk4gg06","time":1613253009,"event":{"mods":["BaseMod","Bestiary","Bossed Relics","Dark Map","Displayed Cursed Tome","Fox Events","Minty Spire (QoL Compilation)","Robot Space Explorer","Spicy Shops","StSLib","Thieving Mod","Wide Potions"],"gold_per_floor":[118,45,45,45,59,89,89,102,102,114,129,129,143,0,0,102,102,121,121,121,138,154,154,168,18,90,115,134,8,19,33,33,134,134,151,151,162,162,178,178,209,209,209],"floor_reached":42,"language":"ENG","playtime":1174,"items_purged":[],"score":477,"play_id":"79f1dde2-8dc4-439b-a46d-756b5c839556","local_time":"20210213225009","is_ascension_mode":false,"campfire_choices":[{"data":"Sword Boomerang","floor":7,"key":"SMITH"},{"data":"Whirlwind","floor":15,"key":"SMITH"},{"data":"RitualDagger","floor":23,"key":"SMITH"},{"floor":32,"key":"REST"},{"floor":40,"key":"REST"}],"circlet_count":0,"master_deck":["Strike_R","Strike_R","Strike_R","Strike_R","Strike_R","Defend_R","Defend_R","Defend_R+1","Defend_R+1","Bash","Flex","Sword Boomerang+1","Whirlwind+1","Anger","Inflame","Immolate","RitualDagger+1","Twin Strike+1","Cleave","Inflame","Flex","Fiend Fire","Seeing Red+1","Sadistic Nature","Spot Weakness+1"],"relics":["Burning Blood","NeowsBlessing","Happy Flower","HornCleat","Ancient Tea Set","Pear","Regal Pillow","SacredBark","MutagenicStrength","Tiny Chest","InkBottle","Pantograph","Strange Spoon","Black Star","War Paint","Self Forming Clay"],"acts_visited":["Exordium","TheCity","TheBeyond"],"potions_floor_usage":[13,16,16,16,16,33,37,42],"damage_taken":[{"damage":0,"enemies":"Cultist","floor":1,"turns":1},{"damage":0,"enemies":"2 Louse","floor":5,"turns":1},{"damage":0,"enemies":"Gremlin Nob","floor":6,"turns":1},{"damage":5,"enemies":"Small Slimes","floor":8,"turns":2},{"damage":16,"enemies":"Exordium Wildlife","floor":10,"turns":3},{"damage":12,"enemies":"Blue Slaver","floor":11,"turns":3},{"damage":0,"enemies":"2 Fungi Beasts","floor":13,"turns":1},{"damage":12,"enemies":"Hexaghost","floor":16,"turns":6},{"damage":5,"enemies":"Chosen","floor":18,"turns":4},{"damage":20,"enemies":"2 Thieves","floor":21,"turns":3},{"damage":7,"enemies":"Snecko","floor":22,"turns":4},{"damage":38,"enemies":"Shelled Parasite and Fungi","floor":24,"turns":4},{"damage":19,"enemies":"Slavers","floor":27,"turns":3},{"damage":0,"enemies":"Snake Plant","floor":28,"turns":2},{"damage":20,"enemies":"Chosen and Byrds","floor":30,"turns":4},{"damage":10,"enemies":"Cultist and Chosen","floor":31,"turns":4},{"damage":46,"enemies":"Champ","floor":33,"turns":9},{"damage":43,"enemies":"3 Shapes","floor":35,"turns":4},{"damage":0,"enemies":"3 Darklings","floor":37,"turns":3},{"damage":35,"enemies":"Sphere and 2 Shapes","floor":39,"turns":4},{"damage":64,"enemies":"Reptomancer","floor":41,"turns":6},{"damage":21,"enemies":"Maw","floor":42,"turns":4}],"seed_played":"281986129920390923","potions_obtained":[{"floor":5,"key":"Energy Potion"},{"floor":12,"key":"EntropicBrew"},{"floor":13,"key":"Explosive Potion"},{"floor":16,"key":"ElixirPotion"},{"floor":22,"key":"Block Potion"},{"floor":33,"key":"Explosive Potion"},{"floor":41,"key":"ColorlessPotion"}],"is_trial":false,"path_per_floor":["M","$","T","$","M","E","R","M","T","M","M","?","M","$","R","B",null,"M","?","?","M","M","R","M","$","T","E","M","$","M","M","R","B",null,"M","?","M","?","M","R","E","M"],"character_chosen":"IRONCLAD","items_purchased":["Happy Flower","Regal Pillow","Inflame","Tiny Chest","Strange Spoon","Flex"],"campfire_rested":2,"item_purchase_floors":[2,14,14,25,29,29],"current_hp_per_floor":[80,80,80,80,80,80,80,80,90,80,74,74,80,80,80,74,90,90,84,84,70,69,69,37,37,37,24,30,30,16,12,54,39,90,53,53,59,59,30,72,14,0,0],"gold":209,"neow_bonus":"THREE_ENEMY_KILL","is_daily":false,"chose_seed":false,"campfire_upgraded":3,"win_rate":0.0,"timestamp":1613253009,"path_taken":["M","$","?","$","M","E","R","M","T","M","M","?","?","?","R","BOSS","M","?","?","M","M","R","M","$","T","E","M","$","M","M","R","BOSS","M","?","M","?","M","R","E","M"],"items_purchased_type":["Relic","Relic","Card","Relic","Relic","Card"],"build_version":"2020-12-22","purchased_purges":0,"victory":false,"max_hp_per_floor":[80,80,80,80,80,80,80,80,90,90,90,90,90,90,90,90,90,90,90,90,90,90,90,90,90,90,90,90,90,90,90,90,90,90,90,90,90,90,90,90,90,90,90],"card_choices":[{"not_picked":["Twin Strike","Clash"],"picked":"Flex","floor":1},{"not_picked":["Body Slam","Pommel Strike"],"picked":"Sword Boomerang","floor":5},{"not_picked":["Armaments","Havoc","Clothesline"],"picked":"SKIP","floor":6},{"not_picked":["Shockwave","Pommel Strike"],"picked":"Whirlwind","floor":8},{"not_picked":["Headbutt","Sword Boomerang"],"picked":"Anger","floor":10},{"not_picked":["Armaments","Heavy Blade","Anger"],"picked":"SKIP","floor":11},{"not_picked":["Anger","Rage","Sword Boomerang"],"picked":"SKIP","floor":13},{"not_picked":["Exhume","Double Tap"],"picked":"Immolate","floor":16},{"not_picked":["Warcry","Intimidate","True Grit"],"picked":"SKIP","floor":18},{"not_picked":["Hemokinesis","Havoc"],"picked":"Twin Strike+1","floor":21},{"not_picked":["Body Slam","Brutality"],"picked":"Cleave","floor":22},{"not_picked":["True Grit+1","Armaments","Iron Wave"],"picked":"SKIP","floor":24},{"not_picked":["Second Wind","Exhume","Clothesline"],"picked":"SKIP","floor":27},{"not_picked":["Iron Wave","Anger"],"picked":"Inflame","floor":28},{"not_picked":["Sword Boomerang+1","Dual Wield","Dark Embrace"],"picked":"SKIP","floor":30},{"not_picked":["Twin Strike","Sword Boomerang","Shrug It Off"],"picked":"SKIP","floor":31},{"not_picked":["Barricade","Exhume"],"picked":"Fiend Fire","floor":33},{"not_picked":["Iron Wave","Perfected Strike"],"picked":"Seeing Red+1","floor":35},{"not_picked":["Jack Of All Trades","Enlightenment"],"picked":"Sadistic Nature","floor":36},{"not_picked":["Hemokinesis","Bloodletting+1","Infernal Blade"],"picked":"SKIP","floor":37},{"not_picked":["Blood for Blood+1","Clash"],"picked":"Spot Weakness+1","floor":39},{"not_picked":["Fiend Fire","Pummel","Ghostly Armor+1"],"picked":"SKIP","floor":41}],"player_experience":295481,"relics_obtained":[{"floor":3,"key":"HornCleat"},{"floor":6,"key":"Ancient Tea Set"},{"floor":9,"key":"Pear"},{"floor":26,"key":"InkBottle"},{"floor":27,"key":"Pantograph"},{"floor":41,"key":"War Paint"},{"floor":41,"key":"Self Forming Clay"}],"event_choices":[{"damage_healed":0,"gold_gain":0,"player_choice":"Got Potions","damage_taken":0,"max_hp_gain":0,"max_hp_loss":0,"event_name":"Lab","floor":12,"gold_loss":0},{"damage_healed":0,"gold_gain":0,"player_choice":"Joined the Cult","damage_taken":6,"max_hp_gain":0,"max_hp_loss":0,"event_name":"Nest","floor":19,"gold_loss":0,"cards_obtained":["RitualDagger"]},{"damage_healed":0,"gold_gain":0,"player_choice":"Inject Mutagens","damage_taken":0,"relics_obtained":["MutagenicStrength"],"max_hp_gain":0,"max_hp_loss":0,"event_name":"Drug Dealer","floor":20,"gold_loss":0},{"damage_healed":0,"gold_gain":0,"player_choice":"Memory 1","damage_taken":0,"max_hp_gain":0,"max_hp_loss":0,"event_name":"SensoryStone","floor":36,"gold_loss":0},{"damage_healed":0,"gold_gain":0,"player_choice":"Ignored","damage_taken":0,"max_hp_gain":0,"max_hp_loss":0,"event_name":"SecretPortal","floor":38,"gold_loss":0}],"is_beta":false,"boss_relics":[{"not_picked":["Coffee Dripper","Runic Pyramid"],"picked":"SacredBark"},{"not_picked":["Tiny House","Runic Dome"],"picked":"Black Star"}],"items_purged_floors":[],"is_endless":false,"potions_floor_spawned":[5,6,11,13,16,22,27,31,33,41],"killed_by":"Maw","ascension_level":0}}