{"host":"erh089znuovh6twj","time":1613252811,"event":{"mods":["AchievementEnabler","Act Like it!","Aspiration","BaseMod","Better Note","Better Skull","Better Third Choice","BetterRewards","Defuse TimeMaze Blight","Energized Spire","Hermit","Highlight Path","Hubris","Infinite Spire","Minty Spire (QoL Compilation)","Permanent Neow","Quick Restart","Replay The Spire","StSLib","The Jungle","everything is the same but u backflip on backflip"],"gold_per_floor":[109,109,29,29,49,78,94,129,156,171,190,210,210,210,210,210,210],"floor_reached":16,"language":"ENG","playtime":428,"items_purged":[],"score":137,"play_id":"ba80a724-52f4-4ed0-8dc2-439a644d6515","local_time":"20210213164651","is_ascension_mode":false,"campfire_choices":[{"floor":13,"key":"REST"},{"data":"hermit:Spite","floor":15,"key":"SMITH"}],"circlet_count":0,"master_deck":["hermit:Strike_Hermit","hermit:Strike_Hermit","hermit:Strike_Hermit","hermit:Strike_Hermit+1","hermit:Defend_Hermit","hermit:Defend_Hermit","hermit:Defend_Hermit","hermit:Defend_Hermit","hermit:Snapshot","hermit:Covet","hermit:Misfire","hermit:Glare","hermit:Spite+1","hermit:SprayPray","hermit:Malice","hermit:Manifest","hermit:Grudge","ReplayTheSpireMod:IOU"],"relics":["hermit:Momento","NeowsBlessing","hubris:CrystalStatue","Peace Pipe","Gremlin Food","Centennial Puzzle"],"acts_visited":["Exordium"],"potions_floor_usage":[8,16,16,16],"damage_taken":[{"damage":0,"enemies":"Cultist","floor":1,"turns":1},{"damage":0,"enemies":"Jaw Worm","floor":5,"turns":1},{"damage":0,"enemies":"Lagavulin","floor":6,"turns":1},{"damage":0,"enemies":"2 Louse","floor":7,"turns":1},{"damage":17,"enemies":"3 Sentries","floor":8,"turns":6},{"damage":13,"enemies":"Red Slaver","floor":10,"turns":2},{"damage":14,"enemies":"Exordium Thugs","floor":11,"turns":3},{"damage":0,"enemies":"2 Fungi Beasts","floor":12,"turns":3},{"damage":54,"enemies":"Hexaghost","floor":16,"turns":7}],"seed_played":"5819845214892039709","potions_obtained":[{"floor":7,"key":"LiquidBronze"},{"floor":8,"key":"SteroidPotion"},{"floor":10,"key":"Death Potion"},{"floor":12,"key":"Swift Potion"}],"is_trial":false,"path_per_floor":["M","?","?","$","M","E","M","E","T","M","M","M","R","?","R","B"],"character_chosen":"HERMIT","items_purchased":[],"campfire_rested":1,"item_purchase_floors":[],"current_hp_per_floor":[75,75,75,75,75,75,75,58,58,45,31,31,53,53,53,0,0],"gold":210,"neow_bonus":"THREE_ENEMY_KILL","is_daily":false,"chose_seed":false,"campfire_upgraded":1,"win_rate":0.0,"timestamp":1613252811,"path_taken":["M","?","?","$","M","E","M","E","T","M","?","M","R","?","R","BOSS"],"items_purchased_type":[],"build_version":"2020-12-22","purchased_purges":0,"victory":false,"max_hp_per_floor":[75,75,75,75,75,75,75,75,75,75,75,75,75,75,75,75,75],"card_choices":[{"not_picked":["hermit:SprayPray","hermit:Cheat"],"picked":"hermit:Misfire","floor":1},{"not_picked":["hermit:Scavenge","hermit:TrackingShot"],"picked":"hermit:Glare","floor":5},{"not_picked":["hermit:Magnum","hermit:Coalescence"],"picked":"hermit:Spite","floor":6},{"not_picked":["hermit:GhostlyPresence","hermit:Snipe"],"picked":"hermit:SprayPray","floor":7},{"not_picked":["hermit:Purgatory","hermit:Snipe"],"picked":"hermit:Malice","floor":8},{"not_picked":["hermit:Glare","hermit:Coalescence"],"picked":"hermit:Manifest","floor":10},{"not_picked":["hermit:TrackingShot","hermit:BodyArmor","hermit:Showdown"],"picked":"SKIP","floor":11},{"not_picked":["hermit:BlackWind","hermit:Dive"],"picked":"hermit:Grudge","floor":12}],"player_experience":336953,"relics_obtained":[{"floor":6,"key":"Peace Pipe"},{"floor":8,"key":"Gremlin Food"},{"floor":9,"key":"Centennial Puzzle"}],"event_choices":[{"damage_healed":0,"gold_gain":0,"player_choice":"Paid Gold","damage_taken":0,"relics_obtained":["hubris:CrystalStatue"],"max_hp_gain":0,"max_hp_loss":0,"event_name":"WeMeetAgain","floor":3,"gold_loss":80},{"damage_healed":0,"gold_gain":0,"cards_transformed":["Writhe"],"player_choice":"Transformed","damage_taken":0,"max_hp_gain":0,"max_hp_loss":0,"event_name":"Transmorgrifier","floor":14,"gold_loss":0,"cards_obtained":["ReplayTheSpireMod:IOU"]}],"is_beta":false,"boss_relics":[],"items_purged_floors":[],"is_endless":false,"potions_floor_spawned":[7,8,10,12],"killed_by":"Hexaghost","ascension_level":0}}