{"host":"clf2hd4adhiiw0zf","time":1613260508,"event":{"mods":["AchievementEnabler","BaseMod","Beaked The Cultist","Bestiary","Dark Map","Downfall","Gremlin Mod","Hermit","Jorbs\u0027s Wanderer Trilogy","Marisa????????","Minty Spire (QoL Compilation)","Shop Mod","StSLib","The Cursed","The Servant 0.9.4","Wide Potions"],"gold_per_floor":[0,11,27,27,46,46,46,46,46,31,48,63,98,83,102,102,102,102],"floor_reached":16,"language":"ENG","playtime":537,"items_purged":[],"score":163,"play_id":"8d645df4-0d74-43b6-913a-ae55045bb8e2","local_time":"20210213165508","is_ascension_mode":true,"campfire_choices":[{"data":"champ:Execute","floor":1.0,"key":"SMITH"},{"data":"champ:Taunt","floor":8.0,"key":"SMITH"}],"circlet_count":0,"master_deck":["AscendersBane","champ:Strike","champ:Strike","champ:Strike+1","champ:Defend","champ:Defend","champ:Defend+1","champ:Defend","champ:Execute+1","champ:Taunt+1","champ:LastStand","champ:AdrenalArmor","champ:Backstep","champ:TornadoPunch+1","downfall:Malfunctioning","champ:LastStand","champ:FanOfKnives","champ:Duel","champ:GutPunch","champ:PreciseThrust","champ:Haymaker"],"relics":["champ:ChampionCrown","champ:LiftRelic","champ:GladiatorsBookOfMartialProwess"],"acts_visited":["Exordium"],"potions_floor_usage":[],"damage_taken":[{"damage":22.0,"enemies":"Jaw Worm","floor":2.0,"turns":5.0},{"damage":20.0,"enemies":"Small Slimes","floor":3.0,"turns":5.0},{"damage":10.0,"enemies":"2 Louse","floor":5.0,"turns":4.0},{"damage":29.0,"enemies":"downfall:FleeingMerchant","floor":10.0,"turns":4.0},{"damage":30.0,"enemies":"Blue Slaver","floor":11.0,"turns":5.0},{"damage":28.0,"enemies":"Red Slaver","floor":12.0,"turns":4.0},{"damage":55.0,"enemies":"Lagavulin","floor":13.0,"turns":6.0},{"damage":35.0,"enemies":"downfall:FleeingMerchant","floor":14.0,"turns":4.0},{"damage":7.0,"enemies":"3 Louse","floor":15.0,"turns":4.0},{"damage":13,"enemies":"IC_STATUS_ARCHETYPE","floor":16,"turns":6}],"seed_played":"-8191767801153106513","potions_obtained":[{"floor":2.0,"key":"GamblersBrew"},{"floor":11.0,"key":"sneckomod:MuddlingPotion"},{"floor":12.0,"key":"Fruit Juice"},{"floor":15.0,"key":"Ancient Potion"}],"is_trial":false,"path_per_floor":["R","M","M","?","M","?","T","R","?","$","M","M","E","$","M","B"],"character_chosen":"THE_CHAMP","items_purchased":[],"campfire_rested":0,"item_purchase_floors":[],"current_hp_per_floor":[81,79,69,69,69,69,69,69,69,65,65,59,34,19,12,0,0,0],"gold":102,"neow_bonus":"THREE_RARE_CARDS","is_daily":false,"chose_seed":false,"campfire_upgraded":2,"win_rate":0.0,"timestamp":1613260508,"path_taken":["R","M","M","?","M","?","T","R","?","?","M","M","E","$","M","BOSS"],"items_purchased_type":[],"build_version":"2020-12-22","purchased_purges":0,"victory":false,"max_hp_per_floor":[90,90,90,90,90,90,90,90,90,90,90,102,102,102,102,102,102,102],"card_choices":[{"not_picked":["champ:SwordThrow","champ:EnchantSword"],"picked":"champ:LastStand","floor":0.0},{"not_picked":["champ:FalseCounter","champ:BerserkersShout"],"picked":"champ:AdrenalArmor","floor":2.0},{"not_picked":["champ:Circumvent","champ:EndlessRage"],"picked":"champ:Backstep","floor":3.0},{"not_picked":["champ:Haymaker","champ:FocusedDefense"],"picked":"champ:TornadoPunch","floor":5.0},{"not_picked":["champ:RisingSlash","champ:DefensiveStyle"],"picked":"champ:LastStand","floor":10.0},{"not_picked":["champ:RecklessLeap","champ:Shatter"],"picked":"champ:FanOfKnives","floor":11.0},{"not_picked":["champ:BerserkersShout","champ:SwordSigil"],"picked":"champ:Duel","floor":12.0},{"not_picked":["champ:FanOfKnives","champ:Shatter"],"picked":"champ:GutPunch","floor":13.0},{"not_picked":["champ:GutPunch","champ:EnGarde"],"picked":"champ:PreciseThrust","floor":14.0},{"not_picked":["champ:FocusedDefense","champ:PreemptiveStrike"],"picked":"champ:Haymaker","floor":15.0}],"player_experience":281596,"relics_obtained":[{"floor":13.0,"key":"champ:GladiatorsBookOfMartialProwess"}],"event_choices":[],"is_beta":false,"boss_relics":[],"items_purged_floors":[],"is_endless":false,"potions_floor_spawned":[2,11,12,15],"killed_by":"IC_STATUS_ARCHETYPE","ascension_level":12}}