{"host":"362zhnvmfmhc3u7b","time":1613239676,"event":{"mods":["BaseMod","Colored Powertips","Minty Spire (QoL Compilation)","Quick Restart","Rare Cards Sparkle","StSLib"],"gold_per_floor":[113,124,137,156,156,156,190,190,213,247,260,260,317,351,351,428,428,448,234,245,245,295,329,329,329,378,410,55,55,55,90,90,162,162,179,19,19,34,34,34,51,51,51,80,94,316,316,365,365,365,365],"floor_reached":50,"language":"ENG","playtime":3703,"items_purged":["Zap"],"score":1349,"play_id":"ae3cca5e-28fa-42dd-8e34-58ce1299a764","local_time":"20210213130756","is_ascension_mode":true,"campfire_choices":[{"data":"Hologram","floor":6,"key":"SMITH"},{"data":"Undo","floor":8,"key":"SMITH"},{"data":"Dualcast","floor":12,"key":"SMITH"},{"data":"Glacier","floor":15,"key":"SMITH"},{"data":"Biased Cognition","floor":24,"key":"SMITH"},{"data":"Loop","floor":29,"key":"SMITH"},{"data":"Machine Learning","floor":32,"key":"SMITH"},{"data":"Madness","floor":40,"key":"SMITH"},{"floor":42,"key":"RECALL"},{"floor":49,"key":"REST"}],"circlet_count":0,"master_deck":["AscendersBane","Dualcast+1","Cold Snap","Rainbow","Creative AI+1","Hyperbeam","Buffer+1","Sweeping Beam","Rebound","Undo+1","FTL","Barrage","Ball Lightning","Hologram+1","Steam","Self Repair","Static Discharge","Glacier+1","Conserve Battery","Biased Cognition+1","Redo","Conserve Battery","Loop+1","Go for the Eyes+1","Core Surge","White Noise","Heatsinks","Machine Learning+1","Meteor Strike","Undo","Madness+1","Madness","Redo+1","Streamline+1","Amplify","Panacea","Aggregate+1","Self Repair+1"],"relics":["Pandora\u0027s Box","PreservedInsect","Orichalcum","MealTicket","Bottled Tornado","Juzu Bracelet","Nuclear Battery","Anchor","Happy Flower","Red Mask","Letter Opener","Sundial","Dream Catcher","Inserter","Bag of Preparation","Frozen Egg 2","FossilizedHelix"],"acts_visited":["Exordium","TheCity","TheBeyond"],"potions_floor_usage":[4,10,16,16,16,23,38,48,48],"damage_taken":[{"damage":0,"enemies":"2 Louse","floor":1,"turns":1},{"damage":2,"enemies":"Jaw Worm","floor":2,"turns":2},{"damage":0,"enemies":"Small Slimes","floor":3,"turns":1},{"damage":0,"enemies":"Exordium Wildlife","floor":4,"turns":2},{"damage":0,"enemies":"3 Sentries","floor":7,"turns":5},{"damage":0,"enemies":"Gremlin Nob","floor":10,"turns":3},{"damage":1,"enemies":"3 Louse","floor":11,"turns":3},{"damage":0,"enemies":"3 Sentries","floor":13,"turns":2},{"damage":0,"enemies":"Lagavulin","floor":14,"turns":10},{"damage":14,"enemies":"The Guardian","floor":16,"turns":15},{"damage":0,"enemies":"Spheric Guardian","floor":18,"turns":5},{"damage":4,"enemies":"3 Byrds","floor":20,"turns":5},{"damage":0,"enemies":"Book of Stabbing","floor":23,"turns":7},{"damage":0,"enemies":"Masked Bandits","floor":27,"turns":6},{"damage":31,"enemies":"Slavers","floor":31,"turns":6},{"damage":0,"enemies":"Champ","floor":33,"turns":15},{"damage":0,"enemies":"Orb Walker","floor":35,"turns":6},{"damage":0,"enemies":"3 Darklings","floor":38,"turns":4},{"damage":0,"enemies":"Maw","floor":41,"turns":8},{"damage":0,"enemies":"Nemesis","floor":44,"turns":7},{"damage":34,"enemies":"Jaw Worm Horde","floor":45,"turns":5},{"damage":32,"enemies":"2 Orb Walkers","floor":48,"turns":6},{"damage":41,"enemies":"Donu and Deca","floor":50,"turns":5}],"seed_played":"-8868294030826340088","potions_obtained":[{"floor":1,"key":"PowerPotion"},{"floor":2,"key":"SkillPotion"},{"floor":7,"key":"Weak Potion"},{"floor":14,"key":"GamblersBrew"},{"floor":16,"key":"Fruit Juice"},{"floor":20,"key":"Energy Potion"},{"floor":27,"key":"DistilledChaos"},{"floor":31,"key":"Strength Potion"},{"floor":41,"key":"BlessingOfTheForge"}],"is_trial":false,"path_per_floor":["M","M","M","M","?","R","E","R","T","E","M","R","?","E","R","B",null,"M","$","M","?","?","E","R","?","T","?","$","R","T","E","R","B",null,"M","$","?","M","$","R","M","R","T","E","M","?","?","?","R","B"],"character_chosen":"DEFECT","items_purchased":["Conserve Battery","Loop","Heatsinks","Letter Opener","Bag of Preparation"],"campfire_rested":1,"item_purchase_floors":[19,19,28,28,36],"current_hp_per_floor":[64,62,62,62,41,41,41,41,41,41,47,47,47,54,54,52,70,76,76,76,54,54,61,61,61,61,68,81,81,81,57,57,64,77,81,81,66,73,81,81,81,81,81,81,47,47,47,15,39,0,0],"gold":365,"neow_bonus":"BOSS_RELIC","is_daily":false,"chose_seed":false,"campfire_upgraded":8,"win_rate":0.0,"timestamp":1613239676,"path_taken":["M","M","M","M","?","R","E","R","T","E","M","R","?","E","R","BOSS","M","$","M","?","?","E","R","?","T","?","$","R","?","E","R","BOSS","M","?","?","M","$","R","M","R","T","E","M","?","?","?","R","BOSS"],"items_purchased_type":["Card","Card","Card","Relic","Relic"],"build_version":"2020-12-22","purchased_purges":1,"victory":false,"max_hp_per_floor":[71,71,71,71,71,71,71,71,71,71,71,71,71,71,71,76,76,76,76,76,81,81,81,81,81,81,81,81,81,81,81,81,81,81,81,81,81,81,81,81,81,81,81,81,81,81,81,81,81,81,81],"card_choices":[{"not_picked":["Compile Driver","Steam Power"],"picked":"FTL","floor":1},{"not_picked":["Doom and Gloom","Rebound"],"picked":"Barrage","floor":2},{"not_picked":["Streamline","Turbo"],"picked":"Ball Lightning","floor":3},{"not_picked":["Force Field","Chaos"],"picked":"Hologram","floor":4},{"not_picked":["Beam Cell","Compile Driver"],"picked":"Steam","floor":7},{"not_picked":["Beam Cell","Streamline"],"picked":"Self Repair","floor":10},{"not_picked":["Gash","Compile Driver"],"picked":"Static Discharge","floor":11},{"not_picked":["Rebound","White Noise"],"picked":"Glacier","floor":13},{"not_picked":["Tempest","Turbo"],"picked":"Conserve Battery","floor":14},{"not_picked":["Creative AI","Hyperbeam"],"picked":"Biased Cognition","floor":16},{"not_picked":["Sweeping Beam","Cold Snap"],"picked":"Redo","floor":18},{"not_picked":["Streamline","Cold Snap"],"picked":"Go for the Eyes+1","floor":20},{"not_picked":["Go for the Eyes","Steam","Beam Cell"],"picked":"SKIP","floor":23},{"not_picked":["Leap","Turbo"],"picked":"White Noise","floor":27},{"not_picked":["Reprogram","Steam Power"],"picked":"Machine Learning","floor":31},{"not_picked":["Hyperbeam","Buffer"],"picked":"Meteor Strike","floor":33},{"not_picked":["Rebound+1","Redo"],"picked":"Undo","floor":35},{"not_picked":["Compile Driver","Ball Lightning"],"picked":"Redo+1","floor":38},{"not_picked":["Leap","Melter"],"picked":"Streamline+1","floor":41},{"not_picked":["Sweeping Beam","Chaos"],"picked":"Amplify","floor":44},{"not_picked":["Double Energy","Beam Cell","Rebound"],"picked":"SKIP","floor":45},{"not_picked":["Trip","Swift Strike"],"picked":"Panacea","floor":47},{"not_picked":["Stack","Barrage"],"picked":"Aggregate+1","floor":48},{"not_picked":["Scrape+1","Compile Driver"],"picked":"Self Repair+1","floor":49}],"player_experience":1608803,"relics_obtained":[{"floor":7,"key":"PreservedInsect"},{"floor":9,"key":"Orichalcum"},{"floor":10,"key":"MealTicket"},{"floor":13,"key":"Bottled Tornado"},{"floor":14,"key":"Juzu Bracelet"},{"floor":23,"key":"Anchor"},{"floor":26,"key":"Happy Flower"},{"floor":27,"key":"Red Mask"},{"floor":30,"key":"Sundial"},{"floor":31,"key":"Dream Catcher"},{"floor":44,"key":"Frozen Egg 2"},{"floor":48,"key":"FossilizedHelix"}],"event_choices":[{"damage_healed":0,"gold_gain":0,"player_choice":"Entered Light","damage_taken":21,"max_hp_gain":0,"max_hp_loss":0,"event_name":"Shining Light","floor":5,"gold_loss":0,"cards_upgraded":["Buffer","Creative AI"]},{"damage_healed":0,"gold_gain":0,"player_choice":"Searched \u00271\u0027 times","damage_taken":0,"max_hp_gain":0,"max_hp_loss":0,"event_name":"Dead Adventurer","floor":13,"gold_loss":0},{"damage_healed":0,"gold_gain":0,"player_choice":"Shed Blood","damage_taken":27,"max_hp_gain":5,"max_hp_loss":0,"event_name":"Forgotten Altar","floor":21,"gold_loss":0},{"damage_healed":0,"gold_gain":50,"player_choice":"Stole From Cult","damage_taken":0,"max_hp_gain":0,"max_hp_loss":0,"event_name":"Nest","floor":22,"gold_loss":0},{"damage_healed":0,"gold_gain":0,"player_choice":"Read","damage_taken":0,"max_hp_gain":0,"max_hp_loss":0,"event_name":"The Library","floor":25,"gold_loss":0,"cards_obtained":["Core Surge"]},{"damage_healed":0,"gold_gain":0,"player_choice":"Fought Bandits","damage_taken":0,"max_hp_gain":0,"max_hp_loss":0,"event_name":"Masked Bandits","floor":27,"gold_loss":0},{"damage_healed":0,"gold_gain":0,"player_choice":"Embrace Madness","damage_taken":15,"max_hp_gain":0,"max_hp_loss":0,"event_name":"Winding Halls","floor":37,"gold_loss":0,"cards_obtained":["Madness","Madness"]},{"damage_healed":0,"gold_gain":222,"player_choice":"Wore Mask","damage_taken":0,"max_hp_gain":0,"max_hp_loss":0,"event_name":"Tomb of Lord Red Mask","floor":46,"gold_loss":0},{"damage_healed":0,"gold_gain":0,"player_choice":"Memory 1","damage_taken":0,"max_hp_gain":0,"max_hp_loss":0,"event_name":"SensoryStone","floor":47,"gold_loss":0},{"damage_healed":0,"gold_gain":0,"player_choice":"Fight","damage_taken":0,"max_hp_gain":0,"max_hp_loss":0,"event_name":"Mysterious Sphere","floor":48,"gold_loss":0}],"is_beta":false,"boss_relics":[{"not_picked":["Coffee Dripper","SacredBark"],"picked":"Nuclear Battery"},{"not_picked":["Busted Crown","Runic Pyramid"],"picked":"Inserter"}],"items_purged_floors":[19],"is_endless":false,"potions_floor_spawned":[1,2,7,14,16,20,27,31,41,45],"killed_by":"Donu and Deca","ascension_level":18}}