{"host":"b7j598ve05halrwk","time":1613194803,"event":{"mods":["2.2 Compatiblity","BaseMod","Block Reminder","DeckTracker","Minty Spire (QoL Compilation)","Relic Stats","Slay the Relics Exporter","StSLib","ojb\u0027s Better Paths Mod","ojb\u0027s Info Mod"],"gold_per_floor":[15,15,30,105,117,150,150,170,170,201,201,220,252,271,271,346,346,366,381,306,18,18,18,18,18],"floor_reached":24,"language":"ENG","playtime":1467,"items_purged":[],"score":432,"play_id":"935df30d-648a-4e15-b499-ec2dc20fb96c","local_time":"20210213004003","is_ascension_mode":true,"campfire_choices":[{"floor":7.0,"key":"REST"},{"floor":15.0,"key":"REST"},{"data":"Sweeping Beam","floor":23,"key":"SMITH"}],"circlet_count":0,"master_deck":["AscendersBane","Strike_B","Defend_B","Defend_B","Defend_B","Zap","Dualcast","Ball Lightning","Rebound","Coolheaded","Sweeping Beam+1","Steam","FTL","Beam Cell","Lockon","Defragment","Conserve Battery","Cold Snap","Loop","All For One","Hologram+1","Go for the Eyes","All For One","Aggregate","Self Repair","Chrysalis"],"relics":["Cracked Core","Prayer Wheel","Matryoshka","StrikeDummy","Bag of Preparation","Runic Dome","SsserpentHead"],"acts_visited":["Exordium","TheCity"],"potions_floor_usage":[18,24],"damage_taken":[{"damage":0.0,"enemies":"2 Louse","floor":1.0,"turns":1.0},{"damage":4.0,"enemies":"Jaw Worm","floor":3.0,"turns":3.0},{"damage":10.0,"enemies":"Small Slimes","floor":5.0,"turns":2.0},{"damage":29.0,"enemies":"3 Sentries","floor":6.0,"turns":5.0},{"damage":2.0,"enemies":"3 Louse","floor":8.0,"turns":2.0},{"damage":15.0,"enemies":"Lagavulin","floor":10.0,"turns":6.0},{"damage":0.0,"enemies":"2 Fungi Beasts","floor":12.0,"turns":2.0},{"damage":13.0,"enemies":"3 Sentries","floor":13.0,"turns":5.0},{"damage":0.0,"enemies":"Red Slaver","floor":14.0,"turns":3.0},{"damage":8.0,"enemies":"The Guardian","floor":16.0,"turns":11.0},{"damage":3,"enemies":"Spheric Guardian","floor":18,"turns":4},{"damage":6,"enemies":"Shell Parasite","floor":19,"turns":5},{"damage":68,"enemies":"Gremlin Leader","floor":24,"turns":7}],"seed_played":"-1559908945646980022","potions_obtained":[{"floor":5.0,"key":"Energy Potion"},{"floor":6.0,"key":"LiquidBronze"},{"floor":12.0,"key":"Weak Potion"},{"floor":14.0,"key":"Regen Potion"},{"floor":18,"key":"Weak Potion"}],"is_trial":false,"path_per_floor":["M","?","M","?","M","E","R","M","T","E","?","M","E","M","R","B",null,"M","M","?","$","?","R","E"],"character_chosen":"DEFECT","items_purchased":["Self Repair","Chrysalis"],"campfire_rested":2,"item_purchase_floors":[21,21],"current_hp_per_floor":[64,64,60,49,39,10,31,29,29,14,14,14,1,1,22,14,57,66,60,60,60,60,60,0,0],"gold":18,"neow_bonus":"REMOVE_TWO","is_daily":false,"chose_seed":false,"campfire_upgraded":1,"win_rate":0.0,"timestamp":1613194803,"path_taken":["M","?","M","?","M","E","R","M","T","E","?","M","E","M","R","BOSS","M","M","?","$","?","R","E"],"items_purchased_type":["Card","Card"],"build_version":"2020-12-22","purchased_purges":0,"victory":false,"max_hp_per_floor":[71,71,71,71,71,71,71,71,71,71,71,71,71,71,71,71,71,71,71,71,71,71,71,71,71],"relic_stats":{"SsserpentHead":0,"counters":[13,56],"Prayer Wheel":5,"Bag of Preparation":[10],"obtain_stats":[{"Runic Dome":17,"SsserpentHead":22,"Matryoshka":9,"Prayer Wheel":6,"Bag of Preparation":13,"Cracked Core":0,"StrikeDummy":10},{"Runic Dome":10,"SsserpentHead":12,"Matryoshka":5,"Prayer Wheel":4,"Bag of Preparation":8,"Cracked Core":0,"StrikeDummy":6},{"Runic Dome":40,"SsserpentHead":49,"Matryoshka":13,"Prayer Wheel":11,"Bag of Preparation":26,"Cracked Core":0,"StrikeDummy":19}]},"card_choices":[{"not_picked":["Genetic Algorithm","Gash"],"picked":"Ball Lightning","floor":1.0},{"not_picked":["Capacitor","Compile Driver"],"picked":"Coolheaded","floor":3.0},{"not_picked":["Stack","Compile Driver"],"picked":"Sweeping Beam","floor":5.0},{"not_picked":["Heatsinks","Storm"],"picked":"Steam","floor":6.0},{"not_picked":["Conserve Battery","Cold Snap"],"picked":"FTL","floor":8.0},{"not_picked":["Thunder Strike","Double Energy"],"picked":"Beam Cell","floor":8.0},{"not_picked":["Fusion","Stack"],"picked":"Lockon","floor":10.0},{"not_picked":["Cold Snap","Consume"],"picked":"Defragment","floor":12.0},{"not_picked":["Leap","Turbo"],"picked":"Conserve Battery","floor":12.0},{"not_picked":["Reprogram","Recycle","Amplify"],"picked":"SKIP","floor":13.0},{"not_picked":["Beam Cell","Leap"],"picked":"Cold Snap","floor":14.0},{"not_picked":["Turbo","Heatsinks"],"picked":"Loop","floor":14.0},{"not_picked":["Meteor Strike","Machine Learning"],"picked":"All For One","floor":16.0},{"not_picked":["Rebound","Heatsinks"],"picked":"Hologram+1","floor":18},{"not_picked":["Sweeping Beam","Ball Lightning"],"picked":"Go for the Eyes","floor":18},{"not_picked":["Compile Driver","Steam Power"],"picked":"All For One","floor":19},{"not_picked":["Cold Snap","Defragment"],"picked":"Aggregate","floor":19}],"player_experience":1141564,"relics_obtained":[{"floor":6.0,"key":"Prayer Wheel"},{"floor":9.0,"key":"Matryoshka"},{"floor":10.0,"key":"StrikeDummy"},{"floor":13.0,"key":"Bag of Preparation"}],"event_choices":[{"damage_healed":0.0,"max_hp_gain":0.0,"max_hp_loss":0.0,"gold_gain":0.0,"cards_transformed":["Defend_B"],"event_name":"Living Wall","player_choice":"Change","floor":2.0,"gold_loss":0.0,"damage_taken":0.0,"cards_obtained":["Rebound"]},{"damage_healed":0.0,"max_hp_gain":0.0,"max_hp_loss":0.0,"gold_gain":75.0,"event_name":"World of Goop","player_choice":"Gather Gold","floor":4.0,"gold_loss":0.0,"damage_taken":11.0},{"damage_healed":0.0,"max_hp_gain":0.0,"max_hp_loss":0.0,"gold_gain":0.0,"event_name":"Shining Light","player_choice":"Ignored","floor":11.0,"gold_loss":0.0,"damage_taken":0.0},{"cards_removed":["Strike_B"],"damage_healed":0,"gold_gain":0,"player_choice":"Gave Gold","damage_taken":0,"max_hp_gain":0,"max_hp_loss":0,"event_name":"Beggar","floor":20,"gold_loss":75},{"damage_healed":0,"gold_gain":0,"player_choice":"Trade","damage_taken":0,"relics_obtained":["SsserpentHead"],"max_hp_gain":0,"max_hp_loss":0,"event_name":"FaceTrader","floor":22,"gold_loss":0}],"is_beta":false,"boss_relics":[{"not_picked":["Black Star","Ectoplasm"],"picked":"Runic Dome"}],"items_purged_floors":[],"is_endless":false,"potions_floor_spawned":[5,6,12,14,18],"killed_by":"Gremlin Leader","ascension_level":20}}