{"host":"u0qetpmu4y58k1tf","time":1613245070,"event":{"mods":["100% Spire Juice","AchievementEnabler","Act Like it!","BaseMod","CapriCore","Colored Map","Colored Powertips","Hermit","Koishi","Marisa£¨Ùöéë¡¡Øª×âÞÞ£©","Minty Spire (QoL Compilation)","Quick Restart","Reliquary","Replay The Spire","StSLib","Td1madao Mod","The Bug Knight","The Cursed","The Gatherer","The Hierophant","The Immortal","The Jungle","The Runesmith","WarShipGirlsR/??á´Ò³R mod"],"gold_per_floor":[117,117,117,67,13,13,13,48,121,121,136,160,160,9,9,140,140,156,156,156,177,177,177,208,43,43,74,94,94,114,154,154,154,154],"floor_reached":33,"language":"KOR","playtime":1304,"items_purged":["Amnesia"],"score":399,"play_id":"7fe45aba-bc45-4e1f-8b64-d88f2642e523","local_time":"20210214043750","is_ascension_mode":false,"campfire_choices":[{"data":"rmod:chargemoney","floor":6,"key":"SMITH"},{"data":"rmod:aviationdawn","floor":10,"key":"SMITH"},{"data":"Koishi:SubconsciousSweep","floor":13,"key":"SMITH"},{"data":"Sub Weapons","floor":15,"key":"SMITH"},{"floor":23,"key":"DIG"},{"floor":29,"key":"DIG"}],"circlet_count":0,"master_deck":["rmod:strick","rmod:strick","rmod:strick","rmod:strick","rmod:defend","rmod:defend","rmod:defend","rmod:defend","rmod:basicallowance","rmod:maingunfire","rmod:aviationdawn+1","rmod:chargemoney","rmod:chargemoney+1","Sub Weapons+1","Koishi:SubconsciousSweep+1","Gatherer:ColorfulGarden+1","Flex","GalacticHalo+1","SprinkleStarSeal","Koishi:SilentAndRestless","Koishi:FadingMemory"],"relics":["NeowsBlessing","Golden Idol","Simple Rune","PrismaticShard","Replay:Baseball","Iron Hammer","Membership Card","rmod:mogul","Shovel","theJungle:BirthdayCake","Mercury Hourglass","Unceasing Top","HollowMod:LifeEnderRelic","reliquary:PrincelyHelmet","Replay:WaspNest","reliquary:NewFriend","Peace Pipe"],"acts_visited":["Exordium","Exordium"],"potions_floor_usage":[27,31],"damage_taken":[{"damage":0,"enemies":"2 Louse","floor":1,"turns":1},{"damage":0,"enemies":"Lagavulin","floor":8,"turns":1},{"damage":0,"enemies":"Jaw Worm","floor":11,"turns":1},{"damage":0,"enemies":"Small Slimes","floor":12,"turns":2},{"damage":3,"enemies":"The Guardian","floor":16,"turns":9},{"damage":17,"enemies":"theJungle:Flameango_and_Byrd","floor":18,"turns":7},{"damage":10,"enemies":"Shell Parasite","floor":21,"turns":5},{"damage":0,"enemies":"theJungle:MamaSnecko","floor":24,"turns":5},{"damage":0,"enemies":"theJungle:2_Phrogs","floor":27,"turns":6},{"damage":18,"enemies":"Snake Plant","floor":28,"turns":5},{"damage":6,"enemies":"theJungle:Snecko_Cultist_And_Trap","floor":30,"turns":4},{"damage":18,"enemies":"theJungle:Cassacara","floor":31,"turns":6},{"damage":41,"enemies":"theJungle:TotemBoss","floor":33,"turns":4}],"seed_played":"2546815149304294749","potions_obtained":[{"floor":12,"key":"Toxic Potion"},{"floor":16,"key":"SteroidPotion"},{"floor":27,"key":"LifebloodPotion"},{"floor":28,"key":"SkillPotion"}],"is_trial":false,"path_per_floor":["M","?","?","?","$","R","?","E","T","R","M","M","R","$","R","B",null,"M","?","?","M","?","R","E","$","T","E","M","R","M","E","R_BF","B"],"character_chosen":"PRAEFECT","items_purchased":["rmod:chargemoney","Membership Card","HollowMod:LifeEnderRelic"],"campfire_rested":0,"item_purchase_floors":[5,14,25],"current_hp_per_floor":[75,57,57,57,57,57,57,57,57,57,57,57,57,57,57,54,75,58,42,42,32,52,52,52,52,52,52,34,34,28,10,38,0,0],"gold":154,"neow_bonus":"THREE_ENEMY_KILL","is_daily":false,"chose_seed":false,"campfire_upgraded":4,"win_rate":0.0,"timestamp":1613245070,"path_taken":["M","?","?","?","$","R","?","E","T","R","M","?","R","?","R","BOSS","M","?","?","M","?","R","E","$","T","E","?","R","M","E","R_BF","BOSS"],"items_purchased_type":["Card","Relic","Relic"],"build_version":"2020-12-22","purchased_purges":1,"victory":false,"max_hp_per_floor":[75,75,75,75,75,75,75,75,75,75,75,75,75,75,75,75,75,75,75,75,75,95,95,95,95,95,95,95,95,95,95,95,95,95],"card_choices":[{"not_picked":["rmod:combined","rmod:tearstotiara"],"picked":"rmod:aviationdawn","floor":1},{"not_picked":["Koishi:DNAsFlaw","Barrage"],"picked":"Sub Weapons","floor":8},{"not_picked":["HollowMod:LifebloodCocoon","Gatherer:FlowerShield","Koishi:StrangeCloudFist"],"picked":"SKIP","floor":11},{"not_picked":["ReplaySolidLightProjector","Gatherer:TreeGrowth"],"picked":"Koishi:SubconsciousSweep","floor":12},{"not_picked":["HollowMod:SoulMaster","HollowMod:VoidDash"],"picked":"Gatherer:ColorfulGarden","floor":16},{"not_picked":["HollowMod:TaintedHusks","Gatherer:CarefulStrike"],"picked":"Flex","floor":18},{"not_picked":["Vengeance","JustLucky+1"],"picked":"GalacticHalo+1","floor":21},{"not_picked":["hierophant:SolarFlare","Darkness"],"picked":"SprinkleStarSeal","floor":24},{"not_picked":["Koishi:UnansweredLove","hermit:LowProfile"],"picked":"Koishi:SilentAndRestless","floor":27},{"not_picked":["TheCursedMod:VitalStrike","6A+1","DoubleSpark"],"picked":"SKIP","floor":28},{"not_picked":["Moonworks:Assault","Moonworks:IntelligenceOfficer+1","PiercingWail+1"],"picked":"SKIP","floor":30},{"not_picked":["MeteoricShower","Coolheaded"],"picked":"Koishi:FadingMemory","floor":31}],"player_experience":125800,"relics_obtained":[{"floor":8,"key":"Replay:Baseball"},{"floor":9,"key":"Iron Hammer"},{"floor":23,"key":"Mercury Hourglass"},{"floor":24,"key":"Unceasing Top"},{"floor":26,"key":"reliquary:PrincelyHelmet"},{"floor":27,"key":"Replay:WaspNest"},{"floor":29,"key":"reliquary:NewFriend"},{"floor":31,"key":"Peace Pipe"}],"event_choices":[{"damage_healed":0,"gold_gain":0,"player_choice":"Take Damage","damage_taken":18,"relics_obtained":["Golden Idol"],"max_hp_gain":0,"max_hp_loss":0,"event_name":"Golden Idol","floor":2,"gold_loss":0},{"damage_healed":0,"gold_gain":0,"player_choice":"Box","damage_taken":0,"relics_obtained":["Simple Rune"],"max_hp_gain":0,"max_hp_loss":0,"event_name":"Big Fish","floor":3,"gold_loss":0,"cards_obtained":["Regret"]},{"cards_removed":["Regret"],"damage_healed":0,"gold_gain":0,"player_choice":"Card Removal","damage_taken":0,"max_hp_gain":0,"max_hp_loss":0,"event_name":"The Cleric","floor":4,"gold_loss":50}],"is_beta":false,"boss_relics":[{"not_picked":["Snecko Eye","SlaversCollar"],"picked":"rmod:mogul"}],"items_purged_floors":[25],"is_endless":false,"potions_floor_spawned":[12,16,27,28],"killed_by":"theJungle:TotemBoss","ascension_level":0}}