{"host":"ox77rn1xcurm2t5a","time":1613223348,"event":{"mods":["2.2 Compatiblity","AchievementEnabler","Act Like it!","Aspiration","BaseMod","Best Route Mod","Better Match","Better Note","Better Sensory Stone","Block Reminder","Colored Map","Colored Powertips","Conjunction","Conspire","Custom Start","Energized Spire","GifTheSpireLib","Gold Saver","Gremlin Skip","Halation","Highlight Path","Hubris","Infinite Spire","Minty Spire (QoL Compilation)","Pale of the Ancients","Quick Restart","Replay The Spire","Reworked Bosses","ShortenTheSpire","Spire Exporter","StSLib","Stuff the Spire","Wandering Minibosses"],"gold_per_floor":[976,976,992,223,223,223,223,252,302,42,62,62,73,102,102,206,206,216,231,81,81,97,97,128,140,152,195,207,234,246,15,15,110,110,123,43,61,61,61],"floor_reached":38,"language":"ENG","playtime":920,"items_purged":["Defend_R"],"score":517,"play_id":"4cec8059-0831-491c-aacb-7915fe330c3f","local_time":"20210213153548","is_ascension_mode":true,"campfire_choices":[{"floor":6.0,"key":"RECALL"},{"data":"Rampage","floor":12.0,"key":"SMITH"},{"data":"Twin Strike","floor":15.0,"key":"SMITH"},{"data":"Strike_R","floor":23.0,"key":"SMITH"},{"data":"Strike_R","floor":25.0,"key":"SMITH"},{"data":"Strike_R","floor":28.0,"key":"SMITH"},{"data":"Strike_R","floor":30.0,"key":"SMITH"},{"data":"Strike_R","floor":32.0,"key":"SMITH"}],"circlet_count":0,"master_deck":["Strike_R+1","Strike_R+1","Strike_R+1","Strike_R+1","Strike_R+1","Defend_R","Defend_R","Defend_R","Bash+1","Rampage+1","Twin Strike+1","Bludgeon+1","Berserk+1","Anger+1","FIFO Queue+1","Sword Boomerang+1","Twin Strike+1"],"relics":["Burning Blood","Eternal Feather","Vajra","Sling","halation:WeightlessCrab","hubris:TenFootPole","TheAbacus","Golden Egg","Brimstone","MawBank","Frozen Egg 2","infinitespire:FocusingShard","StuffTheSpire:Mouthbags","aspiration:DefectSkillbook"],"acts_visited":["Exordium","TheCity","TheBeyond"],"potions_floor_usage":[],"damage_taken":[{"damage":1.0,"enemies":"conspire:RoseBush","floor":1.0,"turns":3.0},{"damage":8.0,"enemies":"2 Louse","floor":3.0,"turns":6.0},{"damage":13.0,"enemies":"Lagavulin","floor":8.0,"turns":4.0},{"damage":0.0,"enemies":"Cultist","floor":11.0,"turns":2.0},{"damage":3.0,"enemies":"Blue Slaver","floor":13.0,"turns":2.0},{"damage":0.0,"enemies":"Gremlin Nob","floor":14.0,"turns":2.0},{"damage":36.0,"enemies":"The Guardian","floor":16.0,"turns":13.0},{"damage":0.0,"enemies":"Chosen","floor":18.0,"turns":3.0},{"damage":32.0,"enemies":"conspire:FuzzyDice","floor":19.0,"turns":9.0},{"damage":21.0,"enemies":"3 Cultists","floor":22.0,"turns":5.0},{"damage":61.0,"enemies":"Slavers","floor":24.0,"turns":4.0},{"damage":0.0,"enemies":"conspire:Head Lice","floor":27.0,"turns":7.0},{"damage":12.0,"enemies":"Snecko","floor":29.0,"turns":3.0},{"damage":99.0,"enemies":"Automaton","floor":33.0,"turns":8.0},{"damage":7.0,"enemies":"Orb Walker","floor":35.0,"turns":2.0},{"damage":7.0,"enemies":"3 Shapes","floor":37.0,"turns":4.0},{"damage":83,"enemies":"Maw","floor":38,"turns":4}],"seed_played":"8774432394616934464","potions_obtained":[{"floor":3.0,"key":"SpeedPotion"},{"floor":13.0,"key":"AttackPotion"},{"floor":16.0,"key":"Block Potion"},{"floor":18.0,"key":"Regen Potion"},{"floor":27.0,"key":"LiquidMemories"},{"floor":29.0,"key":"Swift Potion"}],"is_trial":false,"path_per_floor":["M","?","M","$","?","R","T","E","T","$","M","R","M","E","R","B",null,"M","M","$","?","M","R","E","R","T","E","R","M","R","$","R","B",null,"M","$","M","M"],"character_chosen":"IRONCLAD","items_purchased":["Eternal Feather","Vajra","Sling","FairyPotion","SpeedPotion","TheAbacus","Bludgeon+1","Brimstone","StuffTheSpire:Mouthbags","FairyPotion","FIFO Queue+1"],"campfire_rested":0,"item_purchase_floors":[4,4,4,4,4,10,10,20,31,31,36],"current_hp_per_floor":[80,80,78,78,78,80,80,73,73,73,79,80,80,80,80,50,80,80,69,69,69,54,60,30,36,36,42,48,42,48,48,54,30,80,79,79,78,0,0],"gold":61,"neow_bonus":"UPGRADE_CARD","is_daily":false,"chose_seed":false,"campfire_upgraded":7,"win_rate":0.0,"timestamp":1613223348,"path_taken":["M","?","M","$","?","R","?","E","T","$","?","R","M","E","R","BOSS","M","M","$","?","M","R","E","R","T","E","R","?","R","$","R","BOSS","M","$","M","M"],"items_purchased_type":["Relic","Relic","Relic","Potion","Potion","Relic","Card","Relic","Relic","Potion","Card"],"build_version":"2020-12-22","purchased_purges":1,"victory":false,"max_hp_per_floor":[80,80,80,80,80,80,80,80,80,80,80,80,80,80,80,80,80,80,80,80,80,80,80,80,80,80,80,80,80,80,80,80,80,80,80,80,80,80,80],"card_choices":[{"not_picked":["Clothesline","Evolve"],"picked":"Rampage","floor":1.0},{"not_picked":["Rupture","Hemokinesis"],"picked":"Twin Strike","floor":3.0},{"not_picked":["Headbutt","StuffTheSpire:BloodClot","Flex"],"picked":"SKIP","floor":8.0},{"not_picked":["Bloodletting","StuffTheSpire:Slingshot","Searing Blow"],"picked":"SKIP","floor":11.0},{"not_picked":["Carnage","Juggernaut","Flex"],"picked":"SKIP","floor":13.0},{"not_picked":["Abandon","hubris:ReadiedAction","Flex"],"picked":"SKIP","floor":14.0},{"not_picked":["hubris:CleavingFinish","ReplayTheSpireMod:Strike From Hell","Clothesline"],"picked":"SKIP","floor":18.0},{"not_picked":["StuffTheSpire:Slingshot","Abandon","StuffTheSpire:Incineration"],"picked":"SKIP","floor":19.0},{"not_picked":["Armaments","True Grit+1"],"picked":"Twin Strike+1","floor":22.0},{"not_picked":["Second Wind","Barricade","StuffTheSpire:RockThrow"],"picked":"SKIP","floor":24.0},{"not_picked":["ReplayTheSpireMod:Strike From Hell+1","ReplayTheSpireMod:Corrosion Curse","Wild Strike"],"picked":"SKIP","floor":27.0},{"not_picked":["StuffTheSpire:RockThrow","Armaments","ReplayTheSpireMod:Strike From Hell"],"picked":"SKIP","floor":29.0},{"not_picked":["Corruption+1","StuffTheSpire:TitanForm+1"],"picked":"Berserk+1","floor":33.0},{"not_picked":["Double Energy+1","ReplayTheSpireMod:Limb From Limb","True Grit+1"],"picked":"Anger+1","floor":35.0},{"not_picked":["Conserve Battery","conspire:Rain","Armaments+1"],"picked":"Sword Boomerang+1","floor":37.0}],"player_experience":3099665,"relics_obtained":[{"floor":8.0,"key":"halation:WeightlessCrab"},{"floor":9.0,"key":"hubris:TenFootPole"},{"floor":14.0,"key":"Golden Egg"},{"floor":24.0,"key":"MawBank"},{"floor":26.0,"key":"Frozen Egg 2"},{"floor":27.0,"key":"infinitespire:FocusingShard"}],"event_choices":[{"damage_healed":0.0,"max_hp_gain":0.0,"max_hp_loss":0.0,"gold_gain":0.0,"event_name":"betterNote:BetterNote","player_choice":"Ignored","floor":21.0,"gold_loss":0.0,"damage_taken":0.0,"cards_obtained":["Strike_P"]}],"is_beta":false,"boss_relics":[{"not_picked":["halation:CatFaceCupcake","ChewingGum","ReplayTheSpireMod:DimensionalGlitch"]},{"not_picked":["Kintsugi","Replay:Drink Me"],"picked":"aspiration:DefectSkillbook"}],"items_purged_floors":[4],"is_endless":false,"potions_floor_spawned":[3,13,16,18,27,29],"killed_by":"Maw","ascension_level":2}}