{"host":"i7jfea87xc8lz16p","time":1613221241,"event":{"mods":["AchievementEnabler","BaseMod","Colored Powertips","Minty Spire (QoL Compilation)","Relic Stats"],"gold_per_floor":[118,134,152,171,185,212,212,212,264,264,274,41,55,70,70,144,144,158,7,27,27,47,47,79,79,105,105,123,123,123,135,135,135,135],"floor_reached":33,"language":"ENG","playtime":1507,"items_purged":["Strike_G","Strike_G"],"score":542,"play_id":"e30c4b35-3830-4401-a02e-6f8b0b4caf23","local_time":"20210213140041","is_ascension_mode":true,"campfire_choices":[{"data":"Noxious Fumes","floor":10,"key":"SMITH"},{"floor":15,"key":"REST"},{"data":"Skewer","floor":23,"key":"SMITH"},{"data":"Quick Slash","floor":25,"key":"SMITH"},{"floor":27,"key":"REST"},{"data":"Backflip","floor":30,"key":"SMITH"},{"data":"Predator","floor":32,"key":"SMITH"}],"circlet_count":0,"master_deck":["AscendersBane","Strike_G+1","Defend_G+1","Defend_G+1","Defend_G+1","Defend_G+1","Defend_G+1","Survivor","Neutralize","Flying Knee","Predator+1","Noxious Fumes+1","Blur","Skewer+1","Parasite","Adrenaline","Leg Sweep","PiercingWail","Backflip+1","Quick Slash+1","Tools of the Trade","Decay","Acrobatics"],"relics":["Ring of the Snake","Anchor","Nunchaku","TwistedFunnel","Cursed Key","Mummified Hand","Potion Belt"],"acts_visited":["Exordium","TheCity"],"potions_floor_usage":[6,33,33,33,33],"damage_taken":[{"damage":18,"enemies":"Jaw Worm","floor":1,"turns":10},{"damage":1,"enemies":"Cultist","floor":2,"turns":5},{"damage":1,"enemies":"2 Louse","floor":3,"turns":3},{"damage":2,"enemies":"2 Fungi Beasts","floor":4,"turns":3},{"damage":0,"enemies":"Blue Slaver","floor":5,"turns":6},{"damage":21,"enemies":"Lagavulin","floor":6,"turns":8},{"damage":11,"enemies":"Large Slime","floor":11,"turns":5},{"damage":0,"enemies":"2 Fungi Beasts","floor":13,"turns":3},{"damage":3,"enemies":"Lots of Slimes","floor":14,"turns":3},{"damage":15,"enemies":"The Guardian","floor":16,"turns":13},{"damage":6,"enemies":"2 Thieves","floor":18,"turns":5},{"damage":1,"enemies":"Shell Parasite","floor":20,"turns":5},{"damage":0,"enemies":"Centurion and Healer","floor":22,"turns":7},{"damage":16,"enemies":"Slavers","floor":24,"turns":6},{"damage":5,"enemies":"Shelled Parasite and Fungi","floor":28,"turns":5},{"damage":1,"enemies":"Snake Plant","floor":31,"turns":4},{"damage":64,"enemies":"Collector","floor":33,"turns":11}],"seed_played":"6357082140260982417","potions_obtained":[{"floor":1,"key":"Ancient Potion"},{"floor":3,"key":"LiquidBronze"},{"floor":16,"key":"Swift Potion"},{"floor":24,"key":"GhostInAJar"},{"floor":28,"key":"Dexterity Potion"},{"floor":31,"key":"Explosive Potion"}],"is_trial":false,"path_per_floor":["M","M","M","M","M","E","?","?","T","R","M","$","M","M","R","B",null,"M","$","M","?","M","R","E","R","T","R","M","?","R","M","R","B"],"character_chosen":"THE_SILENT","items_purchased":["TwistedFunnel","PiercingWail"],"campfire_rested":2,"item_purchase_floors":[12,19],"current_hp_per_floor":[41,40,39,37,37,16,32,25,25,25,14,14,14,11,30,15,53,47,47,46,46,46,46,30,30,30,49,44,44,44,43,43,0,0],"gold":135,"neow_bonus":"REMOVE_CARD","is_daily":false,"chose_seed":false,"campfire_upgraded":5,"win_rate":0.0,"timestamp":1613221241,"path_taken":["M","M","M","M","M","E","?","?","T","R","M","$","?","M","R","BOSS","M","$","?","?","M","R","E","R","T","R","M","?","R","M","R","BOSS"],"items_purchased_type":["Relic","Card"],"build_version":"2020-12-22","purchased_purges":2,"victory":false,"max_hp_per_floor":[66,66,66,66,66,66,66,66,66,66,66,66,66,66,66,66,66,66,66,66,66,66,66,66,66,66,66,66,66,66,66,66,66,66],"relic_stats":{"Nunchaku":[10],"counters":[17,102],"Mummified Hand":[7],"Cursed Key":1,"obtain_stats":[{"TwistedFunnel":12,"Potion Belt":26,"Anchor":6,"Nunchaku":9,"Mummified Hand":24,"Cursed Key":17,"Ring of the Snake":0},{"TwistedFunnel":7,"Potion Belt":14,"Anchor":6,"Nunchaku":6,"Mummified Hand":14,"Cursed Key":10,"Ring of the Snake":0},{"TwistedFunnel":40,"Potion Belt":82,"Anchor":35,"Nunchaku":35,"Mummified Hand":82,"Cursed Key":59,"Ring of the Snake":0}],"Ring of the Snake":[34]},"card_choices":[{"not_picked":["Caltrops","Dodge and Roll"],"picked":"Flying Knee","floor":1},{"not_picked":["Backflip","Well Laid Plans"],"picked":"Predator","floor":2},{"not_picked":["Setup","Backflip"],"picked":"Noxious Fumes","floor":3},{"not_picked":["Distraction","Slice"],"picked":"Blur","floor":4},{"not_picked":["PiercingWail","Slice","Endless Agony"],"picked":"SKIP","floor":5},{"not_picked":["Acrobatics","Concentrate"],"picked":"Skewer","floor":6},{"not_picked":["Slice","PiercingWail","Acrobatics"],"picked":"SKIP","floor":11},{"not_picked":["Slice","Deflect"],"picked":"Adrenaline","floor":13},{"not_picked":["Expertise","Eviscerate","Outmaneuver"],"picked":"SKIP","floor":14},{"not_picked":["Cloak And Dagger","Slice"],"picked":"Leg Sweep","floor":18},{"not_picked":["Eviscerate","Underhanded Strike"],"picked":"Backflip","floor":20},{"not_picked":["Deflect","Dagger Throw"],"picked":"Quick Slash","floor":22},{"not_picked":["Outmaneuver","Prepared"],"picked":"Tools of the Trade","floor":24},{"not_picked":["Flying Knee","Poisoned Stab","Eviscerate"],"picked":"SKIP","floor":28},{"not_picked":["Quick Slash","Flying Knee"],"picked":"Acrobatics","floor":31}],"player_experience":1848842,"relics_obtained":[{"floor":6,"key":"Anchor"},{"floor":9,"key":"Nunchaku"},{"floor":24,"key":"Mummified Hand"},{"floor":26,"key":"Potion Belt"}],"event_choices":[{"damage_healed":16,"gold_gain":0,"player_choice":"Healed and dodged fight","damage_taken":0,"max_hp_gain":0,"max_hp_loss":0,"event_name":"Mushrooms","floor":7,"gold_loss":0,"cards_obtained":["Parasite"]},{"cards_removed":["Strike_G"],"damage_healed":0,"gold_gain":0,"player_choice":"Card Removal","damage_taken":7,"max_hp_gain":0,"max_hp_loss":0,"event_name":"Golden Wing","floor":8,"gold_loss":0},{"damage_healed":0,"gold_gain":0,"player_choice":"Simplicity","damage_taken":0,"max_hp_gain":0,"max_hp_loss":0,"event_name":"Back to Basics","floor":21,"gold_loss":0,"cards_upgraded":["Strike_G","Defend_G","Defend_G","Defend_G","Defend_G","Defend_G"]},{"damage_healed":0,"gold_gain":0,"player_choice":"Ignored","damage_taken":0,"max_hp_gain":0,"max_hp_loss":0,"event_name":"The Mausoleum","floor":29,"gold_loss":0}],"is_beta":false,"boss_relics":[{"not_picked":["Pandora\u0027s Box","SlaversCollar"],"picked":"Cursed Key"}],"items_purged_floors":[12,19],"is_endless":false,"potions_floor_spawned":[1,3,4,5,16,24,28,31],"killed_by":"Collector","ascension_level":20}}