{"host":"sccdx89hs6cnwb1o","time":1613255886,"event":{"mods":["AchievementEnabler","BaseMod","Block Reminder","Colored Powertips","Highlight Path","Minty Spire (QoL Compilation)","Rare Cards Sparkle"],"gold_per_floor":[218,228,228,148,165,165,195,195,195,208,37,37,49,66,66,166,166,184,184,201,220,220,252,252,267,349,349,364,364,364,381,381,485,485,505,505,505],"floor_reached":36,"language":"DEU","playtime":4053,"items_purged":[],"score":386,"play_id":"16ce4831-4cb9-4098-9340-1cd15378789a","local_time":"20210213233806","is_ascension_mode":false,"campfire_choices":[{"data":"Zap","floor":6,"key":"SMITH"},{"floor":8,"key":"REST"},{"floor":12,"key":"RECALL"},{"floor":15,"key":"REST"},{"data":"Loop","floor":24,"key":"SMITH"},{"data":"Loop","floor":27,"key":"SMITH"},{"floor":30,"key":"REST"},{"floor":32,"key":"REST"}],"circlet_count":0,"master_deck":["Strike_B","Strike_B","Defend_B","Defend_B","Defend_B","Defend_B","Zap+1","Dualcast","Go for the Eyes","Cold Snap","Capacitor","Cold Snap","Ball Lightning","Amplify","Leap","Loop+1","Cold Snap","Buffer","Redo","Loop+1","Genetic Algorithm","Defragment+1","Barrage","Coolheaded","Electrodynamics","Barrage+1"],"relics":["Cracked Core","Ginger","WingedGreaves","MealTicket","Busted Crown","Pantograph","Molten Egg 2","Empty Cage"],"acts_visited":["Exordium","TheCity","TheBeyond"],"potions_floor_usage":[16,23,25,33,33,36,36],"damage_taken":[{"damage":3,"enemies":"Jaw Worm","floor":1,"turns":3},{"damage":5,"enemies":"Small Slimes","floor":2,"turns":3},{"damage":4,"enemies":"Cultist","floor":5,"turns":3},{"damage":31,"enemies":"Gremlin Nob","floor":7,"turns":6},{"damage":0,"enemies":"3 Louse","floor":10,"turns":2},{"damage":4,"enemies":"Exordium Wildlife","floor":13,"turns":3},{"damage":0,"enemies":"Large Slime","floor":14,"turns":5},{"damage":22,"enemies":"The Guardian","floor":16,"turns":13},{"damage":0,"enemies":"Chosen","floor":18,"turns":5},{"damage":6,"enemies":"3 Byrds","floor":20,"turns":7},{"damage":7,"enemies":"Snecko","floor":21,"turns":7},{"damage":29,"enemies":"Gremlin Leader","floor":23,"turns":10},{"damage":5,"enemies":"Centurion and Healer","floor":25,"turns":6},{"damage":10,"enemies":"Chosen and Byrds","floor":28,"turns":6},{"damage":5,"enemies":"Snake Plant","floor":31,"turns":4},{"damage":12,"enemies":"Collector","floor":33,"turns":10},{"damage":0,"enemies":"Orb Walker","floor":35,"turns":5},{"damage":85,"enemies":"2 Orb Walkers","floor":36,"turns":5}],"seed_played":"-7326123246476811971","potions_obtained":[{"floor":1,"key":"CultistPotion"},{"floor":5,"key":"SteroidPotion"},{"floor":7,"key":"Swift Potion"},{"floor":10,"key":"Fire Potion"},{"floor":20,"key":"SteroidPotion"},{"floor":23,"key":"Regen Potion"},{"floor":31,"key":"Ancient Potion"},{"floor":33,"key":"FocusPotion"},{"floor":35,"key":"SpeedPotion"}],"is_trial":false,"path_per_floor":["M","M","?","$","M","R","E","R","T","M","$","R","M","M","R","B",null,"M","?","M","M","?","E","R","M","T","R","M","?","R","M","R","B",null,"M","?"],"character_chosen":"DEFECT","items_purchased":["Capacitor","Leap","MealTicket"],"campfire_rested":4,"item_purchase_floors":[4,11,11],"current_hp_per_floor":[72,67,64,64,60,60,29,51,51,51,51,51,47,47,69,47,75,75,75,69,62,62,33,33,42,42,42,32,32,54,49,71,63,75,75,0,0],"gold":505,"neow_bonus":"HUNDRED_GOLD","is_daily":false,"chose_seed":false,"campfire_upgraded":3,"win_rate":0.0,"timestamp":1613255886,"path_taken":["M","M","?","$","M","R","E","R","T","M","$","R","M","M","R","BOSS","M","?","M","M","?","E","R","M","T","R","?","?","R","M","R","BOSS","M","?"],"items_purchased_type":["Card","Card","Relic"],"build_version":"2020-12-22","purchased_purges":0,"victory":false,"max_hp_per_floor":[75,75,75,75,75,75,75,75,75,75,75,75,75,75,75,75,75,75,75,75,75,75,75,75,75,75,75,75,75,75,75,75,75,75,75,75,75],"card_choices":[{"not_picked":["Doom and Gloom","Redo"],"picked":"Go for the Eyes","floor":1},{"not_picked":["Rip and Tear","Storm"],"picked":"Cold Snap","floor":2},{"not_picked":["Doom and Gloom","Aggregate"],"picked":"Cold Snap","floor":5},{"not_picked":["Hello World","Tempest"],"picked":"Ball Lightning","floor":7},{"not_picked":["Double Energy","Redo"],"picked":"Amplify","floor":10},{"not_picked":["Capacitor","Heatsinks"],"picked":"Loop","floor":13},{"not_picked":["Compile Driver","Fusion"],"picked":"Cold Snap","floor":14},{"not_picked":["Creative AI","All For One"],"picked":"Buffer","floor":16},{"not_picked":[],"picked":"Redo","floor":18},{"not_picked":[],"picked":"Genetic Algorithm","floor":20},{"not_picked":[],"picked":"Defragment","floor":21},{"not_picked":[],"picked":"Barrage","floor":23},{"not_picked":["Doom and Gloom"],"picked":"SKIP","floor":25},{"not_picked":["Storm"],"picked":"SKIP","floor":28},{"not_picked":[],"picked":"Coolheaded","floor":31},{"not_picked":[],"picked":"Electrodynamics","floor":33},{"not_picked":[],"picked":"Barrage+1","floor":35}],"player_experience":64136,"relics_obtained":[{"floor":7,"key":"WingedGreaves"},{"floor":23,"key":"Pantograph"},{"floor":26,"key":"Molten Egg 2"}],"event_choices":[{"damage_healed":0,"gold_gain":0,"player_choice":"Success","damage_taken":3,"relics_obtained":["Ginger"],"max_hp_gain":0,"max_hp_loss":0,"event_name":"Scrap Ooze","floor":3,"gold_loss":0},{"damage_healed":0,"gold_gain":0,"player_choice":"Read","damage_taken":0,"max_hp_gain":0,"max_hp_loss":0,"event_name":"The Library","floor":19,"gold_loss":0,"cards_obtained":["Loop"]},{"damage_healed":0,"gold_gain":0,"player_choice":"Forge","damage_taken":0,"max_hp_gain":0,"max_hp_loss":0,"event_name":"Accursed Blacksmith","floor":22,"gold_loss":0,"cards_upgraded":["Defragment"]},{"damage_healed":0,"gold_gain":0,"player_choice":"Ignored","damage_taken":0,"max_hp_gain":0,"max_hp_loss":0,"event_name":"Vampires","floor":29,"gold_loss":0},{"damage_healed":0,"gold_gain":0,"player_choice":"Fight","damage_taken":0,"max_hp_gain":0,"max_hp_loss":0,"event_name":"Mysterious Sphere","floor":36,"gold_loss":0}],"is_beta":false,"boss_relics":[{"not_picked":["Snecko Eye","Coffee Dripper"],"picked":"Busted Crown"},{"not_picked":["Runic Dome","Fusion Hammer"],"picked":"Empty Cage"}],"items_purged_floors":[],"is_endless":false,"potions_floor_spawned":[1,5,7,10,13,20,23,31,33,35],"killed_by":"2 Orb Walkers","ascension_level":0}}