{"host":"0z6l31g9ps0v9zzp","time":1613210373,"event":{"mods":["Act Like it!","Arknights","BaseMod","CapriCore","Minty Spire (QoL Compilation)","MostiFishMod","StSLib"],"gold_per_floor":[119,136,92,111,111,111,136,61,129,129,141,176,189,208,208,304,304,318,328,228,243,255,255,286,286,310,310,310,310,325,341,341,444,444,461,478,492,842,717,717,717,717,717,717,742,39,54,74,74,74,74,74,34,67,67,67],"floor_reached":55,"language":"ZHS","playtime":1625,"items_purged":["ats:Strike C","ats:Strike V","Pain","ats:Defend"],"score":1054,"play_id":"03503fd2-44bb-4db2-afac-4ce1c3afdc4c","local_time":"20210213175933","daily_mods":["Heirloom"],"is_ascension_mode":false,"campfire_choices":[{"data":"ats:Emotion Absorption","floor":6.0,"key":"SMITH"},{"data":"ats:Explosion Area Strengthen","floor":10.0,"key":"SMITH"},{"data":"ats:Armor Crushing Shot","floor":15.0,"key":"SMITH"},{"data":"ats:Consecutive Shot Auto","floor":23.0,"key":"SMITH"},{"floor":25.0,"key":"RECALL"},{"data":"ats:Strike S","floor":27.0,"key":"SMITH"},{"data":"ats:Strike G","floor":32.0,"key":"SMITH"},{"data":"ats:Ambush","floor":40,"key":"SMITH"},{"data":"ats:Defend","floor":44,"key":"SMITH"},{"data":"ats:Defend","floor":49,"key":"SMITH"}],"circlet_count":0,"master_deck":["ats:Strike G+1","ats:Strike S+1","ats:Armor Crushing Shot+1","ats:Defend+1","ats:Defend+1","ats:Emotion Absorption+1","ats:Explosion Area Strengthen+1","ats:Flexible Camouflage+1","ats:Consecutive Shot Auto+1","ats:Powerful Strike+1","ats:Absolute Focus+1","ats:Ambush+1","MostiFishMod:Kaleido+1","ats:Neurotoxin"],"relics":["ats:Sanity","DaveBox","Incense Burner","OneHitWonderSystem","SynthV:TestCard","ats:Originium","PreservedInsect","Toxic Egg 2","Coffee Dripper","Thread and Needle","MutagenicStrength","WarpedTongs","FeatherPendant","Old Coin","Molten Egg 2","Letter Opener","Vajra","Boot","Unceasing Top"],"acts_visited":["Exordium","TheCity","TheBeyond","TheEnding"],"potions_floor_usage":[38,47,55,55],"damage_taken":[{"damage":0.0,"enemies":"ats:Genji","floor":1.0,"turns":4.0},{"damage":0.0,"enemies":"Jaw Worm","floor":2.0,"turns":2.0},{"damage":0.0,"enemies":"2 Louse","floor":4.0,"turns":2.0},{"damage":0.0,"enemies":"Lagavulin","floor":7.0,"turns":6.0},{"damage":0.0,"enemies":"Large Slime","floor":11.0,"turns":4.0},{"damage":0.0,"enemies":"Gremlin Nob","floor":12.0,"turns":4.0},{"damage":0.0,"enemies":"Exordium Thugs","floor":13.0,"turns":3.0},{"damage":0.0,"enemies":"Lots of Slimes","floor":14.0,"turns":3.0},{"damage":0.0,"enemies":"The Guardian","floor":16.0,"turns":10.0},{"damage":0.0,"enemies":"2 Thieves","floor":18.0,"turns":4.0},{"damage":0.0,"enemies":"3 Byrds","floor":19.0,"turns":5.0},{"damage":0.0,"enemies":"3 Cultists","floor":21.0,"turns":5.0},{"damage":0.0,"enemies":"Snake Plant","floor":22.0,"turns":3.0},{"damage":0.0,"enemies":"Book of Stabbing","floor":24.0,"turns":3.0},{"damage":0.0,"enemies":"Snecko","floor":30.0,"turns":3.0},{"damage":0.0,"enemies":"3 Cultists","floor":31.0,"turns":5.0},{"damage":0.0,"enemies":"Champ","floor":33.0,"turns":18.0},{"damage":0.0,"enemies":"3 Shapes","floor":35.0,"turns":1.0},{"damage":0,"enemies":"Orb Walker","floor":36,"turns":2},{"damage":0,"enemies":"Spire Growth","floor":37,"turns":3},{"damage":0,"enemies":"Mind Bloom Boss Battle","floor":38,"turns":2},{"damage":0,"enemies":"Reptomancer","floor":45,"turns":1},{"damage":0,"enemies":"4 Shapes","floor":47,"turns":2},{"damage":0,"enemies":"Maw","floor":48,"turns":2},{"damage":0,"enemies":"Donu and Deca","floor":50,"turns":2},{"damage":0,"enemies":"Shield and Spear","floor":54,"turns":2},{"damage":1,"enemies":"The Heart","floor":55,"turns":3}],"seed_played":"-8665642316746000547","potions_obtained":[{"floor":1.0,"key":"ColorlessPotion"},{"floor":2.0,"key":"Regen Potion"},{"floor":11.0,"key":"SteroidPotion"},{"floor":12.0,"key":"ats:Flame Arts Potion"},{"floor":13.0,"key":"Regen Potion"},{"floor":21.0,"key":"SpeedPotion"},{"floor":33.0,"key":"Explosive Potion"},{"floor":37,"key":"ats:Burn Small Potion"},{"floor":45,"key":"ats:Top Emergency Sanity Potion"},{"floor":47,"key":"Swift Potion"}],"is_trial":true,"path_per_floor":["M","M","?","M","?","R","E","$","T","R","M","E","M","M","R","B",null,"M","M","$","M","M","R","E","R","T","R","?","?","M","M","R","B",null,"M","M","M","?","$","R","?","?","T","R","E","$","M","M","R","B",null,"R","$","E","B"],"character_chosen":"DOCTOR_CLASS","items_purchased":["Vajra","MostiFishMod:Kaleido+1","PowerPotion","Boot","ats:Neurotoxin"],"campfire_rested":0,"item_purchase_floors":[46,46,46,46,53],"current_hp_per_floor":[1,1,1,1,6,1,1,1,1,1,1,1,1,1,1,1,1,1,1,1,1,1,1,1,1,1,1,1,1,1,1,1,1,1,1,1,1,1,1,1,1,1,1,1,1,1,1,1,1,1,1,1,1,1,0,0],"gold":67,"neow_bonus":"","is_daily":false,"chose_seed":false,"campfire_upgraded":9,"win_rate":0.0,"timestamp":1613210373,"path_taken":["M","M","?","M","?","R","E","$","T","R","?","E","M","M","R","BOSS","M","M","$","M","M","R","E","R","T","R","?","?","?","M","R","BOSS","M","M","?","?","$","R","?","?","T","R","E","$","M","M","R","BOSS","R","$","E","BOSS"],"items_purchased_type":["Relic","Card","Potion","Relic","Card"],"build_version":"2020-12-22","purchased_purges":4,"victory":false,"max_hp_per_floor":[1,1,1,1,6,1,1,1,1,1,1,1,1,1,1,1,1,1,1,1,1,1,1,1,1,1,1,1,1,1,1,1,1,1,1,1,1,1,1,1,1,1,1,1,1,1,1,1,1,1,1,1,1,1,1,1],"card_choices":[{"not_picked":["ats:Flame Of Heaven","ats:Assault Order"],"picked":"ats:Explosion Area Strengthen","floor":1.0},{"not_picked":["ats:Ignite","ats:Assault Order","ats:Automatic Cover","ats:Sunburst","ats:Thorns"],"picked":"SKIP","floor":2.0},{"not_picked":["ats:Composite Medical Shells","ats:Revitalization","ats:Ignite","ats:Collapsing Strike","ats:Blood Oath"],"picked":"SKIP","floor":4.0},{"not_picked":["ats:Blood Oath","ats:Very Hot Blade","ats:Sword Rain","ats:Ignite","ats:Hammer On"],"picked":"SKIP","floor":7.0},{"not_picked":["ats:Assault Order+1","ats:Poison Spread","ats:Cat Scratch","ats:Closed Bolt Burst Fire","ats:Collapsing Strike"],"picked":"SKIP","floor":11.0},{"not_picked":["ats:Assault Order+1","ats:Red Shift","ats:Song Of Battle","ats:Curse Doll+1","ats:Steam Pump+1"],"picked":"SKIP","floor":12.0},{"not_picked":["ats:Blood Oath","ats:Leaping Hammer","ats:Curse Doll+1","ats:Shadow Raid+1","ats:Poison Spread"],"picked":"SKIP","floor":13.0},{"not_picked":["ats:Song Of Battle","ats:Fractured Body+1","ats:Poison Spread","ats:Closed Bolt Burst Fire"],"picked":"ats:Flexible Camouflage+1","floor":14.0},{"not_picked":["ats:Hook Shot+1","ats:Curse Doll+1","ats:Beaten Up+1","ats:Flexible Camouflage+1","ats:Shell Defense+1"],"picked":"SKIP","floor":18.0},{"not_picked":["ats:Magnetic Hammer","ats:Steam Pump+1","ats:Shell Defense+1","ats:Soul Absorption+1"],"picked":"ats:Consecutive Shot Auto","floor":19.0},{"not_picked":["ats:Charging Defense+1","ats:Poison Spread+1","ats:Leaping Hammer","ats:Apocalypse+1","ats:Ignite"],"picked":"SKIP","floor":21.0},{"not_picked":["ats:Beaten Up+1","ats:Charging Defense+1","ats:Steam Pump+1","ats:Consecutive Shot Auto"],"picked":"ats:Powerful Strike+1","floor":22.0},{"not_picked":["ats:Fractured Body+1","ats:Support Order+1","ats:Absolute Focus+1","ats:Hammer On","ats:Powerful Strike"],"picked":"SKIP","floor":24.0},{"not_picked":["ats:Guard Mode+1","ats:Curse Doll+1","ats:Shell Defense+1","ats:Closed Bolt Burst Fire","ats:Ignite"],"picked":"SKIP","floor":30.0},{"not_picked":["ats:Guard Mode+1","ats:Song Of Battle","ats:Very Hot Blade","ats:Durian+1"],"picked":"ats:Absolute Focus+1","floor":31.0},{"not_picked":["ats:Volcano","ats:Calcification+1","ats:Echo Reverb+1","ats:Dogmatic Field"],"picked":"ats:Ambush","floor":33.0},{"not_picked":["ats:Closed Bolt Burst Fire","ats:Counter Healing Mode+1","ats:Soul Absorption+1","ats:Leaping Hammer","ats:Very Hot Blade+1"],"picked":"SKIP","floor":35},{"not_picked":["ats:Sword Rain+1","ats:Guard Mode+1","ats:Powerful Strike","ats:Beaten Up+1","ats:Shell Defense+1"],"picked":"SKIP","floor":36},{"not_picked":["ats:Part Time Job","ats:Ignite","ats:Encircling Forest+1","ats:Poison Spread","ats:Cat Scratch"],"picked":"SKIP","floor":37},{"not_picked":["ats:Steam Pump+1","ats:Roar Of Ursus","ats:Cat Scratch+1","ats:Sword Rain+1","ats:Blood Oath+1"],"picked":"SKIP","floor":45},{"not_picked":["ats:Curse Doll+1","ats:Very Hot Blade+1","ats:Absolute Focus+1","ats:Powerful Strike+1","ats:Blood Oath+1"],"picked":"SKIP","floor":47},{"not_picked":["ats:Support Order+1","ats:True Silver Slash+1","ats:Leaping Hammer+1","ats:Sashimi Platter+1","ats:Shadow Raid+1"],"picked":"SKIP","floor":48},{"not_picked":["ats:Revitalization+1","ats:Phantom+1","ats:Very Hot Blade+1","ats:Chain Hook+1","ats:Hammer On+1"],"picked":"SKIP","floor":54}],"player_experience":289273,"relics_obtained":[{"floor":1.0,"key":"SynthV:TestCard"},{"floor":7.0,"key":"ats:Originium"},{"floor":7.0,"key":"PreservedInsect"},{"floor":9.0,"key":"Toxic Egg 2"},{"floor":12.0,"key":"ats:Originium"},{"floor":24.0,"key":"ats:Originium"},{"floor":24.0,"key":"Thread and Needle"},{"floor":38,"key":"Old Coin"},{"floor":43,"key":"Molten Egg 2"},{"floor":45,"key":"ats:Originium"},{"floor":45,"key":"Letter Opener"},{"floor":54,"key":"Unceasing Top"}],"event_choices":[{"damage_healed":0.0,"max_hp_gain":0.0,"max_hp_loss":0.0,"gold_gain":0.0,"event_name":"World of Goop","player_choice":"Left Gold","floor":3.0,"gold_loss":44.0,"damage_taken":0.0},{"damage_healed":0.0,"max_hp_gain":5.0,"max_hp_loss":0.0,"gold_gain":0.0,"event_name":"Big Fish","player_choice":"Donut","floor":5.0,"gold_loss":0.0,"damage_taken":0.0},{"damage_healed":0.0,"max_hp_gain":0.0,"max_hp_loss":0.0,"gold_gain":0.0,"event_name":"Drug Dealer","player_choice":"Inject Mutagens","floor":28.0,"gold_loss":0.0,"damage_taken":0.0,"relics_obtained":["MutagenicStrength"]},{"damage_healed":0.0,"max_hp_gain":0.0,"max_hp_loss":0.0,"gold_gain":0.0,"event_name":"Accursed Blacksmith","player_choice":"Rummage","floor":29.0,"gold_loss":0.0,"damage_taken":0.0,"relics_obtained":["WarpedTongs"],"cards_obtained":["Pain"]},{"damage_healed":0,"gold_gain":0,"player_choice":"Fight","damage_taken":0,"max_hp_gain":0,"max_hp_loss":0,"event_name":"MindBloom","floor":38,"gold_loss":0},{"damage_healed":0,"gold_gain":0,"player_choice":"Max HP","damage_taken":0,"max_hp_gain":0,"max_hp_loss":0,"event_name":"Winding Halls","floor":41,"gold_loss":0},{"cards_removed":["ats:Defend"],"damage_healed":0,"gold_gain":0,"player_choice":"Removed Skill","damage_taken":0,"max_hp_gain":0,"max_hp_loss":0,"event_name":"Falling","floor":42,"gold_loss":0}],"is_beta":false,"boss_relics":[{"not_picked":["Pandora\u0027s Box","Tiny House"],"picked":"Coffee Dripper"},{"not_picked":["Cursed Key","GreenFoldingFan"],"picked":"FeatherPendant"}],"items_purged_floors":[8,20,39,46],"is_endless":false,"potions_floor_spawned":[1,2,11,12,13,21,31,33,37,45,47],"killed_by":"The Heart","ascension_level":0}}