{"host":"kqjncq1jgqa58i7s","time":1613214912,"event":{"mods":["AchievementEnabler","BaseMod","Colored Map","Minty Spire (QoL Compilation)","Relic Stats"],"gold_per_floor":[109,109,53,65,23,23,23,42,66,84,84,94,94,128,128,206,506,517,530,177,177,177,177,196,196,243,243,262,273,273,301,301,301,301],"floor_reached":33,"language":"ENG","playtime":1501,"items_purged":["Strike_P"],"score":630,"play_id":"487add11-f39a-48a8-b5e9-581adf5fc448","local_time":"20210213121512","is_ascension_mode":true,"campfire_choices":[{"data":"TalkToTheHand","floor":6.0,"key":"SMITH"},{"floor":11.0,"key":"REST"},{"data":"WaveOfTheHand","floor":13.0,"key":"SMITH"},{"data":"Eruption","floor":15.0,"key":"SMITH"},{"data":"Conclude","floor":23,"key":"SMITH"},{"data":"Perseverance","floor":25,"key":"SMITH"},{"data":"Ragnarok","floor":27,"key":"SMITH"},{"floor":32,"key":"REST"}],"circlet_count":0,"master_deck":["AscendersBane","Strike_P+1","Strike_P","Defend_P","Defend_P+1","Defend_P","Defend_P","Eruption+1","Vigilance","Wallop","TalkToTheHand+1","Conclude+1","Perseverance+1","WaveOfTheHand+1","DeceiveReality","FlyingSleeves","Ragnarok+1","CurseOfTheBell","Consecrate+1","LikeWater+1","InnerPeace","Judgement","Adaptation+1"],"relics":["Runic Pyramid","StrikeDummy","Pen Nib","Vajra","Calling Bell","Lantern","Frozen Egg 2","Old Coin","Pear","MutagenicStrength","Orichalcum","Oddly Smooth Stone"],"acts_visited":["Exordium","TheCity"],"potions_floor_usage":[31,31,31,33],"damage_taken":[{"damage":5.0,"enemies":"2 Louse","floor":1.0,"turns":5.0},{"damage":0.0,"enemies":"Cultist","floor":4.0,"turns":3.0},{"damage":3.0,"enemies":"Small Slimes","floor":8.0,"turns":2.0},{"damage":26.0,"enemies":"Exordium Wildlife","floor":10.0,"turns":4.0},{"damage":0.0,"enemies":"2 Fungi Beasts","floor":12.0,"turns":3.0},{"damage":12.0,"enemies":"Lagavulin","floor":14.0,"turns":6.0},{"damage":0.0,"enemies":"Slime Boss","floor":16.0,"turns":4.0},{"damage":13.0,"enemies":"3 Byrds","floor":18.0,"turns":4.0},{"damage":9,"enemies":"Spheric Guardian","floor":19,"turns":5},{"damage":0,"enemies":"Chosen and Byrds","floor":24,"turns":4},{"damage":5,"enemies":"Centurion and Healer","floor":28,"turns":4},{"damage":5,"enemies":"Snake Plant","floor":29,"turns":4},{"damage":29,"enemies":"Slavers","floor":31,"turns":5},{"damage":37,"enemies":"Automaton","floor":33,"turns":10}],"seed_played":"-8728620638994267955","potions_obtained":[{"floor":1.0,"key":"EntropicBrew"},{"floor":4.0,"key":"Swift Potion"},{"floor":31,"key":"Energy Potion"}],"is_trial":false,"path_per_floor":["M","?","?","M","$","R","?","M","T","M","R","M","R","E","R","B",null,"M","M","$","?","?","R","M","R","T","R","M","M","?","E","R","B"],"character_chosen":"WATCHER","items_purchased":["Conclude","Pear"],"campfire_rested":2,"item_purchase_floors":[5,20],"current_hp_per_floor":[56,36,36,36,36,36,41,38,38,12,33,33,33,21,21,21,60,47,38,48,48,48,48,48,48,48,48,43,38,38,9,33,0,0],"gold":301,"neow_bonus":"BOSS_RELIC","is_daily":false,"chose_seed":false,"campfire_upgraded":6,"win_rate":0.0,"timestamp":1613214912,"path_taken":["M","?","?","?","?","R","?","M","T","M","R","M","R","E","R","BOSS","M","M","$","?","?","R","M","R","T","R","M","M","?","E","R","BOSS"],"items_purchased_type":["Card","Relic"],"build_version":"2020-12-22","purchased_purges":1,"victory":false,"max_hp_per_floor":[68,68,68,68,68,68,73,73,73,73,73,73,73,73,73,73,73,73,73,83,83,83,83,83,83,83,83,83,83,83,83,83,83,83],"relic_stats":{"counters":[14,63],"Pen Nib":[8],"Orichalcum":[12],"obtain_stats":[{"Lantern":17,"Pear":20,"Vajra":14,"Oddly Smooth Stone":31,"Pen Nib":9,"Frozen Egg 2":17,"Orichalcum":26,"Old Coin":17,"Calling Bell":17,"MutagenicStrength":21,"PureWater":0,"StrikeDummy":3,"Runic Pyramid":0},{"Lantern":7,"Pear":9,"Vajra":6,"Oddly Smooth Stone":13,"Pen Nib":3,"Frozen Egg 2":7,"Orichalcum":10,"Old Coin":7,"Calling Bell":7,"MutagenicStrength":9,"PureWater":0,"StrikeDummy":1,"Runic Pyramid":0},{"Lantern":27,"Pear":36,"Vajra":23,"Oddly Smooth Stone":53,"Pen Nib":10,"Frozen Egg 2":27,"Orichalcum":40,"Old Coin":27,"Calling Bell":27,"MutagenicStrength":36,"PureWater":0,"StrikeDummy":5,"Runic Pyramid":0}]},"card_choices":[{"not_picked":["FlurryOfBlows","BowlingBash"],"picked":"Wallop","floor":1.0},{"not_picked":["Halt","ReachHeaven"],"picked":"TalkToTheHand","floor":4.0},{"not_picked":["Wireheading","SashWhip"],"picked":"Perseverance","floor":8.0},{"not_picked":["Indignation","Sanctity"],"picked":"WaveOfTheHand","floor":10.0},{"not_picked":["ClearTheMind","SashWhip"],"picked":"DeceiveReality","floor":12.0},{"not_picked":["JustLucky","SignatureMove"],"picked":"FlyingSleeves","floor":14.0},{"not_picked":["ConjureBlade","Judgement"],"picked":"Ragnarok","floor":16.0},{"not_picked":["Wallop","FollowUp","Protect"],"picked":"SKIP","floor":18.0},{"not_picked":["Halt","Evaluate","BowlingBash"],"picked":"SKIP","floor":19},{"not_picked":["EmptyBody","Wireheading+1"],"picked":"Consecrate+1","floor":24},{"not_picked":["SpiritShield","Crescendo"],"picked":"LikeWater+1","floor":28},{"not_picked":["FlyingSleeves","ReachHeaven"],"picked":"InnerPeace","floor":29},{"not_picked":["Consecrate","ThirdEye"],"picked":"Adaptation+1","floor":31}],"player_experience":1680541,"relics_obtained":[{"floor":9.0,"key":"Pen Nib"},{"floor":14.0,"key":"Vajra"},{"floor":17.0,"key":"Lantern"},{"floor":17.0,"key":"Frozen Egg 2"},{"floor":17.0,"key":"Old Coin"},{"floor":26,"key":"Orichalcum"},{"floor":31,"key":"Oddly Smooth Stone"}],"event_choices":[{"damage_healed":0.0,"max_hp_gain":0.0,"max_hp_loss":0.0,"gold_gain":0.0,"event_name":"Shining Light","player_choice":"Entered Light","floor":2.0,"gold_loss":0.0,"damage_taken":20.0,"cards_upgraded":["Strike_P","Defend_P"]},{"damage_healed":0.0,"max_hp_gain":0.0,"max_hp_loss":0.0,"gold_gain":0.0,"event_name":"WeMeetAgain","player_choice":"Paid Gold","floor":3.0,"gold_loss":56.0,"damage_taken":0.0,"relics_obtained":["StrikeDummy"]},{"damage_healed":0.0,"max_hp_gain":5.0,"max_hp_loss":0.0,"gold_gain":0.0,"event_name":"Big Fish","player_choice":"Donut","floor":7.0,"gold_loss":0.0,"damage_taken":0.0},{"damage_healed":0,"gold_gain":0,"player_choice":"Inject Mutagens","damage_taken":0,"relics_obtained":["MutagenicStrength"],"max_hp_gain":0,"max_hp_loss":0,"event_name":"Drug Dealer","floor":21,"gold_loss":0},{"damage_healed":0,"gold_gain":0,"player_choice":"Ignored","damage_taken":0,"max_hp_gain":0,"max_hp_loss":0,"event_name":"The Mausoleum","floor":22,"gold_loss":0},{"damage_healed":0,"gold_gain":0,"cards_transformed":["Strike_P"],"player_choice":"Transformed","damage_taken":0,"max_hp_gain":0,"max_hp_loss":0,"event_name":"Transmorgrifier","floor":30,"gold_loss":0,"cards_obtained":["Judgement"]}],"is_beta":false,"boss_relics":[{"not_picked":["Empty Cage","Cursed Key"],"picked":"Calling Bell"}],"items_purged_floors":[20],"is_endless":false,"potions_floor_spawned":[1,4,14,16,24,31],"killed_by":"Automaton","ascension_level":20}}