{"host":"m9osufisr3agwk96","time":1613192005,"event":{"mods":["AchievementEnabler","Aspiration","BaseMod","Colored Map","Colored Powertips","Downfall","Friendly Minions","Hermit","Highlight Path","Hubris","Minty Spire (QoL Compilation)","Rare Cards Sparkle","Reliquary","Replay The Spire","Shop Mod","StSLib"],"gold_per_floor":[113,113,130,140,140,140,168,168,192,205,225,239,31,31,31,132,132,143,143,143,74,90,90,90],"floor_reached":23,"language":"ENG","playtime":834,"items_purged":["Regret"],"score":191,"play_id":"858fda5c-e973-4e85-ac6f-f7b646b094e8","local_time":"20210212205325","is_ascension_mode":false,"campfire_choices":[{"data":"Eruption","floor":6,"key":"SMITH"},{"floor":8,"key":"REST"},{"floor":15,"key":"REST"}],"circlet_count":0,"master_deck":["Strike_P+1","Strike_P","Strike_P+1","Defend_P","Defend_P","Defend_P","Eruption+1","Vigilance","Perseverance","Halt+1","BattleHymn","Replay:Vibes","Replay:LoomingThreat","Halt","Replay:Battleflow","FearNoEvil","Indignation","Deep Breath","Alpha","LikeWater","GremboGang","hubris:Sloth","SandsOfTime+1"],"relics":["PureWater","reliquary:Buckler","reliquary:TuningFork","BargainBundle","hubris:Towel","Replay:Bronze Core","Ring of Hypnosis","ReplayTheSpireMod:CursedCoin","Replay:Mystery Machine"],"acts_visited":["Exordium","TheCity"],"potions_floor_usage":[7,7,12,16,16,23,23],"damage_taken":[{"damage":0,"enemies":"2 Louse","floor":1,"turns":1},{"damage":4,"enemies":"Cultist","floor":3,"turns":3},{"damage":5,"enemies":"Small Slimes","floor":4,"turns":4},{"damage":18,"enemies":"Lagavulin","floor":7,"turns":4},{"damage":5,"enemies":"Blue Slaver","floor":10,"turns":3},{"damage":10,"enemies":"Exordium Wildlife","floor":11,"turns":5},{"damage":9,"enemies":"Exordium Thugs","floor":12,"turns":3},{"damage":62,"enemies":"Hexaghost","floor":16,"turns":6},{"damage":32,"enemies":"3 Byrds","floor":18,"turns":7},{"damage":3,"enemies":"Shell Parasite","floor":22,"turns":7},{"damage":38,"enemies":"Slavers","floor":23,"turns":3}],"seed_played":"5883310048182523202","potions_obtained":[{"floor":3,"key":"Strength Potion"},{"floor":4,"key":"Venom Potion"},{"floor":11,"key":"Explosive Potion"},{"floor":18,"key":"Dexterity Potion"},{"floor":22,"key":"Adrenaline Potion"}],"is_trial":false,"path_per_floor":["M","?","M","M","?","R","E","R","T","M","M","M","$","?","R","B",null,"M","?","?","$","M","E"],"character_chosen":"WATCHER","items_purchased":["BargainBundle","Doom Potion","Reflective Coating","DuplicationPotion","Indignation","Deep Breath","ReplayTheSpireMod:CursedCoin","Replay:Mystery Machine"],"campfire_rested":2,"item_purchase_floors":[13,13,13,13,13,13,21,21],"current_hp_per_floor":[72,72,68,63,63,63,45,66,66,61,51,42,42,42,63,1,72,40,40,40,40,37,0,0],"gold":90,"neow_bonus":"REMOVE_CARD","is_daily":false,"chose_seed":false,"campfire_upgraded":1,"win_rate":0.0,"timestamp":1613192005,"path_taken":["M","?","M","M","?","R","E","R","T","?","M","M","$","?","R","BOSS","M","?","?","?","?","E"],"items_purchased_type":["Relic","Potion","Potion","Potion","Card","Card","Relic","Relic"],"build_version":"2020-12-22","purchased_purges":1,"victory":false,"max_hp_per_floor":[72,72,72,72,72,72,72,72,72,72,72,72,72,72,72,72,72,72,72,72,72,72,72,72],"card_choices":[{"not_picked":["ThirdEye","CarveReality"],"picked":"Perseverance","floor":1},{"not_picked":["WreathOfFlame","Study"],"picked":"Halt","floor":3},{"not_picked":["FlyingSleeves","WheelKick"],"picked":"BattleHymn","floor":4},{"not_picked":["ClearTheMind","Weave"],"picked":"Replay:LoomingThreat","floor":7},{"not_picked":["ThirdEye","Replay:ManipulateFuture"],"picked":"Halt","floor":10},{"not_picked":["FlurryOfBlows","JustLucky"],"picked":"Replay:Battleflow","floor":11},{"not_picked":["ClearTheMind","FlurryOfBlows"],"picked":"FearNoEvil","floor":12},{"not_picked":["SpiritShield","Brilliance"],"picked":"Alpha","floor":16},{"not_picked":["EmptyFist","PathToVictory"],"picked":"LikeWater","floor":18},{"not_picked":["FlurryOfBlows","PathToVictory+1"],"picked":"SandsOfTime+1","floor":22}],"player_experience":474336,"relics_obtained":[{"floor":7,"key":"reliquary:TuningFork"},{"floor":9,"key":"Gremlin Food"},{"floor":19,"key":"Ring of Hypnosis"}],"event_choices":[{"damage_healed":0,"gold_gain":0,"player_choice":"Box","damage_taken":0,"relics_obtained":["reliquary:Buckler"],"max_hp_gain":0,"max_hp_loss":0,"event_name":"Big Fish","floor":2,"gold_loss":0,"cards_obtained":["Regret"]},{"damage_healed":0,"gold_gain":0,"cards_transformed":["Strike_P"],"player_choice":"Transformed","damage_taken":0,"max_hp_gain":0,"max_hp_loss":0,"event_name":"Transmorgrifier","floor":5,"gold_loss":0,"cards_obtained":["Replay:Vibes"]}],"is_beta":false,"boss_relics":[{"not_picked":["Tiny House","ReplayTheSpireMod:DimensionalGlitch"],"picked":"Replay:Bronze Core"}],"items_purged_floors":[21],"is_endless":false,"potions_floor_spawned":[3,4,11,18,22],"killed_by":"Slavers","ascension_level":0}}