{"host":"ababi7n1w04ome7c","time":1613198592,"event":{"mods":["AchievementEnabler","BaseMod","Colored Map","Minty Spire (QoL Compilation)","Permanent Neow","StSLib","everything is the same but u backflip on backflip"],"gold_per_floor":[109,109,34,109,9,9,19,34,34,34,63,13,42,42,42,142,142,159,159,234,248,265,265,279,279,279,10,20,48,48,79,79,178,178,188,188,188,4,18,18,46,46,46,65,79,91,91,101,101,101],"floor_reached":51,"language":"KOR","playtime":2228,"items_purged":["Defend_G","Defend_G","Regret","Writhe"],"score":998,"play_id":"4eabbd84-1502-4dec-888d-7727e5283fe6","local_time":"20210213154312","is_ascension_mode":true,"campfire_choices":[{"floor":6.0,"key":"REST"},{"data":"Poisoned Stab","floor":10.0,"key":"SMITH"},{"floor":15.0,"key":"REST"},{"data":"Venomology","floor":23.0,"key":"SMITH"},{"floor":25.0,"key":"REST"},{"floor":30.0,"key":"REST"},{"floor":32.0,"key":"REST"},{"data":"Accuracy","floor":40.0,"key":"SMITH"},{"floor":49,"key":"REST"}],"circlet_count":0,"master_deck":["Defend_G","Survivor","Neutralize","Poisoned Stab+1","Prepared","Slice","Venomology+1","Infinite Blades","Cloak And Dagger","Blade Dance","Blade Dance","Accuracy","Footwork","Backflip","Escape Plan+1","After Image","Well Laid Plans+1","After Image+1","Setup+1","Accuracy+1","Infinite Blades","Parasite","Backflip+1","Footwork+1"],"relics":["Ring of the Snake","Kunai","Boot","MealTicket","Cursed Key","Incense Burner","Orrery","Happy Flower","InkBottle","Astrolabe","Pear","Mercury Hourglass"],"acts_visited":["Exordium","TheCity","TheBeyond"],"potions_floor_usage":[45,45,50,50],"damage_taken":[{"damage":8.0,"enemies":"Jaw Worm","floor":1.0,"turns":6.0},{"damage":3.0,"enemies":"2 Louse","floor":7.0,"turns":3.0},{"damage":0.0,"enemies":"Small Slimes","floor":8.0,"turns":3.0},{"damage":16.0,"enemies":"Lagavulin","floor":11.0,"turns":7.0},{"damage":24.0,"enemies":"3 Sentries","floor":13.0,"turns":10.0},{"damage":44.0,"enemies":"Slime Boss","floor":16.0,"turns":12.0},{"damage":10.0,"enemies":"Shell Parasite","floor":18.0,"turns":7.0},{"damage":6.0,"enemies":"Spheric Guardian","floor":21.0,"turns":4.0},{"damage":15.0,"enemies":"Chosen and Byrds","floor":22.0,"turns":7.0},{"damage":17.0,"enemies":"Snecko","floor":24.0,"turns":7.0},{"damage":18.0,"enemies":"Snake Plant","floor":28.0,"turns":4.0},{"damage":26.0,"enemies":"Book of Stabbing","floor":29.0,"turns":5.0},{"damage":36.0,"enemies":"Gremlin Leader","floor":31.0,"turns":6.0},{"damage":0.0,"enemies":"Automaton","floor":33.0,"turns":9.0},{"damage":0.0,"enemies":"3 Darklings","floor":35.0,"turns":6.0},{"damage":0.0,"enemies":"3 Shapes","floor":39.0,"turns":3.0},{"damage":0.0,"enemies":"Giant Head","floor":41.0,"turns":6.0},{"damage":7.0,"enemies":"Spire Growth","floor":44.0,"turns":4.0},{"damage":21,"enemies":"Transient","floor":45,"turns":5},{"damage":5,"enemies":"3 Darklings","floor":46,"turns":4},{"damage":0,"enemies":"Jaw Worm Horde","floor":48,"turns":5},{"damage":3,"enemies":"Awakened One","floor":50,"turns":10}],"seed_played":"-6468573051677090859","potions_obtained":[{"floor":7.0,"key":"FearPotion"},{"floor":11.0,"key":"DuplicationPotion"},{"floor":13.0,"key":"CunningPotion"},{"floor":18.0,"key":"SpeedPotion"},{"floor":33.0,"key":"Energy Potion"},{"floor":35.0,"key":"Block Potion"},{"floor":39.0,"key":"LiquidMemories"},{"floor":45,"key":"ColorlessPotion"}],"is_trial":false,"path_per_floor":["M","?","$","?","$","R","M","M","T","R","E","?","E","?","R","B",null,"M","?","?","M","M","R","M","R","T","$","M","E","R","E","R","B",null,"M","?","?","$","M","R","E","?","T","M","M","M","?","M","R","B",null],"character_chosen":"THE_SILENT","items_purchased":["Orrery","Infinite Blades"],"campfire_rested":6,"item_purchase_floors":[27,38],"current_hp_per_floor":[62,67,67,56,56,75,72,72,72,72,56,56,32,25,47,3,75,65,65,58,66,51,51,34,56,56,71,53,27,49,13,35,35,75,75,75,75,75,75,75,85,85,85,78,57,52,52,52,77,74],"gold":101,"neow_bonus":"REMOVE_CARD","is_daily":false,"chose_seed":false,"campfire_upgraded":3,"win_rate":0.0,"timestamp":1613198592,"path_taken":["M","?","$","?","?","R","M","M","T","R","E","?","E","?","R","BOSS","M","?","?","?","M","R","M","R","T","?","M","E","R","E","R","BOSS","M","?","?","$","?","R","E","?","T","M","M","?","?","M","R","BOSS"],"items_purchased_type":["Relic","Card"],"build_version":"2020-12-22","purchased_purges":4,"victory":true,"max_hp_per_floor":[70,75,75,75,75,75,75,75,75,75,75,75,75,75,75,75,75,75,75,75,75,75,75,75,75,75,75,75,75,75,75,75,75,75,75,75,75,75,75,75,85,85,85,85,85,85,85,85,85,85],"card_choices":[{"not_picked":["PiercingWail","Flechettes","Sucker Punch"],"picked":"SKIP","floor":1.0},{"not_picked":["Deflect","Dodge and Roll"],"picked":"Poisoned Stab","floor":7.0},{"not_picked":["Dodge and Roll","Finisher","All Out Attack"],"picked":"SKIP","floor":8.0},{"not_picked":["Underhanded Strike","Bane"],"picked":"Prepared","floor":11.0},{"not_picked":["PiercingWail","Prepared"],"picked":"Slice","floor":13.0},{"not_picked":["Wraith Form v2","Grand Finale"],"picked":"Venomology","floor":16.0},{"not_picked":["Flying Knee","Well Laid Plans","Reflex"],"picked":"SKIP","floor":18.0},{"not_picked":["Reflex","Dodge and Roll"],"picked":"Infinite Blades","floor":21.0},{"not_picked":["PiercingWail","Noxious Fumes"],"picked":"Cloak And Dagger","floor":22.0},{"not_picked":["Cloak And Dagger","Calculated Gamble+1"],"picked":"Blade Dance","floor":24.0},{"not_picked":["Distraction","Backflip"],"picked":"Blade Dance","floor":27.0},{"not_picked":["Cloak And Dagger","Dodge and Roll+1"],"picked":"Accuracy","floor":27.0},{"not_picked":["Deflect","Quick Slash"],"picked":"Footwork","floor":27.0},{"not_picked":["Bane","Prepared","Endless Agony+1"],"picked":"SKIP","floor":28.0},{"not_picked":["Storm of Steel","Prepared+1"],"picked":"Backflip","floor":29.0},{"not_picked":["Noxious Fumes","Sucker Punch"],"picked":"Escape Plan+1","floor":31.0},{"not_picked":["Tools of the Trade","Envenom"],"picked":"After Image","floor":33.0},{"not_picked":["Flechettes+1","Poisoned Stab+1","PiercingWail"],"picked":"SKIP","floor":35.0},{"not_picked":["Riddle With Holes+1","Bane","Heel Hook+1"],"picked":"SKIP","floor":39.0},{"not_picked":["Bouncing Flask","Tactician+1"],"picked":"Acrobatics","floor":41.0},{"not_picked":["Flying Knee+1","Poisoned Stab+1"],"picked":"Backflip+1","floor":44.0},{"not_picked":["Flechettes","Deadly Poison","Dagger Spray"],"picked":"SKIP","floor":45},{"not_picked":["Noxious Fumes+1","Finisher+1"],"picked":"Footwork+1","floor":46},{"not_picked":["Concentrate","Quick Slash+1","Dagger Throw"],"picked":"SKIP","floor":48}],"player_experience":335955,"relics_obtained":[{"floor":9.0,"key":"Kunai"},{"floor":11.0,"key":"Boot"},{"floor":13.0,"key":"MealTicket"},{"floor":26.0,"key":"Incense Burner"},{"floor":29.0,"key":"Happy Flower"},{"floor":31.0,"key":"InkBottle"},{"floor":41.0,"key":"Pear"},{"floor":43.0,"key":"Mercury Hourglass"}],"event_choices":[{"damage_healed":0.0,"max_hp_gain":5.0,"max_hp_loss":0.0,"gold_gain":0.0,"event_name":"Big Fish","player_choice":"Donut","floor":2.0,"gold_loss":0.0,"damage_taken":0.0},{"damage_healed":0.0,"max_hp_gain":0.0,"max_hp_loss":0.0,"gold_gain":75.0,"event_name":"World of Goop","player_choice":"Gather Gold","floor":4.0,"gold_loss":0.0,"damage_taken":11.0},{"cards_removed":["Strike_G"],"damage_healed":0.0,"max_hp_gain":0.0,"max_hp_loss":0.0,"gold_gain":0.0,"event_name":"The Cleric","player_choice":"Card Removal","floor":12.0,"gold_loss":50.0,"damage_taken":0.0},{"cards_removed":["Strike_G"],"damage_healed":0.0,"max_hp_gain":0.0,"max_hp_loss":0.0,"gold_gain":0.0,"event_name":"Golden Wing","player_choice":"Card Removal","floor":14.0,"gold_loss":0.0,"damage_taken":7.0},{"cards_removed":["Defend_G"],"damage_healed":0.0,"max_hp_gain":0.0,"max_hp_loss":0.0,"gold_gain":0.0,"event_name":"Back to Basics","player_choice":"Elegance","floor":19.0,"gold_loss":0.0,"damage_taken":0.0},{"damage_healed":0.0,"max_hp_gain":0.0,"max_hp_loss":0.0,"gold_gain":75.0,"event_name":"FaceTrader","player_choice":"Touch","floor":20.0,"gold_loss":0.0,"damage_taken":7.0},{"damage_healed":19.0,"max_hp_gain":0.0,"max_hp_loss":0.0,"gold_gain":0.0,"event_name":"Winding Halls","player_choice":"Writhe","floor":36.0,"gold_loss":0.0,"damage_taken":0.0,"cards_obtained":["Writhe"]},{"damage_healed":0.0,"max_hp_gain":0.0,"max_hp_loss":0.0,"gold_gain":0.0,"event_name":"Duplicator","player_choice":"Copied","floor":37.0,"gold_loss":0.0,"damage_taken":0.0,"cards_obtained":["Accuracy"]},{"damage_healed":0.0,"max_hp_gain":0.0,"max_hp_loss":0.0,"gold_gain":0.0,"event_name":"Transmorgrifier","player_choice":"Ignored","floor":42.0,"gold_loss":0.0,"damage_taken":0.0},{"cards_removed":["Acrobatics"],"damage_healed":0,"gold_gain":0,"player_choice":"Removed Skill","damage_taken":0,"max_hp_gain":0,"max_hp_loss":0,"event_name":"Falling","floor":47,"gold_loss":0}],"is_beta":false,"boss_relics":[{"not_picked":["Calling Bell","Empty Cage"],"picked":"Cursed Key"},{"not_picked":["Fusion Hammer","Snecko Eye"],"picked":"Astrolabe"}],"items_purged_floors":[3,5,27,38],"is_endless":false,"potions_floor_spawned":[7,11,13,18,33,35,39,45,46],"ascension_level":4}}