{"host":"90jl2h70xtuoeg0i","time":1613245586,"event":{"mods":["AchievementEnabler","BaseMod","Colored Map","Colored Powertips","Minty Spire (QoL Compilation)","Relic Stats","ojb\u0027s Better Paths Mod","ojb\u0027s Info Mod"],"gold_per_floor":[115,132,82,95,112,112,130,158,227,240,268,292,292,303,303,403,403,420,227,227,152,67,67,100,100,100,132,132,231,248,80,80,180,180,194,1193,1193,1203,248,278,278,308,308,341,341,369,369,369,369,369,369],"floor_reached":50,"language":"ENG","playtime":17625,"items_purged":["Blizzard+1","Strike_B"],"score":1034,"play_id":"6dc7ec28-c3e8-4329-af14-cf08640ed572","local_time":"20210213144626","is_ascension_mode":true,"campfire_choices":[{"data":"Hologram","floor":6.0,"key":"SMITH"},{"floor":15.0,"key":"REST"},{"data":"Buffer","floor":23.0,"key":"SMITH"},{"data":"Beam Cell","floor":25.0,"key":"SMITH"},{"floor":32.0,"key":"REST"},{"floor":41.0,"key":"DIG"},{"floor":45.0,"key":"DIG"},{"floor":47,"key":"RECALL"},{"floor":49,"key":"DIG"}],"circlet_count":0,"master_deck":["Strike_B","Defend_B","Defend_B","Defend_B","Ball Lightning+1","Hologram+1","Reprogram+1","Gash","Auto Shields","Buffer+1","Hyperbeam","Ball Lightning+1","Echo Form+1","Gash","Beam Cell+1","Undo","Fusion+1","Gash","Finesse","Steam Power","Machine Learning","Flash of Steel+1","Steam","Hologram+1"],"relics":["Runic Dome","Ancient Tea Set","Pear","Thread and Needle","Astrolabe","Blood Vial","Dream Catcher","Omamori","Philosopher\u0027s Stone","Torii","Mango","HandDrill","Shovel","Centennial Puzzle","Akabeko","Shuriken","White Beast Statue","Question Card","PreservedInsect","Whetstone"],"acts_visited":["Exordium","TheCity","TheBeyond"],"potions_floor_usage":[46,50],"damage_taken":[{"damage":4.0,"enemies":"Small Slimes","floor":1.0,"turns":4.0},{"damage":7.0,"enemies":"Jaw Worm","floor":2.0,"turns":3.0},{"damage":0.0,"enemies":"Cultist","floor":4.0,"turns":2.0},{"damage":1.0,"enemies":"3 Louse","floor":5.0,"turns":2.0},{"damage":9.0,"enemies":"2 Fungi Beasts","floor":7.0,"turns":4.0},{"damage":24.0,"enemies":"3 Sentries","floor":8.0,"turns":7.0},{"damage":14.0,"enemies":"Large Slime","floor":10.0,"turns":4.0},{"damage":0.0,"enemies":"Lagavulin","floor":11.0,"turns":7.0},{"damage":16.0,"enemies":"Lots of Slimes","floor":14.0,"turns":4.0},{"damage":5.0,"enemies":"Slime Boss","floor":16.0,"turns":12.0},{"damage":0.0,"enemies":"Chosen","floor":18.0,"turns":4.0},{"damage":9.0,"enemies":"Gremlin Leader","floor":24.0,"turns":4.0},{"damage":25.0,"enemies":"Slavers","floor":27.0,"turns":7.0},{"damage":0.0,"enemies":"2 Thieves","floor":28.0,"turns":1.0},{"damage":8.0,"enemies":"Snake Plant","floor":30.0,"turns":3.0},{"damage":0.0,"enemies":"Champ","floor":33.0,"turns":9.0},{"damage":5.0,"enemies":"3 Shapes","floor":35.0,"turns":3.0},{"damage":12.0,"enemies":"Orb Walker","floor":38.0,"turns":4.0},{"damage":37.0,"enemies":"Reptomancer","floor":40.0,"turns":6.0},{"damage":1.0,"enemies":"Giant Head","floor":42.0,"turns":8.0},{"damage":0.0,"enemies":"Reptomancer","floor":44.0,"turns":6.0},{"damage":0,"enemies":"Nemesis","floor":46,"turns":7},{"damage":66,"enemies":"Time Eater","floor":50,"turns":9}],"seed_played":"2371638973799019762","potions_obtained":[{"floor":4.0,"key":"PotionOfCapacity"},{"floor":5.0,"key":"PotionOfCapacity"},{"floor":7.0,"key":"PowerPotion"},{"floor":16.0,"key":"SteroidPotion"},{"floor":18.0,"key":"Explosive Potion"},{"floor":24.0,"key":"SmokeBomb"},{"floor":35.0,"key":"SkillPotion"},{"floor":38.0,"key":"Block Potion"},{"floor":42.0,"key":"DuplicationPotion"},{"floor":46,"key":"LiquidMemories"},{"floor":48,"key":"DuplicationPotion"}],"is_trial":false,"path_per_floor":["M","M","?","M","M","R","M","E","T","M","E","T","?","M","R","B",null,"M","$","?","?","?","R","E","R","T","E","M","?","M","$","R","B",null,"M","?","?","M","$","E","R","E","T","E","R","E","R","?","R","B"],"character_chosen":"DEFECT","items_purchased":["Beam Cell","Undo","Finesse","Steam Power","Flash of Steel","Steam","Torii","Mango","HandDrill"],"campfire_rested":2,"item_purchase_floors":[19,19,31,31,39,39,39,39,39],"current_hp_per_floor":[64,57,57,57,56,56,47,23,33,19,19,19,19,3,28,23,70,70,70,54,54,54,54,47,47,47,24,26,26,20,20,47,49,80,77,77,77,67,81,46,46,47,47,49,49,51,51,51,51,0,0],"gold":369,"neow_bonus":"BOSS_RELIC","is_daily":false,"chose_seed":false,"campfire_upgraded":3,"win_rate":0.0,"timestamp":1613245586,"path_taken":["M","M","?","M","M","R","M","E","T","M","E","?","?","M","R","BOSS","M","$","?","?","?","R","E","R","T","E","M","?","?","?","R","BOSS","M","?","?","M","$","E","R","E","T","E","R","E","R","?","R","BOSS"],"items_purchased_type":["Card","Card","Card","Card","Card","Card","Relic","Relic","Relic"],"build_version":"2020-12-22","purchased_purges":2,"victory":false,"max_hp_per_floor":[75,75,75,75,75,75,75,75,85,85,85,85,85,85,85,85,85,85,85,90,90,90,90,90,90,90,90,90,90,90,90,90,90,90,90,90,85,85,99,99,99,99,99,99,99,99,99,99,99,99,99],"relic_stats":{"Torii":9,"counters":[23,120],"Astrolabe":["Ball Lightning","Echo Form","Blizzard"],"PreservedInsect":0,"Whetstone":["Flash of Steel","Ball Lightning"],"Question Card":1,"Blood Vial":24,"Dream Catcher":1,"Centennial Puzzle":[6],"Shovel":3,"Shuriken":[6],"HandDrill":[2],"obtain_stats":[{"Pear":9,"Torii":39,"Astrolabe":17,"Thread and Needle":11,"Mango":39,"PreservedInsect":46,"Omamori":27,"Whetstone":49,"Ancient Tea Set":8,"Question Card":45,"Akabeko":42,"White Beast Statue":44,"Blood Vial":22,"Runic Dome":0,"Dream Catcher":24,"Centennial Puzzle":41,"Shovel":40,"Shuriken":43,"Philosopher\u0027s Stone":34,"HandDrill":39,"Cracked Core":0},{"Pear":6,"Torii":18,"Astrolabe":10,"Thread and Needle":8,"Mango":18,"PreservedInsect":22,"Omamori":13,"Whetstone":22,"Ancient Tea Set":6,"Question Card":21,"Akabeko":20,"White Beast Statue":21,"Blood Vial":11,"Runic Dome":0,"Dream Catcher":12,"Centennial Puzzle":19,"Shovel":19,"Shuriken":20,"Philosopher\u0027s Stone":16,"HandDrill":18,"Cracked Core":0},{"Pear":22,"Torii":84,"Astrolabe":49,"Thread and Needle":33,"Mango":84,"PreservedInsect":111,"Omamori":64,"Whetstone":111,"Ancient Tea Set":22,"Question Card":104,"Akabeko":98,"White Beast Statue":104,"Blood Vial":53,"Runic Dome":0,"Dream Catcher":57,"Centennial Puzzle":90,"Shovel":90,"Shuriken":98,"Philosopher\u0027s Stone":77,"HandDrill":84,"Cracked Core":0}]},"card_choices":[{"not_picked":["Steam","Leap"],"picked":"Ball Lightning","floor":1.0},{"not_picked":["Turbo","Redo"],"picked":"Hologram","floor":2.0},{"not_picked":["Redo","Sweeping Beam","Rip and Tear"],"picked":"SKIP","floor":4.0},{"not_picked":["Reinforced Body","Barrage"],"picked":"Reprogram","floor":5.0},{"not_picked":["Recycle","Turbo","Electrodynamics"],"picked":"SKIP","floor":7.0},{"not_picked":["Rebound","Reboot"],"picked":"Gash","floor":8.0},{"not_picked":["Defragment","Hello World"],"picked":"Auto Shields","floor":10.0},{"not_picked":["Multi-Cast","Skim"],"picked":"Buffer","floor":11.0},{"not_picked":["Ball Lightning","Cold Snap","Conserve Battery"],"picked":"SKIP","floor":14.0},{"not_picked":["All For One","Thunder Strike"],"picked":"Hyperbeam","floor":16.0},{"not_picked":["Stack","Cold Snap"],"picked":"Gash","floor":18.0},{"not_picked":["Redo","Coolheaded","Compile Driver"],"picked":"SKIP","floor":24.0},{"not_picked":["Turbo","Barrage+1"],"picked":"Fusion+1","floor":27.0},{"not_picked":["Creative AI","Sweeping Beam"],"picked":"Gash","floor":30.0},{"not_picked":["Hyperbeam","Biased Cognition"],"picked":"Machine Learning","floor":33.0},{"not_picked":["Cold Snap","Sweeping Beam","Compile Driver+1"],"picked":"SKIP","floor":35.0},{"not_picked":["Barrage","Cold Snap","Stack"],"picked":"SKIP","floor":38.0},{"not_picked":["FTL+1","Steam","Biased Cognition"],"picked":"SKIP","floor":40.0},{"not_picked":["Force Field","Stack+1"],"picked":"Hologram+1","floor":42.0},{"not_picked":["Fusion+1","Hologram","Lockon"],"picked":"SKIP","floor":44.0},{"not_picked":["Beam Cell+1","Amplify","Lockon","Stack"],"picked":"SKIP","floor":46}],"player_experience":1454140,"relics_obtained":[{"floor":8.0,"key":"Ancient Tea Set"},{"floor":9.0,"key":"Pear"},{"floor":11.0,"key":"Thread and Needle"},{"floor":24.0,"key":"Dream Catcher"},{"floor":27.0,"key":"Omamori"},{"floor":40.0,"key":"Shovel"},{"floor":41.0,"key":"Centennial Puzzle"},{"floor":42.0,"key":"Akabeko"},{"floor":43.0,"key":"Shuriken"},{"floor":44.0,"key":"White Beast Statue"},{"floor":45.0,"key":"Question Card"},{"floor":46,"key":"PreservedInsect"},{"floor":49,"key":"Whetstone"}],"event_choices":[{"cards_removed":["Defend_B"],"damage_healed":0.0,"max_hp_gain":0.0,"max_hp_loss":0.0,"gold_gain":0.0,"event_name":"The Cleric","player_choice":"Card Removal","floor":3.0,"gold_loss":50.0,"damage_taken":0.0},{"damage_healed":0.0,"max_hp_gain":0.0,"max_hp_loss":0.0,"gold_gain":0.0,"event_name":"Living Wall","player_choice":"Grow","floor":13.0,"gold_loss":0.0,"damage_taken":0.0,"cards_upgraded":["Reprogram"]},{"damage_healed":0.0,"max_hp_gain":5.0,"max_hp_loss":0.0,"gold_gain":0.0,"event_name":"Forgotten Altar","player_choice":"Shed Blood","floor":20.0,"gold_loss":0.0,"damage_taken":21.0},{"cards_removed":["Strike_B"],"damage_healed":0.0,"max_hp_gain":0.0,"max_hp_loss":0.0,"gold_gain":0.0,"event_name":"Beggar","player_choice":"Gave Gold","floor":21.0,"gold_loss":75.0,"damage_taken":0.0},{"damage_healed":0.0,"max_hp_gain":0.0,"max_hp_loss":0.0,"gold_gain":0.0,"event_name":"Addict","player_choice":"Obtained Relic","floor":22.0,"gold_loss":85.0,"damage_taken":0.0,"relics_obtained":["Blood Vial"]},{"damage_healed":0.0,"max_hp_gain":0.0,"max_hp_loss":0.0,"gold_gain":99.0,"event_name":"Nest","player_choice":"Stole From Cult","floor":29.0,"gold_loss":0.0,"damage_taken":0.0},{"damage_healed":0.0,"max_hp_gain":0.0,"max_hp_loss":0.0,"gold_gain":999.0,"event_name":"MindBloom","player_choice":"Gold","floor":36.0,"gold_loss":0.0,"damage_taken":0.0,"cards_obtained":["Normality","Normality"]},{"damage_healed":0.0,"max_hp_gain":0.0,"max_hp_loss":5.0,"gold_gain":0.0,"event_name":"Winding Halls","player_choice":"Max HP","floor":37.0,"gold_loss":0.0,"damage_taken":0.0},{"damage_healed":0,"gold_gain":0,"player_choice":"Got Potions","damage_taken":0,"max_hp_gain":0,"max_hp_loss":0,"event_name":"Lab","floor":48,"gold_loss":0}],"is_beta":false,"boss_relics":[{"not_picked":["SlaversCollar","SacredBark"],"picked":"Astrolabe"},{"not_picked":["Tiny House","Inserter"],"picked":"Philosopher\u0027s Stone"}],"items_purged_floors":[19,39],"is_endless":false,"potions_floor_spawned":[4,5,7,16,18,24,33,35,38,42,44,46],"killed_by":"Time Eater","ascension_level":7}}