{"host":"w4ub8crw9ou4a5am","time":1613238366,"event":{"mods":["2.2 Compatiblity","BaseMod","Challenge The Spire","Colored Powertips","Hermit","Hubris","Jorbs\u0027s Wanderer Trilogy","KinomotoSakuraMod(????)","Koishi","Marisa????????","Minty Spire (QoL Compilation)","Quick Restart","Rare Cards Sparkle","Remilia??????","StSLib","The Administrix","The Animator","The Bug Knight","The Cursed","The Disciple","The Hierophant","The Jungle","The Marked","The Necromancer","The Senshi","The Servant 0.9.4","WarShipGirlsR/????R mod"],"gold_per_floor":[116,131,206,206,186,213,213,229,252,39,69,81,81,101,101,101,101],"floor_reached":16,"language":"ENG","playtime":1850,"items_purged":[],"score":110,"play_id":"d1c6d907-c50f-45d5-ae68-87701f1dd253","local_time":"20210213124606","is_ascension_mode":false,"campfire_choices":[{"floor":7,"key":"REST"},{"floor":15,"key":"REST"}],"circlet_count":0,"master_deck":["Strike_Br","Strike_Br","Strike_Br","Defend_Br","Defend_Br","Defend_Br","Defend_Br","SecondHand","PatternShift","Backlash","LockedTornado","BlueShift","LockedOrichalcum","Parity","Keepsakes","EscortCommand","LockedMercury","LockedCalendar","ReapSow","LockedAnchor","BeatsPerMinute","HandsUpB"],"relics":["Chronometer","IceCream?","Art of War","PreservedInsect","BlueBox","Prayer Wheel"],"acts_visited":["Exordium"],"potions_floor_usage":[6,6,6,11],"damage_taken":[{"damage":0,"enemies":"2 Louse","floor":1,"turns":3},{"damage":5,"enemies":"Jaw Worm","floor":2,"turns":4},{"damage":33,"enemies":"Lagavulin","floor":6,"turns":15},{"damage":7,"enemies":"Cultist","floor":8,"turns":5},{"damage":10,"enemies":"3 Sentries","floor":11,"turns":7},{"damage":2,"enemies":"Looter","floor":12,"turns":4},{"damage":5,"enemies":"Exordium Thugs","floor":14,"turns":7},{"damage":44,"enemies":"The Guardian","floor":16,"turns":12}],"seed_played":"699030518641328477","potions_obtained":[{"floor":1,"key":"EssenceOfSteel"},{"floor":2,"key":"BlessingOfTheForge"},{"floor":5,"key":"EssenceOfSteel"},{"floor":6,"key":"Fire Potion"}],"is_trial":false,"path_per_floor":["M","M","?","?","?","E","R","M","T","$","E","M","?","M","R","B"],"character_chosen":"CHRONO_CLASS","items_purchased":["BlueBox","EscortCommand"],"campfire_rested":2,"item_purchase_floors":[10,10],"current_hp_per_floor":[71,66,55,55,55,22,43,36,36,36,26,24,24,19,40,0,0],"gold":101,"neow_bonus":"TEN_PERCENT_HP_BONUS","is_daily":false,"chose_seed":false,"campfire_upgraded":0,"win_rate":0.0,"timestamp":1613238366,"path_taken":["M","M","?","?","?","E","R","M","T","$","E","?","?","M","R","BOSS"],"items_purchased_type":["Relic","Card"],"build_version":"2020-12-22","purchased_purges":0,"victory":false,"max_hp_per_floor":[71,71,71,71,71,71,71,71,71,71,71,71,71,71,71,71,71],"card_choices":[{"not_picked":["BlueShift","Keepsakes"],"picked":"Backlash","floor":1},{"not_picked":["LockedTurtyl","CrunchTime"],"picked":"LockedTornado","floor":2},{"not_picked":["LockedAnchor","Parity"],"picked":"BlueShift","floor":6},{"not_picked":["Echoward","CrunchTime"],"picked":"LockedOrichalcum","floor":8},{"not_picked":["LockedOrichalcum","Tempo"],"picked":"LockedMercury","floor":11},{"not_picked":["CrunchTime","Tempo"],"picked":"LockedCalendar","floor":12},{"not_picked":["LockedMedicine","Goo"],"picked":"ReapSow","floor":12},{"not_picked":["ReapSow","Cuckoo"],"picked":"BeatsPerMinute","floor":14},{"not_picked":["LockedOrichalcum","VestedLegacy"],"picked":"HandsUpB","floor":14}],"player_experience":1716548,"relics_obtained":[{"floor":6,"key":"Art of War"},{"floor":9,"key":"PreservedInsect"},{"floor":11,"key":"Prayer Wheel"}],"event_choices":[{"damage_healed":0,"gold_gain":75,"player_choice":"Gather Gold","damage_taken":11,"max_hp_gain":0,"max_hp_loss":0,"event_name":"World of Goop","floor":3,"gold_loss":0},{"damage_healed":0,"gold_gain":0,"player_choice":"Bought 1 Potion","damage_taken":0,"max_hp_gain":0,"max_hp_loss":0,"event_name":"The Woman in Blue","floor":5,"gold_loss":0},{"damage_healed":0,"gold_gain":0,"cards_transformed":["Strike_Br"],"player_choice":"Transformed","damage_taken":0,"max_hp_gain":0,"max_hp_loss":0,"event_name":"Transmorgrifier","floor":13,"gold_loss":0,"cards_obtained":["LockedAnchor"]}],"is_beta":false,"boss_relics":[],"items_purged_floors":[],"is_endless":false,"potions_floor_spawned":[1,2,6],"killed_by":"The Guardian","ascension_level":0}}