{"host":"kh6fvhxn285ncg0o","time":1613235657,"event":{"mods":["Act Like it!","BaseMod","Colored Map","Friendly Minions","Keyboard Shortcuts","Minty Spire (QoL Compilation)","Quick Restart","Relic Stats","StSLib","SuperFastMode","UnlockEverythingMod"],"gold_per_floor":[112,37,53,67,67,95,95,95,95],"floor_reached":8,"language":"KOR","playtime":137,"items_purged":[],"score":112,"play_id":"a2ef64af-7ec8-4565-a3e4-d917c6d1ba07","local_time":"20210214020057","is_ascension_mode":true,"campfire_choices":[{"floor":7,"key":"REST"}],"circlet_count":0,"master_deck":["AscendersBane","Strike_R","Strike_R","Strike_R","Strike_R","Defend_R","Defend_R","Defend_R","Defend_R","Bash","Master of Strategy","Evolve","Feel No Pain"],"relics":["Burning Blood","Singing Bowl"],"acts_visited":["Exordium"],"potions_floor_usage":[6],"damage_taken":[{"damage":4,"enemies":"2 Louse","floor":1,"turns":3},{"damage":31,"enemies":"Jaw Worm","floor":3,"turns":6},{"damage":4,"enemies":"Small Slimes","floor":4,"turns":5},{"damage":46,"enemies":"Gremlin Nob","floor":6,"turns":6},{"damage":0,"enemies":"Lagavulin","floor":8,"turns":1}],"seed_played":"18225699163229354","potions_obtained":[{"floor":1,"key":"Dexterity Potion"},{"floor":3,"key":"Ancient Potion"}],"is_trial":false,"path_per_floor":["M","?","M","M","?","E","R","E"],"character_chosen":"IRONCLAD","items_purchased":[],"campfire_rested":1,"item_purchase_floors":[],"current_hp_per_floor":[68,68,43,45,50,12,34,34,34],"gold":95,"neow_bonus":"RANDOM_COLORLESS_2","is_daily":false,"chose_seed":false,"campfire_upgraded":0,"win_rate":0.0,"timestamp":1613235657,"path_taken":["M","?","M","M","?","E","R","E"],"items_purchased_type":[],"build_version":"2020-12-22","purchased_purges":0,"victory":false,"max_hp_per_floor":[68,68,68,68,73,75,75,75,75],"relic_stats":{"Singing Bowl":2,"counters":[5,21],"obtain_stats":[{"Singing Bowl":6,"Burning Blood":0},{"Singing Bowl":4,"Burning Blood":0},{"Singing Bowl":20,"Burning Blood":0}],"Burning Blood":22},"card_choices":[{"not_picked":["Thinking Ahead","Transmutation"],"picked":"Master of Strategy","floor":0},{"not_picked":["Fire Breathing","Flex"],"picked":"Evolve","floor":1},{"not_picked":["Havoc","Sentinel"],"picked":"Feel No Pain","floor":3},{"not_picked":["Shrug It Off","Limit Break","Searing Blow"],"picked":"Singing Bowl","floor":6}],"player_experience":1380894,"relics_obtained":[{"floor":6,"key":"Singing Bowl"}],"event_choices":[{"cards_removed":["Strike_R"],"damage_healed":0,"gold_gain":0,"player_choice":"Card Removal","damage_taken":0,"max_hp_gain":0,"max_hp_loss":0,"event_name":"The Cleric","floor":2,"gold_loss":75},{"damage_healed":0,"gold_gain":0,"player_choice":"Donut","damage_taken":0,"max_hp_gain":5,"max_hp_loss":0,"event_name":"Big Fish","floor":5,"gold_loss":0}],"is_beta":false,"boss_relics":[],"items_purged_floors":[],"is_endless":false,"potions_floor_spawned":[1,3],"killed_by":"Lagavulin","ascension_level":20}}