{"host":"96dqtlax74dz00hw","time":1613223993,"event":{"mods":["Bard","BaseMod","Better Altar","ChefMod","Colored Powertips","Downfall","Hermit","Minty Spire (QoL Compilation)","Permanent Neow","Rare Cards Sparkle","StSLib","The Cursed","The Disciple","The Edgeheg","The IronCluck","The Problem Sleuth"],"gold_per_floor":[199,27,40,51,51,51,76,88,200,222,254,299,211,256,286,396,408,420,231,245,156,169,169,223,251,251,251,251,269,269,289,304,304,304,304],"floor_reached":33,"language":"ENG","playtime":2070,"items_purged":["champ:Strike","champ:Defend"],"score":325,"play_id":"1ae471a6-9b89-4d5c-a121-47e4348bbbd4","local_time":"20210213054633","is_ascension_mode":false,"campfire_choices":[{"data":"champ:Taunt","floor":1,"key":"SMITH"},{"floor":8,"key":"RECALL"},{"data":"champ:HoldFirm","floor":13,"key":"SMITH"},{"data":"champ:StrikeOfGenius","floor":18,"key":"SMITH"},{"data":"champ:PerfectedStrike","floor":26,"key":"SMITH"},{"data":"champ:PerfectedStrike","floor":28,"key":"SMITH"},{"data":"champ:Defend","floor":30,"key":"SMITH"}],"circlet_count":0,"master_deck":["champ:Strike","champ:Strike","champ:Defend+1","champ:Defend","champ:Defend","champ:Execute","champ:Taunt+1","champ:FanOfKnives","champ:HoldFirm+1","champ:FocusedDefense","champ:BladeFlurry","champ:RisingSlash","champ:BringItOn","champ:PreciseThrust","champ:MurderStrike","champ:PerfectedStrike+1","champ:StrikeOfGenius+1","champ:PerfectedStrike+1","champ:ShieldWall","champ:FlashCut","champ:FocusedBerserking","champ:EnGarde","champ:BringItOn","champ:ShieldWall","champ:RisingSlash+1","champ:FaceSlap","champ:BladeFlurry+1","champ:UltimateStance","champ:Encircle"],"relics":["champ:ChampionCrown","Potion Belt","MawBank","Art of War","downfall:HeartBlessingRed","Pen Nib","Coffee Dripper","Medical Kit","Centennial Puzzle","Omamori","CaptainsWheel"],"acts_visited":["Exordium","TheCity"],"potions_floor_usage":[14,16,19,21,31,33,33],"damage_taken":[{"damage":25,"enemies":"downfall:FleeingMerchant","floor":2,"turns":4},{"damage":7,"enemies":"Small Slimes","floor":3,"turns":5},{"damage":5,"enemies":"2 Louse","floor":4,"turns":3},{"damage":10,"enemies":"Cultist","floor":10,"turns":3},{"damage":12,"enemies":"Blue Slaver","floor":11,"turns":3},{"damage":11,"enemies":"Lagavulin","floor":12,"turns":6},{"damage":0,"enemies":"Gremlin Nob","floor":14,"turns":3},{"damage":15,"enemies":"Large Slime","floor":15,"turns":3},{"damage":16,"enemies":"SI_SHIV_ARCHETYPE","floor":16,"turns":6},{"damage":5,"enemies":"downfall:FleeingMerchant","floor":19,"turns":4},{"damage":11,"enemies":"Shell Parasite","floor":20,"turns":3},{"damage":15,"enemies":"downfall:FleeingMerchant","floor":21,"turns":4},{"damage":12,"enemies":"Chosen","floor":22,"turns":3},{"damage":36,"enemies":"Book of Stabbing","floor":25,"turns":5},{"damage":25,"enemies":"Sentry and Sphere","floor":29,"turns":1},{"damage":9,"enemies":"Snake Plant","floor":31,"turns":2},{"damage":5,"enemies":"3 Cultists","floor":32,"turns":4},{"damage":50,"enemies":"IC_MUSHROOM_ARCHETYPE","floor":33,"turns":4}],"seed_played":"8114139734437431931","potions_obtained":[{"floor":3,"key":"sneckomod:MuddlingPotion"},{"floor":11,"key":"SneckoOil"},{"floor":12,"key":"CultistPotion"},{"floor":15,"key":"ColorlessPotion"},{"floor":16,"key":"SteroidPotion"},{"floor":25,"key":"champ:OpenerPotion"},{"floor":29,"key":"Strength Potion"},{"floor":31,"key":"BlessingOfTheForge"}],"is_trial":false,"path_per_floor":["R","$","M","M","?","?","T","R","?","M","M","E","R","E","M","B",null,"R","$","M","$","M","?","T","E","R","?","R","M","R","M","M","B"],"character_chosen":"THE_CHAMP","items_purchased":["champ:HoldFirm","champ:ShieldWall","Medical Kit","Centennial Puzzle","champ:EnGarde","champ:BringItOn","champ:ShieldWall"],"campfire_rested":0,"item_purchase_floors":[2,19,19,21,21,21,21],"current_hp_per_floor":[90,85,83,83,76,76,76,76,76,76,74,73,73,73,73,72,90,90,90,79,64,62,62,62,36,36,36,36,36,36,27,27,0,0,0],"gold":304,"neow_bonus":"HUNDRED_GOLD","is_daily":false,"chose_seed":false,"campfire_upgraded":6,"win_rate":0.0,"timestamp":1613223993,"path_taken":["R","$","M","M","?","?","T","R","?","M","M","E","R","E","M","BOSS","R","?","M","$","M","?","T","E","R","?","R","M","R","M","M","BOSS"],"items_purchased_type":["Card","Card","Relic","Relic","Card","Card","Card"],"build_version":"2020-12-22","purchased_purges":2,"victory":false,"max_hp_per_floor":[90,90,90,90,90,90,90,90,90,90,90,90,90,90,90,90,90,90,90,90,90,90,90,90,90,90,90,90,90,90,90,90,90,90,90],"card_choices":[{"not_picked":["champ:EndlessRage","champ:HeartStrike"],"picked":"champ:FanOfKnives","floor":2},{"not_picked":["champ:Circumvent","champ:PreemptiveStrike"],"picked":"champ:FocusedDefense","floor":3},{"not_picked":["champ:FancyFootwork","champ:EnGarde"],"picked":"champ:BladeFlurry","floor":4},{"not_picked":["champ:TornadoPunch","champ:BladeFlurry"],"picked":"champ:RisingSlash","floor":10},{"not_picked":["champ:AdrenalArmor","champ:EnGarde"],"picked":"champ:BringItOn","floor":11},{"not_picked":["champ:SetATrap","champ:ShieldSlam"],"picked":"champ:PreciseThrust","floor":12},{"not_picked":["champ:LastStand","champ:RisingSlash"],"picked":"champ:MurderStrike","floor":14},{"not_picked":["champ:Shatter","champ:CrookedStrike"],"picked":"champ:PerfectedStrike","floor":15},{"not_picked":["champ:DancingMaster","champ:Devastate"],"picked":"champ:StrikeOfGenius","floor":16},{"not_picked":["champ:ArenaPreparation","champ:EnragedBash"],"picked":"champ:PerfectedStrike","floor":19},{"not_picked":["champ:GladiatorStyle","champ:BringItOn"],"picked":"champ:FlashCut","floor":20},{"not_picked":["champ:CrookedStrike","champ:PreciseThrust"],"picked":"champ:FocusedBerserking","floor":21},{"not_picked":["champ:Haymaker","champ:DefensiveShout"],"picked":"champ:RisingSlash+1","floor":22},{"not_picked":["champ:BladeFlurry","champ:DefensiveShout"],"picked":"champ:FaceSlap","floor":25},{"not_picked":["champ:BerserkersShout","champ:Haymaker"],"picked":"champ:BladeFlurry+1","floor":29},{"not_picked":["champ:EnGarde","champ:SkillfulDodge+1"],"picked":"champ:UltimateStance","floor":31},{"not_picked":["champ:BladeFlurry","champ:AdrenalArmor"],"picked":"champ:Encircle","floor":32}],"player_experience":911401,"relics_obtained":[{"floor":7,"key":"MawBank"},{"floor":12,"key":"Art of War"},{"floor":14,"key":"Pen Nib"},{"floor":24,"key":"Omamori"},{"floor":25,"key":"CaptainsWheel"}],"event_choices":[{"damage_healed":0,"gold_gain":0,"player_choice":"Success","damage_taken":7,"relics_obtained":["Potion Belt"],"max_hp_gain":0,"max_hp_loss":0,"event_name":"Scrap Ooze","floor":5,"gold_loss":0}],"is_beta":false,"boss_relics":[{"not_picked":["Cursed Key","Snecko Eye"],"picked":"Coffee Dripper"}],"items_purged_floors":[2,21],"is_endless":false,"potions_floor_spawned":[3,11,12,15,16,25,29,31],"killed_by":"IC_MUSHROOM_ARCHETYPE","ascension_level":0}}