{"host":"5fozw18ph4jp5uv8","time":1613199367,"event":{"mods":["BaseMod","Duelist Mod","GifTheSpireLib","Hermit","Minty Spire (QoL Compilation)","StSLib"],"gold_per_floor":[143,162,177,177,189,189,205,221,248,248,267,267,284,299,299,399,399,409,264,280,34,34],"floor_reached":21,"language":"ENG","playtime":1653,"items_purged":[],"score":227,"play_id":"3c7a3c8a-d259-4bdb-8bb4-e01453762841","local_time":"20210212225607","is_ascension_mode":false,"campfire_choices":[{"data":"theDuelist:GeminiElf","floor":6,"key":"SMITH"},{"data":"theDuelist:WitchBlackRose","floor":10,"key":"SMITH"},{"data":"theDuelist:Polymerization","floor":12,"key":"SMITH"},{"data":"theDuelist:InjectionFairy","floor":15,"key":"SMITH"}],"circlet_count":0,"master_deck":["theDuelist:CastleWalls","theDuelist:CastleWalls","theDuelist:DarkMagician","theDuelist:MysticalElf","theDuelist:MysticalElf","theDuelist:NeoMagic","theDuelist:NeoMagic","theDuelist:Sparks","theDuelist:Sparks","theDuelist:Sparks","theDuelist:GeminiElf+1","theDuelist:HammerShot","theDuelist:GateGuardian","theDuelist:InjectionFairy+1","theDuelist:ApprenticeIllusionMagician","theDuelist:WitchBlackRose+1","theDuelist:Polymerization+1","theDuelist:Illusionist","theDuelist:DarkMagician","theDuelist:RainbowKuriboh","CurseOfTheBell","theDuelist:DarkHorizon+1","theDuelist:GrandSpellbookTower","theDuelist:PowerKaishin+1","theDuelist:DarkMagician"],"relics":["theDuelist:MillenniumPuzzle","theDuelist:CardPoolRelic","theDuelist:CardPoolBasicRelic","theDuelist:BoosterPackPoolRelic","theDuelist:CardPoolAddRelic","theDuelist:CardPoolMinusRelic","theDuelist:CardPoolSaveRelic","theDuelist:CardPoolOptionsRelic","NeowsBlessing","theDuelist:MillenniumArmor","Happy Flower","Calling Bell","Strawberry","Mercury Hourglass","FossilizedHelix","theDuelist:YugiMirror"],"acts_visited":["Exordium","TheCity"],"potions_floor_usage":[],"damage_taken":[{"damage":0,"enemies":"2 Louse","floor":1,"turns":1},{"damage":0,"enemies":"Cultist","floor":2,"turns":1},{"damage":0,"enemies":"Small Slimes","floor":3,"turns":1},{"damage":2,"enemies":"Exordium Wildlife","floor":5,"turns":6},{"damage":0,"enemies":"Lots of Slimes","floor":7,"turns":5},{"damage":0,"enemies":"Looter","floor":8,"turns":4},{"damage":0,"enemies":"Exordium Thugs","floor":11,"turns":4},{"damage":0,"enemies":"3 Louse","floor":13,"turns":3},{"damage":0,"enemies":"2 Fungi Beasts","floor":14,"turns":2},{"damage":0,"enemies":"The Guardian","floor":16,"turns":7},{"damage":0,"enemies":"Shell Parasite","floor":18,"turns":3},{"damage":25,"enemies":"2 Thieves","floor":20,"turns":5}],"seed_played":"-6014341420106728618","potions_obtained":[{"floor":1,"key":"SteroidPotion"},{"floor":3,"key":"theDuelist:TokenPotion"},{"floor":8,"key":"SteroidPotion"},{"floor":20,"key":"Swift Potion"}],"is_trial":false,"path_per_floor":["M","M","M","?","M","R","M","M","T","R","M","R","M","M","R","B",null,"M","$","M","$"],"character_chosen":"THE_DUELIST","items_purchased":["theDuelist:GrandSpellbookTower","theDuelist:YugiMirror"],"campfire_rested":0,"item_purchase_floors":[19,21],"current_hp_per_floor":[80,80,80,74,72,72,76,80,80,80,80,80,80,80,80,80,87,87,87,62,62,62],"gold":34,"neow_bonus":"THREE_ENEMY_KILL","is_daily":false,"chose_seed":false,"campfire_upgraded":4,"win_rate":0.0,"timestamp":1613199367,"path_taken":["M","M","M","?","M","R","M","M","T","R","M","R","M","?","R","BOSS","M","$","M","$"],"items_purchased_type":["Card","Relic"],"build_version":"2020-12-22","purchased_purges":0,"victory":false,"max_hp_per_floor":[80,80,80,80,80,80,80,80,80,80,80,80,80,80,80,80,87,87,87,87,87,87],"card_choices":[{"not_picked":["theDuelist:SkilledDarkMagician","theDuelist:WhiteMagicalHat","theDuelist:MythicalBeast","theDuelist:AncientElf"],"picked":"theDuelist:GeminiElf","floor":1},{"not_picked":["theDuelist:EarthquakeGiant","theDuelist:Hinotama","theDuelist:Mudora","theDuelist:DestroyerGolem"],"picked":"theDuelist:HammerShot","floor":2},{"not_picked":["theDuelist:RainbowDarkDragon","theDuelist:ThousandEyesRestrict"],"picked":"theDuelist:GateGuardian","floor":3},{"not_picked":["theDuelist:AncientElf","theDuelist:Illusionist","theDuelist:OnslaughtFireKings","theDuelist:DarkMagician"],"picked":"theDuelist:InjectionFairy","floor":5},{"not_picked":["theDuelist:BlizzardWarrior","theDuelist:AlienTelepath","theDuelist:GeminiElf","theDuelist:ContractExodia"],"picked":"theDuelist:ApprenticeIllusionMagician","floor":7},{"not_picked":["theDuelist:NeoMagic","theDuelist:InjectionFairy","theDuelist:SpiritHarp","theDuelist:GeminiElf"],"picked":"theDuelist:WitchBlackRose","floor":8},{"not_picked":["theDuelist:Mudora","theDuelist:Wiseman","theDuelist:GaiaMidNightSun","theDuelist:GemElephant"],"picked":"theDuelist:Polymerization","floor":11},{"not_picked":["theDuelist:BlizzardWarrior","theDuelist:WhiteMagicalHat","theDuelist:AltarTribute","theDuelist:WitchBlackRose"],"picked":"theDuelist:Illusionist","floor":13},{"not_picked":["theDuelist:OnslaughtFireKings","theDuelist:BlizzardWarrior","theDuelist:FairyBox","theDuelist:LegendaryFlameLord"],"picked":"theDuelist:DarkMagician","floor":14},{"not_picked":["theDuelist:RainbowDarkDragon","theDuelist:IrisEarthMother","theDuelist:RainbowMagician","theDuelist:RainbowOverdragon"],"picked":"theDuelist:RainbowKuriboh","floor":16},{"not_picked":["theDuelist:FairyBox+1","theDuelist:IcyCrevasse","theDuelist:Graverobber","theDuelist:BadReaction"],"picked":"theDuelist:DarkHorizon+1","floor":18},{"not_picked":["theDuelist:InfernoFireBlast","theDuelist:MagicalBlast","theDuelist:OnslaughtFireKings+1","theDuelist:DiffusionWaveMotion"],"picked":"theDuelist:PowerKaishin+1","floor":20}],"player_experience":40212,"relics_obtained":[{"floor":9,"key":"Happy Flower"},{"floor":17,"key":"Strawberry"},{"floor":17,"key":"Mercury Hourglass"},{"floor":17,"key":"FossilizedHelix"}],"event_choices":[{"damage_healed":0,"gold_gain":0,"player_choice":"Dig - random Duelist relic","duelist":true,"damage_taken":0,"max_hp_gain":0,"max_hp_loss":0,"event_name":"Aknamkanon\u0027s Tomb","floor":4,"gold_loss":0}],"is_beta":false,"boss_relics":[{"not_picked":["Runic Dome","Mark of Pain"],"picked":"Calling Bell"}],"items_purged_floors":[],"is_endless":false,"potions_floor_spawned":[1,3,8,20],"ascension_level":0}}