{"host":"kubg1eqfxrnqnv0b","time":1613254390,"event":{"mods":["Aspiration","BaseMod","BetterRewards","Colored Map","Conspire","Energized Spire","Gremlin Skip","Halation","Hubris","Infinite Spire","Minty Spire (QoL Compilation)","Quick Restart","Replay The Spire","StSLib"],"gold_per_floor":[117,131,145,21,36,36,65,65,139,139,158,186,205,235,235,235,235],"floor_reached":16,"language":"ENG","playtime":735,"items_purged":["Defend_R"],"score":297,"play_id":"cc0e1422-7f31-42b6-9d10-a0329940001a","local_time":"20210213181310","is_ascension_mode":false,"campfire_choices":[{"data":"Inflame","floor":6,"key":"SMITH"},{"data":"Spot Weakness","floor":8,"key":"SMITH"},{"data":"Secret Technique","floor":10,"key":"SMITH"},{"data":"Demon Form","floor":15,"key":"SMITH"}],"circlet_count":0,"master_deck":["Strike_R","Strike_R","Strike_R","Strike_R","Strike_R","Defend_R","Defend_R","Defend_R","Bash","Spot Weakness+1","Inflame+1","Secret Technique+1","Shrug It Off","Twin Strike","Anger","Twin Strike","Headbutt","infinitespire:OneForAll","Sword Boomerang","Pot Of Greed","Pot Of Greed","Pommel Strike","Flex","Demon Form+1"],"relics":["Burning Blood","Incense Burner","InkBottle","Ornamental Fan","Grinning Jar","conspire:GlowingRock"],"acts_visited":["Exordium"],"potions_floor_usage":[5,5,14,16],"damage_taken":[{"damage":9,"enemies":"Cultist","floor":1,"turns":4},{"damage":3,"enemies":"Small Slimes","floor":2,"turns":3},{"damage":0,"enemies":"2 Louse","floor":3,"turns":2},{"damage":0,"enemies":"Gremlin Gang","floor":5,"turns":1},{"damage":8,"enemies":"3 Sentries","floor":7,"turns":5},{"damage":12,"enemies":"Exordium Thugs","floor":11,"turns":4},{"damage":16,"enemies":"Lagavulin","floor":12,"turns":5},{"damage":2,"enemies":"Blue Slaver","floor":13,"turns":3},{"damage":0,"enemies":"Gremlin Nob","floor":14,"turns":2}],"seed_played":"5485581238392713617","potions_obtained":[{"floor":1,"key":"Explosive Potion"},{"floor":2,"key":"Explosive Potion"},{"floor":7,"key":"SpeedPotion"},{"floor":11,"key":"FearPotion"}],"is_trial":false,"path_per_floor":["M","M","M","$","M","R","E","R","T","R","M","E","M","E","R","B"],"character_chosen":"IRONCLAD","items_purchased":["Spot Weakness","Inflame","Secret Technique","Shrug It Off","Twin Strike"],"campfire_rested":0,"item_purchase_floors":[0,0,0,0,4],"current_hp_per_floor":[53,56,62,62,68,68,66,66,66,66,60,50,54,60,60,0,0],"gold":235,"neow_bonus":"","is_daily":false,"chose_seed":false,"campfire_upgraded":4,"win_rate":0.0,"timestamp":1613254390,"path_taken":["M","M","M","$","M","R","E","R","T","R","?","E","M","E","R","BOSS"],"items_purchased_type":["Card","Card","Card","Card","Card"],"build_version":"2020-12-22","purchased_purges":1,"victory":false,"max_hp_per_floor":[80,80,80,80,80,80,80,80,80,80,80,80,80,80,80,80,80],"card_choices":[{"not_picked":["ReplayTheSpireMod:Strike From Hell","hubris:ReadiedAction"],"picked":"Twin Strike","floor":1},{"not_picked":["Warcry","Cleave"],"picked":"Anger","floor":2},{"not_picked":["Massacre","Clothesline","Sever Soul"],"picked":"SKIP","floor":3},{"not_picked":["Perfected Strike","Clothesline"],"picked":"Headbutt","floor":5},{"not_picked":["hubris:SharpeningStone","Warcry"],"picked":"infinitespire:OneForAll","floor":7},{"not_picked":["ReplayTheSpireMod:Stacked","ReplayTheSpireMod:Strike From Hell"],"picked":"Sword Boomerang","floor":11},{"not_picked":["ReplayTheSpireMod:Strike From Hell","Whirlwind"],"picked":"Pommel Strike","floor":12},{"not_picked":["Clothesline","Power Through"],"picked":"Flex","floor":13},{"not_picked":["Intimidate","Spot Weakness"],"picked":"Demon Form","floor":14}],"player_experience":2179,"relics_obtained":[{"floor":7,"key":"InkBottle"},{"floor":9,"key":"Ornamental Fan"},{"floor":12,"key":"Grinning Jar"},{"floor":14,"key":"conspire:GlowingRock"}],"event_choices":[],"is_beta":false,"boss_relics":[],"items_purged_floors":[4],"is_endless":false,"potions_floor_spawned":[1,2,7,11],"killed_by":"The Guardian","ascension_level":0}}