{"host":"7k2a2omxz3voj5ax","time":1613247494,"event":{"mods":["BaseMod","Marisa£¨ìFÓê¡¡Ä§ÀíÉ³£©","Minty Spire (QoL Compilation)","Quick Restart","Spicy Shops","StSLib","Starting Relic: Pandora\u0027s Box","Yakumo Yukari mod","¡¾ÒÅÎï¿¨ÅÆ¡¿REMEMod","óô»ðÖ¸ÄÏ"],"gold_per_floor":[113,131,206,470,470,57,89,116,140,140,165,176,211,65,79,79,79,175,175,195,211,225,243,254,29,57,57,57,82,114,114,39,39,58,68,68,99,112,112,207,207,217,217,217,237,87,106,106,106,136,17,41,76,76,102,155,170,170,170,170,170,170,24,49,49],"floor_reached":66,"language":"ZHS","playtime":2891,"items_purged":["Lockon","Compile Driver","Conserve Battery"],"score":1934,"play_id":"54254608-34ab-458e-9cd0-559198aa5305","local_time":"20210214051814","is_ascension_mode":true,"campfire_choices":[{"data":"Apotheosis","floor":10.0,"key":"SMITH"},{"data":"Biased Cognition","floor":16.0,"key":"SMITH"},{"data":"REME_ACTH","floor":17.0,"key":"SMITH"},{"floor":27.0,"key":"RECALL"},{"data":"Coolheaded","floor":36.0,"key":"SMITH"},{"data":"Double Energy","floor":39.0,"key":"SMITH"},{"floor":48.0,"key":"REST"},{"data":"Turbo","floor":58.0,"key":"SMITH"},{"data":"Echo Form","floor":59.0,"key":"SMITH"}],"circlet_count":0,"master_deck":["Zap+1","Dualcast+1","Loop+1","Genetic Algorithm+1","Defragment+1","Tempest+1","REME_ACTH+1","Glacier+1","Defragment+1","Capacitor+1","Apotheosis+1","Coolheaded+1","Biased Cognition+1","Biased Cognition+1","REME_SelfUpgrade+1","Double Energy+1","Consume+1","Amplify+1","Ball Lightning+1","Echo Form+1","Turbo+1"],"relics":["Pandora\u0027s Box","REME_ComplimentaryCards","NeowsBlessing","Singing Bowl","Mummified Hand","Anchor","Odd Mushroom","Lantern","Juzu Bracelet","PreservedInsect","Runic Capacitor","Black Star","Gremlin Horn","Happy Flower","Akabeko","Meat on the Bone","Lizard Tail","MutagenicStrength","Pen Nib","Boot","Runic Pyramid","DataDisk","REME_HandOfSuture","Du-Vu Doll","Bottled Lightning","Orichalcum","Blood Vial","Eternal Feather","Bronze Scales","InkBottle","CatCart","Medical Kit","Blue Candle","Ginger"],"acts_visited":["Exordium","TheCity","TheBeyond","TheEnding"],"potions_floor_usage":[65,65],"damage_taken":[{"damage":0.0,"enemies":"Cultist","floor":1.0,"turns":1.0},{"damage":0.0,"enemies":"Small Slimes","floor":2.0,"turns":1.0},{"damage":0.0,"enemies":"Lagavulin","floor":7.0,"turns":2.0},{"damage":8.0,"enemies":"The Mushroom Lair","floor":8.0,"turns":4.0},{"damage":0.0,"enemies":"3 Sentries","floor":11.0,"turns":4.0},{"damage":0.0,"enemies":"Jaw Worm","floor":12.0,"turns":3.0},{"damage":0.0,"enemies":"Lagavulin","floor":13.0,"turns":4.0},{"damage":0.0,"enemies":"Blue Slaver","floor":15.0,"turns":2.0},{"damage":14.0,"enemies":"Hexaghost","floor":18.0,"turns":5.0},{"damage":0.0,"enemies":"Spheric Guardian","floor":20.0,"turns":3.0},{"damage":0.0,"enemies":"Chosen","floor":21.0,"turns":5.0},{"damage":0.0,"enemies":"Snecko","floor":22.0,"turns":3.0},{"damage":0.0,"enemies":"Cultist and Chosen","floor":23.0,"turns":3.0},{"damage":0.0,"enemies":"Shelled Parasite and Fungi","floor":24.0,"turns":3.0},{"damage":0.0,"enemies":"Book of Stabbing","floor":26.0,"turns":4.0},{"damage":0.0,"enemies":"Gremlin Leader","floor":30.0,"turns":3.0},{"damage":9.0,"enemies":"Snake Plant","floor":34.0,"turns":3.0},{"damage":3.0,"enemies":"Snecko","floor":35.0,"turns":4.0},{"damage":0.0,"enemies":"Slavers","floor":37.0,"turns":4.0},{"damage":0.0,"enemies":"Centurion and Healer","floor":38.0,"turns":2.0},{"damage":0.0,"enemies":"Collector","floor":40.0,"turns":5.0},{"damage":10.0,"enemies":"3 Shapes","floor":42.0,"turns":3.0},{"damage":0.0,"enemies":"3 Shapes","floor":43.0,"turns":18.0},{"damage":18.0,"enemies":"3 Darklings","floor":45.0,"turns":3.0},{"damage":0.0,"enemies":"Jaw Worm Horde","floor":47.0,"turns":3.0},{"damage":0.0,"enemies":"Reptomancer","floor":50.0,"turns":2.0},{"damage":0.0,"enemies":"Nemesis","floor":53.0,"turns":1.0},{"damage":0.0,"enemies":"Reptomancer","floor":55.0,"turns":1.0},{"damage":0.0,"enemies":"Orin","floor":56.0,"turns":3.0},{"damage":0.0,"enemies":"Maw","floor":57.0,"turns":3.0},{"damage":0.0,"enemies":"Donu and Deca","floor":60.0,"turns":3.0},{"damage":0,"enemies":"Shield and Spear","floor":64,"turns":1},{"damage":4,"enemies":"The Heart","floor":65,"turns":7}],"seed_played":"8573968313791401308","potions_obtained":[{"floor":2.0,"key":"DuplicationPotion"},{"floor":7.0,"key":"Strength Potion"},{"floor":12.0,"key":"PowerPotion"},{"floor":20.0,"key":"DuplicationPotion"},{"floor":56.0,"key":"DistilledChaos"}],"is_trial":false,"path_per_floor":["M","M","?","$","?","R","E","?","T","R","E","M","E","R","M","R","R","B",null,"M","M","M","M","M","R","E","R","T","T","E","$","?","?","M","M","R","E","M","R","B",null,"M","?","?","M","$","M","R","?","E","R","T","E","R","E","?","M","R","R","B",null,"R","$","E","B",null],"character_chosen":"DEFECT","items_purchased":["Singing Bowl","Capacitor","Apotheosis","Mummified Hand","Runic Capacitor","DataDisk","Bottled Lightning","Medical Kit"],"campfire_rested":1,"item_purchase_floors":[4,4,6,6,14,46,51,63],"current_hp_per_floor":[75,75,64,64,64,64,64,58,58,58,60,62,62,62,64,64,64,50,83,85,87,89,91,91,91,91,91,91,91,93,93,93,93,84,83,83,85,87,87,87,99,91,103,103,87,87,87,105,100,102,102,102,104,104,106,108,108,108,108,108,108,108,108,110,106],"gold":49,"neow_bonus":"THREE_ENEMY_KILL","is_daily":false,"chose_seed":false,"campfire_upgraded":7,"win_rate":0.0,"timestamp":1613247494,"path_taken":["M","M","?","$","?","R","E","?","T","R","E","M","E","R","M","R","R","BOSS","M","M","M","M","M","R","E","R","T","T","E","$","?","?","M","M","R","E","M","R","BOSS","M","?","?","M","$","M","R","?","E","R","T","E","R","E","?","M","R","R","BOSS","R","$","E","BOSS"],"items_purchased_type":["Relic","Card","Card","Relic","Relic","Relic","Relic","Relic"],"build_version":"2020-12-22","purchased_purges":3,"victory":true,"max_hp_per_floor":[75,75,75,75,75,75,75,77,77,77,79,81,81,81,83,83,83,83,83,85,87,89,91,91,91,91,91,91,91,93,93,93,93,93,95,95,97,99,99,99,99,101,103,103,105,105,105,105,100,102,102,102,104,104,106,108,108,108,108,108,108,108,108,110,110],"card_choices":[{"not_picked":["Hello World","Leap"],"picked":"Glacier","floor":1.0},{"not_picked":["Beam Cell","Hello World"],"picked":"Defragment","floor":2.0},{"not_picked":["Reinforced Body","Gash"],"picked":"Coolheaded","floor":7.0},{"not_picked":["Go for the Eyes","Genetic Algorithm","Redo"],"picked":"Singing Bowl","floor":8.0},{"not_picked":["Sunder","Beam Cell","Steam"],"picked":"Singing Bowl","floor":11.0},{"not_picked":["Skim","Streamline","Lockon"],"picked":"Singing Bowl","floor":12.0},{"not_picked":["Conserve Battery","Heatsinks"],"picked":"Biased Cognition","floor":13.0},{"not_picked":["Stack","Streamline","Go for the Eyes"],"picked":"Singing Bowl","floor":15.0},{"not_picked":["Rainbow","Thunder Strike"],"picked":"Biased Cognition","floor":18.0},{"not_picked":["Barrage+1","Reinforced Body","Compile Driver"],"picked":"Singing Bowl","floor":20.0},{"not_picked":["Capacitor","Redo","Skim"],"picked":"Singing Bowl","floor":21.0},{"not_picked":["Self Repair+1","Heatsinks","Compile Driver"],"picked":"Singing Bowl","floor":22.0},{"not_picked":["Steam Power","Sweeping Beam","Steam+1"],"picked":"Singing Bowl","floor":23.0},{"not_picked":["Streamline","Consume+1"],"picked":"REME_SelfUpgrade+1","floor":24.0},{"not_picked":["Tempest","Conserve Battery","Ball Lightning","Beam Cell"],"picked":"Double Energy","floor":26.0},{"not_picked":["Double Energy","Sweeping Beam","Conserve Battery","REME_Compress","Beam Cell"],"picked":"Singing Bowl","floor":30.0},{"not_picked":["Ball Lightning","Redo+1","Leap","Go for the Eyes"],"picked":"Consume","floor":34.0},{"not_picked":["Stack","Doom and Gloom+1","Cold Snap+1","Static Discharge","Skim"],"picked":"Singing Bowl","floor":35.0},{"not_picked":["Force Field","Chaos","White Noise","Aggregate","Steam"],"picked":"Singing Bowl","floor":37.0},{"not_picked":["Auto Shields+1","Stack","Tempest+1","Self Repair","Ball Lightning+1"],"picked":"Singing Bowl","floor":38.0},{"not_picked":["Multi-Cast","Thunder Strike","Buffer","Meteor Strike"],"picked":"Amplify","floor":40.0},{"not_picked":["Streamline+1","Redo+1","Fusion","Double Energy","Auto Shields+1"],"picked":"Singing Bowl","floor":42.0},{"not_picked":["REME_Whirling+1","Self Repair","Streamline+1"],"picked":"Singing Bowl","floor":43.0},{"not_picked":["Aggregate+1","Leap+1","Rebound","Darkness","Gash"],"picked":"Singing Bowl","floor":45.0},{"not_picked":["Meteor Strike","Sweeping Beam+1","Storm","Hello World"],"picked":"Ball Lightning+1","floor":47.0},{"not_picked":["Compile Driver+1","Gash","REME_Whirling+1","REME_Compress+1","Ball Lightning+1"],"picked":"Singing Bowl","floor":50.0},{"not_picked":["Gash+1","Tempest","Seek","Rebound+1","Melter"],"picked":"Singing Bowl","floor":53.0},{"not_picked":["Consume+1","Barrage","Sweeping Beam","Coolheaded","Streamline+1"],"picked":"Singing Bowl","floor":55.0},{"not_picked":["Genetic Algorithm+1","Cold Snap"],"picked":"Echo Form","floor":56.0},{"not_picked":["Steam","Aggregate","Scrape+1"],"picked":"Singing Bowl","floor":56.0},{"not_picked":["Leap","Sweeping Beam","Hologram","Streamline"],"picked":"Turbo","floor":57.0},{"not_picked":["Doom and Gloom","Cold Snap","Streamline+1"],"picked":"Singing Bowl","floor":64}],"player_experience":271192,"relics_obtained":[{"floor":7.0,"key":"Anchor"},{"floor":8.0,"key":"Odd Mushroom"},{"floor":9.0,"key":"Lantern"},{"floor":11.0,"key":"Juzu Bracelet"},{"floor":13.0,"key":"PreservedInsect"},{"floor":26.0,"key":"Gremlin Horn"},{"floor":26.0,"key":"Happy Flower"},{"floor":29.0,"key":"Akabeko"},{"floor":30.0,"key":"Meat on the Bone"},{"floor":30.0,"key":"Lizard Tail"},{"floor":37.0,"key":"Pen Nib"},{"floor":37.0,"key":"Boot"},{"floor":50.0,"key":"REME_HandOfSuture"},{"floor":50.0,"key":"Du-Vu Doll"},{"floor":52.0,"key":"Orichalcum"},{"floor":53.0,"key":"Blood Vial"},{"floor":53.0,"key":"Eternal Feather"},{"floor":55.0,"key":"Bronze Scales"},{"floor":55.0,"key":"InkBottle"},{"floor":56.0,"key":"CatCart"},{"floor":64,"key":"Blue Candle"},{"floor":64,"key":"Ginger"}],"event_choices":[{"damage_healed":0.0,"max_hp_gain":0.0,"max_hp_loss":0.0,"gold_gain":75.0,"event_name":"World of Goop","player_choice":"Gather Gold","floor":3.0,"gold_loss":0.0,"damage_taken":11.0},{"damage_healed":0.0,"max_hp_gain":0.0,"max_hp_loss":0.0,"gold_gain":0.0,"event_name":"Liars Game","player_choice":"Ignored","floor":5.0,"gold_loss":0.0,"damage_taken":0.0},{"damage_healed":0.0,"max_hp_gain":0.0,"max_hp_loss":0.0,"gold_gain":0.0,"event_name":"Mushrooms","player_choice":"Fought Mushrooms","floor":8.0,"gold_loss":0.0,"damage_taken":0.0},{"cards_removed":["Cold Snap"],"damage_healed":0.0,"max_hp_gain":0.0,"max_hp_loss":0.0,"gold_gain":0.0,"event_name":"Beggar","player_choice":"Gave Gold","floor":32.0,"gold_loss":75.0,"damage_taken":0.0},{"damage_healed":0.0,"max_hp_gain":0.0,"max_hp_loss":0.0,"gold_gain":0.0,"event_name":"Drug Dealer","player_choice":"Inject Mutagens","floor":33.0,"gold_loss":0.0,"damage_taken":0.0,"relics_obtained":["MutagenicStrength"]},{"damage_healed":0.0,"max_hp_gain":0.0,"max_hp_loss":0.0,"gold_gain":0.0,"event_name":"Tomb of Lord Red Mask","player_choice":"Ignored","floor":44.0,"gold_loss":0.0,"damage_taken":0.0},{"damage_healed":0.0,"max_hp_gain":0.0,"max_hp_loss":5.0,"gold_gain":0.0,"event_name":"Winding Halls","player_choice":"Max HP","floor":49.0,"gold_loss":0.0,"damage_taken":0.0},{"damage_healed":0.0,"max_hp_gain":0.0,"max_hp_loss":0.0,"gold_gain":0.0,"event_name":"OrinTheCat","player_choice":"Fight","floor":56.0,"gold_loss":0.0,"damage_taken":0.0},{"damage_healed":0.0,"max_hp_gain":0.0,"max_hp_loss":0.0,"gold_gain":0.0,"event_name":"OrinTheCat","player_choice":"Fight","floor":56.0,"gold_loss":0.0,"damage_taken":0.0}],"is_beta":false,"boss_relics":[{"not_picked":["Calling Bell","Velvet Choker"],"picked":"Black Star"},{"not_picked":["REME_ChargedStone","Coffee Dripper"],"picked":"Runic Pyramid"}],"items_purged_floors":[4,25,25],"is_endless":false,"potions_floor_spawned":[2,7,12,20,22,26,37,40,43,45,47,56],"ascension_level":2}}