{"host":"p0hktren06injwdf","time":1613192314,"event":{"mods":["AchievementEnabler","BaseMod","Colored Map","DeckTracker","Minty Spire (QoL Compilation)","Permanent Neow","StSLib","SuperFastMode"],"gold_per_floor":[11,25,25,35,45,45,72,89,89,89,89,89,14,47,47,120,120,132,132,151,51,65,65,98,98,98,98,131,131,131,144,144,216,216,227,241,251,269,287,287,313,313,313,324,58,87,87,97,97,97,97],"floor_reached":52,"language":"KOR","playtime":2042,"items_purged":["Strike_G","Strike_G"],"score":2024,"play_id":"3d65e55b-fa33-4b88-89d5-ba78042a635a","local_time":"20210213135834","is_ascension_mode":true,"campfire_choices":[{"data":"Dash","floor":6.0,"key":"SMITH"},{"data":"PiercingWail","floor":10.0,"key":"SMITH"},{"floor":12.0,"key":"REST"},{"data":"Reflex","floor":15.0,"key":"SMITH"},{"floor":23.0,"key":"REST"},{"floor":25.0,"key":"REST"},{"data":"Crippling Poison","floor":27.0,"key":"SMITH"},{"floor":32.0,"key":"REST"},{"floor":40,"key":"REST"},{"floor":42,"key":"REST"},{"floor":49,"key":"REST"}],"circlet_count":0,"master_deck":["AscendersBane","Strike_G","Strike_G","Defend_G","Defend_G","Defend_G","Survivor","Neutralize","Apotheosis+1","Deflect","Dash+1","Tactician+1","PiercingWail+1","Dagger Spray","Reflex+1","Bullet Time","Backflip","Deadly Poison","Prepared","Crippling Poison+1","PiercingWail","Acrobatics","Venomology","Backflip","Reflex+1","Poisoned Stab","Calculated Gamble","A Thousand Cuts","Blur"],"relics":["Ring of the Snake","Juzu Bracelet","Paper Crane","Gremlin Horn","Philosopher\u0027s Stone","Lantern","HornCleat","Bottled Lightning","Fusion Hammer","Eternal Feather","StoneCalendar","Torii"],"acts_visited":["Exordium","TheCity","TheBeyond"],"potions_floor_usage":[36,37,37,39,41,41,46,48,50,51,51],"damage_taken":[{"damage":4.0,"enemies":"Small Slimes","floor":1.0,"turns":3.0},{"damage":5.0,"enemies":"Jaw Worm","floor":2.0,"turns":4.0},{"damage":0.0,"enemies":"Cultist","floor":4.0,"turns":4.0},{"damage":1.0,"enemies":"Exordium Thugs","floor":5.0,"turns":4.0},{"damage":14.0,"enemies":"Gremlin Nob","floor":7.0,"turns":4.0},{"damage":0.0,"enemies":"Gremlin Gang","floor":8.0,"turns":6.0},{"damage":10.0,"enemies":"Lagavulin","floor":14.0,"turns":8.0},{"damage":8.0,"enemies":"The Guardian","floor":16.0,"turns":20.0},{"damage":9.0,"enemies":"Shell Parasite","floor":18.0,"turns":9.0},{"damage":8.0,"enemies":"3 Byrds","floor":20.0,"turns":7.0},{"damage":19.0,"enemies":"Snake Plant","floor":22.0,"turns":5.0},{"damage":18.0,"enemies":"Book of Stabbing","floor":24.0,"turns":7.0},{"damage":14.0,"enemies":"Slavers","floor":28.0,"turns":6.0},{"damage":0.0,"enemies":"Centurion and Healer","floor":31.0,"turns":9.0},{"damage":27.0,"enemies":"Automaton","floor":33.0,"turns":13.0},{"damage":25.0,"enemies":"3 Shapes","floor":35.0,"turns":6.0},{"damage":0,"enemies":"Orb Walker","floor":36,"turns":3},{"damage":21,"enemies":"Sphere and 2 Shapes","floor":37,"turns":6},{"damage":0,"enemies":"Writhing Mass","floor":38,"turns":9},{"damage":0,"enemies":"4 Shapes","floor":39,"turns":6},{"damage":0,"enemies":"Reptomancer","floor":41,"turns":9},{"damage":6,"enemies":"Transient","floor":44,"turns":6},{"damage":18,"enemies":"Nemesis","floor":46,"turns":8},{"damage":22,"enemies":"Jaw Worm Horde","floor":48,"turns":2},{"damage":26,"enemies":"Awakened One","floor":50,"turns":18},{"damage":0,"enemies":"Donu and Deca","floor":51,"turns":12}],"seed_played":"-2673054526685874989","potions_obtained":[{"floor":5.0,"key":"Fire Potion"},{"floor":7.0,"key":"Swift Potion"},{"floor":16.0,"key":"ColorlessPotion"},{"floor":20.0,"key":"Poison Potion"},{"floor":24.0,"key":"SkillPotion"},{"floor":31.0,"key":"Weak Potion"},{"floor":35.0,"key":"SpeedPotion"}],"is_trial":false,"path_per_floor":["M","M","?","M","M","R","E","M","T","R","?","R","?","E","R","B",null,"M","?","M","$","M","R","E","R","T","R","E","?","?","M","R","B",null,"M","M","M","M","M","R","E","R","T","M","$","E","?","M","R","B","B",null],"character_chosen":"THE_SILENT","items_purchased":["Prepared","A Thousand Cuts"],"campfire_rested":7,"item_purchase_floors":[21,45],"current_hp_per_floor":[55,50,50,50,49,49,35,35,35,35,35,54,54,44,44,36,59,50,50,42,42,23,42,24,43,43,43,29,29,29,29,48,21,55,30,30,9,9,9,28,28,62,62,56,56,38,38,16,50,24,39],"gold":97,"neow_bonus":"RANDOM_COLORLESS_2","is_daily":false,"chose_seed":false,"campfire_upgraded":4,"win_rate":0.0,"timestamp":1613192314,"path_taken":["M","M","?","M","M","R","E","M","T","R","?","R","?","E","R","BOSS","M","?","M","$","M","R","E","R","T","R","E","?","?","M","R","BOSS","M","M","M","M","M","R","E","R","T","M","$","E","?","M","R","BOSS","BOSS"],"items_purchased_type":["Card","Card"],"build_version":"2020-12-22","purchased_purges":2,"victory":true,"max_hp_per_floor":[66,66,66,66,66,66,66,66,66,66,66,66,66,66,66,66,66,66,66,66,66,66,66,66,66,66,66,66,66,66,66,66,66,66,66,66,66,66,66,66,66,66,66,66,66,66,66,66,66,66,66],"card_choices":[{"not_picked":["Secret Technique","HandOfGreed"],"picked":"Apotheosis","floor":0.0},{"not_picked":["Blur","Bane"],"picked":"Deflect","floor":1.0},{"not_picked":["Deflect","Finisher","Well Laid Plans"],"picked":"SKIP","floor":2.0},{"not_picked":["Prepared","PiercingWail"],"picked":"Dash","floor":4.0},{"not_picked":["Acrobatics","Predator"],"picked":"Tactician","floor":5.0},{"not_picked":["Accuracy","Riddle With Holes"],"picked":"PiercingWail","floor":7.0},{"not_picked":["Wraith Form v2","Flying Knee"],"picked":"Dagger Spray","floor":8.0},{"not_picked":["Blur","Caltrops"],"picked":"Reflex","floor":14.0},{"not_picked":["Storm of Steel","Die Die Die"],"picked":"Bullet Time","floor":16.0},{"not_picked":["Endless Agony","Flying Knee"],"picked":"Backflip","floor":18.0},{"not_picked":["Setup","Outmaneuver"],"picked":"Deadly Poison","floor":20.0},{"not_picked":["Endless Agony","Deadly Poison"],"picked":"Crippling Poison","floor":22.0},{"not_picked":["Prepared","Backflip","Flying Knee"],"picked":"SKIP","floor":24.0},{"not_picked":["Dagger Throw","Deflect+1"],"picked":"PiercingWail","floor":28.0},{"not_picked":["Reflex","Outmaneuver"],"picked":"Acrobatics","floor":31.0},{"not_picked":["Phantasmal Killer","Storm of Steel"],"picked":"Venomology","floor":33.0},{"not_picked":["Sucker Punch","Quick Slash"],"picked":"Backflip","floor":35.0},{"not_picked":["Slice+1","Predator","Acrobatics"],"picked":"SKIP","floor":36},{"not_picked":["Concentrate+1","Dagger Throw"],"picked":"Reflex+1","floor":37},{"not_picked":["Dagger Spray","Endless Agony+1","Riddle With Holes+1"],"picked":"SKIP","floor":38},{"not_picked":["Bane","Poisoned Stab","Underhanded Strike"],"picked":"SKIP","floor":39},{"not_picked":["Bane","Underhanded Strike"],"picked":"Poisoned Stab","floor":39},{"not_picked":["Prepared","Sucker Punch+1"],"picked":"Calculated Gamble","floor":41},{"not_picked":["Dagger Spray+1","Blade Dance","Predator+1"],"picked":"SKIP","floor":44},{"not_picked":["Tactician","Riddle With Holes","Bane"],"picked":"SKIP","floor":46},{"not_picked":["Tactician","Underhanded Strike"],"picked":"Blur","floor":48}],"player_experience":1046733,"relics_obtained":[{"floor":7.0,"key":"Juzu Bracelet"},{"floor":9.0,"key":"Paper Crane"},{"floor":14.0,"key":"Gremlin Horn"},{"floor":24.0,"key":"Lantern"},{"floor":26.0,"key":"HornCleat"},{"floor":28.0,"key":"Bottled Lightning"},{"floor":41,"key":"Eternal Feather"},{"floor":43,"key":"StoneCalendar"},{"floor":46,"key":"Torii"}],"event_choices":[{"damage_healed":0.0,"max_hp_gain":0.0,"max_hp_loss":0.0,"gold_gain":0.0,"event_name":"Living Wall","player_choice":"Grow","floor":3.0,"gold_loss":0.0,"damage_taken":0.0,"cards_upgraded":["Apotheosis"]},{"damage_healed":0.0,"max_hp_gain":0.0,"max_hp_loss":0.0,"gold_gain":0.0,"event_name":"Accursed Blacksmith","player_choice":"Forge","floor":11.0,"gold_loss":0.0,"damage_taken":0.0,"cards_upgraded":["Tactician"]},{"cards_removed":["Strike_G"],"damage_healed":0.0,"max_hp_gain":0.0,"max_hp_loss":0.0,"gold_gain":0.0,"event_name":"The Cleric","player_choice":"Card Removal","floor":13.0,"gold_loss":75.0,"damage_taken":0.0},{"cards_removed":["Defend_G"],"damage_healed":0.0,"max_hp_gain":0.0,"max_hp_loss":0.0,"gold_gain":0.0,"event_name":"Bonfire Elementals","player_choice":"Offered Basic","floor":19.0,"gold_loss":0.0,"damage_taken":0.0},{"cards_removed":["Defend_G"],"damage_healed":0.0,"max_hp_gain":0.0,"max_hp_loss":0.0,"gold_gain":0.0,"event_name":"Back to Basics","player_choice":"Elegance","floor":29.0,"gold_loss":0.0,"damage_taken":0.0},{"damage_healed":0.0,"max_hp_gain":0.0,"max_hp_loss":0.0,"gold_gain":0.0,"event_name":"Cursed Tome","player_choice":"Ignored","floor":30.0,"gold_loss":0.0,"damage_taken":0.0},{"damage_healed":0,"gold_gain":0,"player_choice":"Ignored","damage_taken":0,"max_hp_gain":0,"max_hp_loss":0,"event_name":"SecretPortal","floor":47,"gold_loss":0}],"is_beta":false,"boss_relics":[{"not_picked":["Runic Pyramid","SacredBark"],"picked":"Philosopher\u0027s Stone"},{"not_picked":["Calling Bell","Ring of the Serpent"],"picked":"Fusion Hammer"}],"items_purged_floors":[21,45],"is_endless":false,"potions_floor_spawned":[5,7,8,16,20,24,31,35,44,46,48],"ascension_level":20}}