{"host":"0mhttqdumuceah7q","time":1613209101,"event":{"mods":["AchievementEnabler","BaseMod","Colored Map","DeckTracker","Minty Spire (QoL Compilation)","Permanent Neow"],"gold_per_floor":[118,131,131,147,172,172,208,208,208,251,271,296,296,29,29,150,150,173,194,7,48,48,48,48],"floor_reached":23,"language":"KOR","playtime":1482,"items_purged":["Strike_R","Strike_R"],"score":228,"play_id":"e415ac25-5e2c-4472-a12a-7101f742db1a","local_time":"20210213183821","is_ascension_mode":false,"campfire_choices":[{"data":"Evolve","floor":6,"key":"SMITH"},{"data":"Wild Strike","floor":8,"key":"SMITH"},{"floor":13,"key":"REST"},{"data":"HandOfGreed","floor":15,"key":"SMITH"}],"circlet_count":0,"master_deck":["Defend_R","Defend_R","Defend_R","Defend_R","Bash","Evolve+1","Perfected Strike","Power Through","Warcry","Wild Strike+1","Dual Wield","Rampage","HandOfGreed+1","Demon Form","Combust","Intimidate+1","Finesse","Armaments+1","Bite","Bite","Bite","Bite","Bite"],"relics":["Burning Blood","Golden Idol","Boot","Vajra","White Beast Statue","Black Star"],"acts_visited":["Exordium","TheCity"],"potions_floor_usage":[7,11,12,16,16,18,18,18,21,23,23],"damage_taken":[{"damage":0,"enemies":"2 Louse","floor":1,"turns":3},{"damage":2,"enemies":"Small Slimes","floor":2,"turns":4},{"damage":1,"enemies":"Cultist","floor":4,"turns":3},{"damage":12,"enemies":"Blue Slaver","floor":5,"turns":4},{"damage":30,"enemies":"Gremlin Nob","floor":7,"turns":4},{"damage":16,"enemies":"Lagavulin","floor":10,"turns":5},{"damage":10,"enemies":"Looter","floor":11,"turns":3},{"damage":17,"enemies":"Exordium Thugs","floor":12,"turns":5},{"damage":38,"enemies":"The Guardian","floor":16,"turns":12},{"damage":16,"enemies":"Shell Parasite","floor":18,"turns":7},{"damage":15,"enemies":"Chosen","floor":19,"turns":5},{"damage":37,"enemies":"3 Cultists","floor":21,"turns":5},{"damage":60,"enemies":"Book of Stabbing","floor":23,"turns":5}],"seed_played":"-288137139755497454","potions_obtained":[{"floor":2,"key":"Dexterity Potion"},{"floor":4,"key":"DistilledChaos"},{"floor":11,"key":"BloodPotion"},{"floor":12,"key":"Dexterity Potion"},{"floor":16,"key":"EntropicBrew"},{"floor":18,"key":"Explosive Potion"},{"floor":19,"key":"Ancient Potion"},{"floor":21,"key":"Block Potion"}],"is_trial":false,"path_per_floor":["M","M","?","M","M","R","E","R","T","E","M","M","R","$","R","B",null,"M","M","$","M","?","E"],"character_chosen":"IRONCLAD","items_purchased":["HandOfGreed","Finesse"],"campfire_rested":1,"item_purchase_floors":[14,20],"current_hp_per_floor":[78,82,58,63,57,57,33,33,33,23,38,27,55,55,55,23,96,86,77,77,46,46,0,0],"gold":48,"neow_bonus":"TWENTY_PERCENT_HP_BONUS","is_daily":false,"chose_seed":false,"campfire_upgraded":3,"win_rate":0.0,"timestamp":1613209101,"path_taken":["M","M","?","M","M","R","E","R","T","E","M","M","R","$","R","BOSS","M","M","$","M","?","E"],"items_purchased_type":["Card","Card"],"build_version":"2020-12-22","purchased_purges":2,"victory":false,"max_hp_per_floor":[96,96,96,96,96,96,96,96,96,96,96,96,96,96,96,96,96,96,96,96,96,67,67,67],"card_choices":[{"not_picked":["Twin Strike","Whirlwind"],"picked":"Evolve","floor":1},{"not_picked":["Shockwave","Clash"],"picked":"Perfected Strike","floor":2},{"not_picked":["Heavy Blade","Perfected Strike"],"picked":"Power Through","floor":4},{"not_picked":["Flex","Blood for Blood"],"picked":"Warcry","floor":5},{"not_picked":["Warcry","Perfected Strike"],"picked":"Wild Strike","floor":7},{"not_picked":["Shrug It Off","Twin Strike"],"picked":"Dual Wield","floor":10},{"not_picked":["Sword Boomerang","Second Wind","Double Tap"],"picked":"SKIP","floor":11},{"not_picked":["Whirlwind","Pommel Strike"],"picked":"Rampage","floor":12},{"not_picked":["Double Tap","Immolate"],"picked":"Demon Form","floor":16},{"not_picked":["Clothesline","Armaments"],"picked":"Combust","floor":18},{"not_picked":["Headbutt+1","Flex+1"],"picked":"Intimidate+1","floor":19},{"not_picked":["Cleave","Sword Boomerang+1"],"picked":"Armaments+1","floor":21}],"player_experience":26776,"relics_obtained":[{"floor":7,"key":"Boot"},{"floor":9,"key":"Vajra"},{"floor":10,"key":"White Beast Statue"}],"event_choices":[{"damage_healed":0,"gold_gain":0,"player_choice":"Take Damage","damage_taken":24,"relics_obtained":["Golden Idol"],"max_hp_gain":0,"max_hp_loss":0,"event_name":"Golden Idol","floor":3,"gold_loss":0},{"damage_healed":0,"gold_gain":0,"player_choice":"Became a vampire","damage_taken":0,"max_hp_gain":0,"max_hp_loss":29,"event_name":"Vampires","floor":22,"gold_loss":0,"cards_obtained":["Bite","Bite","Bite","Bite","Bite"]}],"is_beta":false,"boss_relics":[{"not_picked":["Ectoplasm","Sozu"],"picked":"Black Star"}],"items_purged_floors":[14,20],"is_endless":false,"potions_floor_spawned":[2,4,11,12,16,18,19,21],"killed_by":"Book of Stabbing","ascension_level":0}}