{"host":"cjhtzh7tp54jdfyv","time":1613249658,"event":{"mods":["AchievementEnabler","BaseMod","Colored Map","Colored Powertips","Curses Come First","DeckTracker","Minty Spire (QoL Compilation)","RNG Fix","Relic Sorter","Relic Stats","StSLib","UnlockEverythingMod","ojb\u0027s Better Paths Mod","ojb\u0027s Info Mod"],"gold_per_floor":[119,136,150,170,180,211,211,211,211,243,243,243,265,290,290,366,366,381,44,44,44,244,277,293,293,293],"floor_reached":25,"language":"ENG","playtime":1565,"items_purged":["Strike_R"],"score":478,"play_id":"c75ec5a8-8a87-4bc5-9921-47dd293ec758","local_time":"20210213155418","is_ascension_mode":true,"campfire_choices":[{"data":"Bash","floor":8,"key":"SMITH"},{"data":"Double Tap","floor":15,"key":"SMITH"}],"circlet_count":0,"master_deck":["AscendersBane","Strike_R","Strike_R","Defend_R","Defend_R","Defend_R","Defend_R","Bash+1","Headbutt","Pommel Strike","Anger","Iron Wave","Evolve","Dual Wield","Double Tap+1","Uppercut","Reaper","Feed","Shame","Decay","Immolate"],"relics":["Burning Blood","Thread and Needle","White Beast Statue","Du-Vu Doll","Pocketwatch","Odd Mushroom","Pantograph","Black Star","Membership Card","Ornamental Fan","Boot","Juzu Bracelet","Ginger"],"acts_visited":["Exordium","TheCity"],"potions_floor_usage":[6,10,16,18,23,24,25],"damage_taken":[{"damage":7,"enemies":"Small Slimes","floor":1,"turns":4},{"damage":6,"enemies":"Cultist","floor":2,"turns":3},{"damage":2,"enemies":"2 Louse","floor":3,"turns":4},{"damage":15,"enemies":"Looter","floor":4,"turns":4},{"damage":4,"enemies":"Red Slaver","floor":5,"turns":3},{"damage":15,"enemies":"3 Sentries","floor":6,"turns":6},{"damage":15,"enemies":"Lagavulin","floor":10,"turns":7},{"damage":6,"enemies":"The Mushroom Lair","floor":13,"turns":3},{"damage":6,"enemies":"3 Sentries","floor":14,"turns":7},{"damage":19,"enemies":"Slime Boss","floor":16,"turns":6},{"damage":27,"enemies":"2 Thieves","floor":18,"turns":4},{"damage":90,"enemies":"Gremlin Leader","floor":23,"turns":8},{"damage":0,"enemies":"Spheric Guardian","floor":24,"turns":2},{"damage":42,"enemies":"Slavers","floor":25,"turns":3}],"seed_played":"4788582158692233390","potions_obtained":[{"floor":2,"key":"EssenceOfSteel"},{"floor":4,"key":"ElixirPotion"},{"floor":5,"key":"Explosive Potion"},{"floor":10,"key":"SneckoOil"},{"floor":13,"key":"Block Potion"},{"floor":14,"key":"Energy Potion"},{"floor":16,"key":"BloodPotion"},{"floor":18,"key":"Ancient Potion"},{"floor":23,"key":"Energy Potion"},{"floor":24,"key":"Weak Potion"}],"is_trial":false,"path_per_floor":["M","M","M","M","M","E","?","R","T","E","?","?","?","E","R","B",null,"M","$","?","?","?","E","M","E"],"character_chosen":"IRONCLAD","items_purchased":["Membership Card","Ornamental Fan"],"campfire_rested":0,"item_purchase_floors":[19,19],"current_hp_per_floor":[74,74,78,69,71,62,62,62,62,53,46,46,46,46,46,58,76,61,61,61,61,61,15,21,0,0],"gold":293,"neow_bonus":"TEN_PERCENT_HP_BONUS","is_daily":false,"chose_seed":false,"campfire_upgraded":2,"win_rate":0.0,"timestamp":1613249658,"path_taken":["M","M","M","M","M","E","?","R","T","E","?","?","?","E","R","BOSS","M","$","?","?","?","E","M","E"],"items_purchased_type":["Relic","Relic"],"build_version":"2020-12-22","purchased_purges":1,"victory":false,"max_hp_per_floor":[82,82,82,82,82,82,82,82,82,82,82,82,82,82,82,82,82,88,88,88,88,88,88,88,88,88],"relic_stats":{"counters":[14,64],"Ornamental Fan":[32],"Pantograph":25,"Black Star":1,"Juzu Bracelet":0,"Ginger":[2],"Boot":[0],"obtain_stats":[{"Thread and Needle":6,"Juzu Bracelet":23,"Ginger":23,"Odd Mushroom":13,"Boot":20,"Burning Blood":0,"White Beast Statue":9,"Du-Vu Doll":10,"Ornamental Fan":19,"Pantograph":14,"Black Star":17,"Membership Card":19,"Pocketwatch":12},{"Thread and Needle":6,"Juzu Bracelet":12,"Ginger":12,"Odd Mushroom":8,"Boot":11,"Burning Blood":0,"White Beast Statue":6,"Du-Vu Doll":7,"Ornamental Fan":11,"Pantograph":9,"Black Star":10,"Membership Card":11,"Pocketwatch":7},{"Thread and Needle":24,"Juzu Bracelet":59,"Ginger":59,"Odd Mushroom":34,"Boot":51,"Burning Blood":0,"White Beast Statue":24,"Du-Vu Doll":31,"Ornamental Fan":51,"Pantograph":41,"Black Star":47,"Membership Card":51,"Pocketwatch":31}],"Burning Blood":78,"Pocketwatch":[51]},"card_choices":[{"not_picked":["Clash","Wild Strike"],"picked":"Headbutt","floor":1},{"not_picked":["True Grit","Thunderclap"],"picked":"Pommel Strike","floor":2},{"not_picked":["Headbutt","Havoc"],"picked":"Anger","floor":3},{"not_picked":["Disarm","Warcry"],"picked":"Iron Wave","floor":4},{"not_picked":["Havoc","Warcry"],"picked":"Evolve","floor":5},{"not_picked":["Havoc","Sever Soul","Disarm"],"picked":"SKIP","floor":6},{"not_picked":["Headbutt","Flex"],"picked":"Double Tap","floor":10},{"not_picked":["Intimidate","Shrug It Off"],"picked":"Uppercut","floor":13},{"not_picked":["Cleave","Dropkick"],"picked":"Reaper","floor":14},{"not_picked":["Exhume","Immolate"],"picked":"Feed","floor":16},{"not_picked":["Flex","Burning Pact","Feel No Pain"],"picked":"SKIP","floor":18},{"not_picked":["Wild Strike","Clothesline"],"picked":"Immolate","floor":23},{"not_picked":["Body Slam","Perfected Strike","Iron Wave"],"picked":"SKIP","floor":24}],"player_experience":4845478,"relics_obtained":[{"floor":6,"key":"Thread and Needle"},{"floor":9,"key":"White Beast Statue"},{"floor":10,"key":"Du-Vu Doll"},{"floor":13,"key":"Odd Mushroom"},{"floor":14,"key":"Pantograph"},{"floor":23,"key":"Juzu Bracelet"},{"floor":23,"key":"Ginger"}],"event_choices":[{"damage_healed":0,"gold_gain":0,"cards_transformed":["Strike_R"],"player_choice":"Change","damage_taken":0,"max_hp_gain":0,"max_hp_loss":0,"event_name":"Living Wall","floor":7,"gold_loss":0,"cards_obtained":["Dual Wield"]},{"cards_removed":["Strike_R"],"damage_healed":0,"gold_gain":0,"player_choice":"Card Removal","damage_taken":7,"max_hp_gain":0,"max_hp_loss":0,"event_name":"Golden Wing","floor":11,"gold_loss":0},{"damage_healed":0,"gold_gain":0,"player_choice":"Searched \u00272\u0027 times","damage_taken":0,"relics_obtained":["Pocketwatch"],"max_hp_gain":0,"max_hp_loss":0,"event_name":"Dead Adventurer","floor":12,"gold_loss":0},{"damage_healed":0,"gold_gain":0,"player_choice":"Fought Mushrooms","damage_taken":0,"max_hp_gain":0,"max_hp_loss":0,"event_name":"Mushrooms","floor":13,"gold_loss":0},{"damage_healed":0,"gold_gain":0,"player_choice":"Stole Relic","damage_taken":0,"relics_obtained":["Boot"],"max_hp_gain":0,"max_hp_loss":0,"event_name":"Addict","floor":20,"gold_loss":0,"cards_obtained":["Shame"]},{"damage_healed":0,"gold_gain":0,"player_choice":"Smashed Altar","damage_taken":0,"max_hp_gain":0,"max_hp_loss":0,"event_name":"Forgotten Altar","floor":21,"gold_loss":0,"cards_obtained":["Decay"]},{"damage_healed":0,"gold_gain":200,"player_choice":"Gold","damage_taken":0,"max_hp_gain":0,"max_hp_loss":0,"event_name":"Wheel of Change","floor":22,"gold_loss":0}],"is_beta":false,"boss_relics":[{"not_picked":["Ectoplasm","Empty Cage"],"picked":"Black Star"}],"items_purged_floors":[19],"is_endless":false,"potions_floor_spawned":[2,4,5,10,13,14,16,18,23,24],"killed_by":"Slavers","ascension_level":20}}