{"host":"hrvs05np4ys7itky","time":1613194579,"event":{"mods":["BaseMod","Colored Map","Colored Powertips","Downfall","Emptier Cage","Hermit","Highlight Path","Minty Spire (QoL Compilation)","Permanent Neow","Rare Cards Sparkle","Relic Stats","Replay The Spire","StSLib","everything is the same but u backflip on backflip"],"gold_per_floor":[99,111,130,205,205,205,253,263,294,305,305,110,129,129,148,245,245,245,264,264,264,274,274,274,288,316,331,351,251,269,304,316,414,414,214,225,225,239,293,306,332,351,371,26,36,53,15,35,50,50,50,75,75,75,75,75,75,75],"floor_reached":56,"language":"ENG","playtime":6916,"items_purged":["Slimebound:CheckThePlaybook+1"],"score":774,"play_id":"67ca0c2a-b00f-401f-b107-354b76541438","local_time":"20210213003619","is_ascension_mode":false,"campfire_choices":[{"data":"Slimebound:Split","floor":6,"key":"SMITH"},{"data":"Slimebound:GoopSpray","floor":11,"key":"SMITH"},{"data":"Slimebound:FirmFortitude","floor":18,"key":"SMITH"},{"data":"Slimebound:LivingWall","floor":23,"key":"SMITH"},{"floor":29,"key":"RECALL"},{"floor":54,"key":"REST"}],"circlet_count":0,"master_deck":["Slimebound:Strike_Slimebound+1","Slimebound:Strike_Slimebound+1","Slimebound:Defend_Slimebound","Slimebound:Defend_Slimebound","Slimebound:Split+1","Slimebound:ItLooksTasty","Slimebound:GoopSpray+1","Pot Of Greed+1","Pot Of Greed+1","Slimebound:ComboTackle","Slimebound:SplitBruiser","Slimebound:FirmFortitude+1","Slimebound:LivingWall+1","Slimebound:LeechEnergy+1","Slimebound:LeadByExample+1","Slimebound:LeechingTouch+1","Slimebound:SlimeSpikes","Slimebound:RainOfGoop","Slimebound:Recycling+1","Pot Of Greed+1","Slimebound:LevelUp","Slimebound:LevelUp+1","Slimebound:SplitAcid+1","Slimebound:Teamwork","Slimebound:MegaLick+1","Slimebound:GoopSpray","Slimebound:Gluttony","Slimebound:GoopSpray","Slimebound:Schlurp+1","Slimebound:SplitLeeching+1","Slimebound:GoopSpray+1","Slimebound:FormOfPuddle","Pot Of Greed+1","Slimebound:OozeBath"],"relics":["Slimebound:AbsorbEndCombat","Mango","Grinning Jar","Pondfish Scales","Whetstone","Replay:Bottled Snecko","Astrolabe","downfall:RedIOU","Slimebound:AggressiveSlimeRelic","downfall:HeartBlessingBlue","Gremlin Horn","Snecko Eye","downfall:HeartBlessingRed","downfall:HeartBlessingGreen","InkBottle","Omamori","HornCleat","Replay:Bottled Eggs","White Beast Statue"],"acts_visited":["Exordium","TheCity","TheBeyond","TheEnding"],"potions_floor_usage":[25,25,31,32,33,33,44,47,49,55,55],"damage_taken":[{"damage":0,"enemies":"2 Louse","floor":2,"turns":3},{"damage":8,"enemies":"Jaw Worm","floor":3,"turns":3},{"damage":0,"enemies":"Small Slimes","floor":8,"turns":3},{"damage":16,"enemies":"Lagavulin","floor":9,"turns":6},{"damage":2,"enemies":"Exordium Wildlife","floor":10,"turns":3},{"damage":0,"enemies":"downfall:FleeingMerchant","floor":12,"turns":4},{"damage":0,"enemies":"Large Slime","floor":13,"turns":4},{"damage":5,"enemies":"3 Louse","floor":15,"turns":3},{"damage":30,"enemies":"WA_ARCHETYPE_RETAIN","floor":16,"turns":8},{"damage":0,"enemies":"Shell Parasite","floor":19,"turns":1},{"damage":18,"enemies":"Centurion and Healer","floor":22,"turns":5},{"damage":10,"enemies":"Chosen and Byrds","floor":25,"turns":5},{"damage":1,"enemies":"Replay:Snechameleon","floor":26,"turns":5},{"damage":0,"enemies":"Snecko","floor":27,"turns":4},{"damage":0,"enemies":"Centurion and Healer","floor":28,"turns":6},{"damage":20,"enemies":"Snake Plant","floor":30,"turns":3},{"damage":58,"enemies":"Gremlin Leader","floor":31,"turns":7},{"damage":2,"enemies":"Cultist and Chosen","floor":32,"turns":4},{"damage":11,"enemies":"SI_MIRROR_ARCHETYPE","floor":33,"turns":7},{"damage":19,"enemies":"3 Darklings","floor":36,"turns":3},{"damage":0,"enemies":"3 Shapes","floor":38,"turns":2},{"damage":6,"enemies":"Sphere and 2 Shapes","floor":40,"turns":4},{"damage":9,"enemies":"3 Darklings","floor":42,"turns":5},{"damage":20,"enemies":"Jaw Worm Horde","floor":43,"turns":3},{"damage":7,"enemies":"downfall:FleeingMerchant","floor":44,"turns":4},{"damage":15,"enemies":"Sphere and 2 Shapes","floor":45,"turns":5},{"damage":1,"enemies":"Maw","floor":46,"turns":8},{"damage":1,"enemies":"downfall:FleeingMerchant","floor":47,"turns":4},{"damage":3,"enemies":"Spire Growth","floor":48,"turns":5},{"damage":0,"enemies":"Transient","floor":49,"turns":5},{"damage":43,"enemies":"IC_BLOCK_ARCHETYPE","floor":50,"turns":10},{"damage":70,"enemies":"downfall:CharBossMerchant","floor":52,"turns":10},{"damage":49,"enemies":"downfall:NeowBoss","floor":55,"turns":19},{"damage":24,"enemies":"downfall:NeowBossFinal","floor":56,"turns":3}],"seed_played":"-973482102834957961","potions_obtained":[{"floor":8,"key":"PowerPotion"},{"floor":9,"key":"Reflective Coating"},{"floor":10,"key":"Weak Potion"},{"floor":15,"key":"SkillPotion"},{"floor":25,"key":"LiquidBronze"},{"floor":27,"key":"LiquidBronze"},{"floor":31,"key":"Block Potion"},{"floor":33,"key":"SpeedPotion"},{"floor":36,"key":"SteroidPotion"},{"floor":40,"key":"PowerPotion"},{"floor":49,"key":"Weak Potion"}],"is_trial":false,"path_per_floor":["R_BF","M","M","?","?","R","T","M","E","M","R","$","M","T","M","B",null,"R","M","?","?","M","R","T","M","E","M","M","R","M","E","M","B",null,"R_BF","M","?","M","?","M","T","M","M","$","M","M","$","M","M","B",null,"E","$","R","B","B"],"character_chosen":"SLIMEBOUND","items_purchased":["Slimebound:LeechEnergy+1","Whetstone","HornCleat","Replay:Bottled Eggs","Slimebound:FormOfPuddle","SkillPotion"],"campfire_rested":1,"item_purchase_floors":[12,12,44,47,47,47],"current_hp_per_floor":[79,79,79,79,79,79,79,79,65,65,65,73,79,79,79,51,79,79,79,79,79,69,69,69,63,70,78,79,89,75,25,29,26,89,89,70,70,78,78,76,76,69,49,50,37,44,51,50,56,21,89,23,23,49,8,0,0,0],"gold":75,"neow_bonus":"ONE_RARE_RELIC","is_daily":false,"chose_seed":false,"campfire_upgraded":4,"win_rate":0.0,"timestamp":1613194579,"path_taken":["R_BF","M","M","?","?","R","T","M","E","M","R","$","M","?","M","BOSS","R","M","?","?","M","R","T","M","E","M","M","R","M","E","M","BOSS","R_BF","M","?","M","?","M","T","M","M","$","M","M","$","M","M","BOSS","E","$","R","BOSS","BOSS"],"items_purchased_type":["Card","Relic","Relic","Relic","Card","Potion"],"build_version":"2020-12-22","purchased_purges":1,"victory":false,"max_hp_per_floor":[79,79,79,79,79,79,79,79,79,79,79,79,79,79,79,79,79,79,79,79,79,79,79,79,79,79,79,79,89,89,89,89,89,89,89,89,89,89,89,89,89,89,89,89,89,89,89,89,89,89,89,89,89,89,89,89,89,89],"relic_stats":{"Gremlin Horn":[27,27],"counters":[34,171],"Astrolabe":["Slimebound:LeadByExample","Slimebound:LeechingTouch","Slimebound:CheckThePlaybook"],"Snecko Eye":[183,187,211,191],"Whetstone":["Slimebound:Strike_Slimebound","Slimebound:Strike_Slimebound"],"obtain_stats":[{"Slimebound:AggressiveSlimeRelic":26,"Gremlin Horn":31,"downfall:HeartBlessingRed":35,"Astrolabe":17,"Mango":0,"downfall:HeartBlessingGreen":35,"Omamori":41,"Whetstone":12,"Ancient Tea Set":5,"White Beast Statue":52,"Pondfish Scales":9,"HornCleat":44,"downfall:HeartBlessingBlue":29,"Snecko Eye":34,"downfall:RedIOU":21,"Slimebound:AbsorbEndCombat":0,"Replay:Bottled Snecko":14,"Grinning Jar":7,"Replay:Bottled Eggs":47,"InkBottle":39},{"Slimebound:AggressiveSlimeRelic":13,"Gremlin Horn":17,"downfall:HeartBlessingRed":19,"Astrolabe":9,"Mango":0,"downfall:HeartBlessingGreen":19,"Omamori":22,"Whetstone":6,"Ancient Tea Set":2,"White Beast Statue":32,"Pondfish Scales":4,"HornCleat":25,"downfall:HeartBlessingBlue":15,"Snecko Eye":19,"downfall:RedIOU":10,"Slimebound:AbsorbEndCombat":0,"Replay:Bottled Snecko":7,"Grinning Jar":2,"Replay:Bottled Eggs":28,"InkBottle":21},{"Slimebound:AggressiveSlimeRelic":51,"Gremlin Horn":70,"downfall:HeartBlessingRed":81,"Astrolabe":35,"Mango":0,"downfall:HeartBlessingGreen":81,"Omamori":90,"Whetstone":21,"Ancient Tea Set":6,"White Beast Statue":149,"Pondfish Scales":15,"HornCleat":102,"downfall:HeartBlessingBlue":60,"Snecko Eye":81,"downfall:RedIOU":36,"Slimebound:AbsorbEndCombat":0,"Replay:Bottled Snecko":24,"Grinning Jar":6,"Replay:Bottled Eggs":119,"InkBottle":86}],"InkBottle":[47]},"card_choices":[{"not_picked":["Slimebound:Prepare","Slimebound:GoopTackle"],"picked":"Slimebound:ItLooksTasty","floor":2},{"not_picked":["Slimebound:SamplingLick","Slimebound:HauntingLick"],"picked":"Slimebound:GoopSpray","floor":3},{"not_picked":["Slimebound:GoopTackle","Slimebound:ProtectTheBoss"],"picked":"Slimebound:ComboTackle","floor":8},{"not_picked":["Slimebound:Chomp","Slimebound:Schlurp"],"picked":"Slimebound:SplitBruiser","floor":9},{"not_picked":["Slimebound:HungryTackle","Slimebound:SlimeTap"],"picked":"Slimebound:FirmFortitude","floor":10},{"not_picked":["Slimebound:SplitAcid","Slimebound:SplitLeeching"],"picked":"Slimebound:LivingWall","floor":12},{"not_picked":["Slimebound:Darklings","Slimebound:GoopTackle","Slimebound:Equalize"],"picked":"SKIP","floor":13},{"not_picked":["Slimebound:ForwardTackle","Slimebound:Schlurp","Slimebound:RollThrough"],"picked":"SKIP","floor":15},{"not_picked":["Slimebound:MegaLick","Slimebound:SplitBruiser"],"picked":"Slimebound:SlimeSpikes","floor":19},{"not_picked":["Slimebound:HauntingLick+1","Slimebound:RainOfGoop"],"picked":"Slimebound:Recycling","floor":22},{"not_picked":["Slimebound:FinishingTackle+1","Slimebound:SplitMire+1","Slimebound:ItLooksTasty+1"],"picked":"SKIP","floor":25},{"not_picked":["Slimebound:TongueLash","Slimebound:ComboTackle"],"picked":"Slimebound:LevelUp","floor":26},{"not_picked":["Slimebound:SplitBruiser","Slimebound:RainOfGoop","Slimebound:SplitMire"],"picked":"SKIP","floor":27},{"not_picked":["Slimebound:Recollect","Slimebound:Schlurp"],"picked":"Slimebound:LevelUp+1","floor":28},{"not_picked":["Slimebound:LivingWall","Slimebound:RallyTheTroops","Slimebound:GoopTackle"],"picked":"SKIP","floor":30},{"not_picked":["Slimebound:RejuvenatingLick+1","Slimebound:GoopTackle+1","Slimebound:ItLooksTasty"],"picked":"SKIP","floor":31},{"not_picked":["Slimebound:SlimeTap","Slimebound:Recollect"],"picked":"Slimebound:SplitAcid+1","floor":32},{"not_picked":["Slimebound:OneTwoCombo","Slimebound:RallyTheTroops"],"picked":"Slimebound:Teamwork","floor":33},{"not_picked":["Slimebound:HauntingLick+1","Slimebound:LeadByExample"],"picked":"Slimebound:MegaLick+1","floor":36},{"not_picked":["Slimebound:HungryTackle+1","Slimebound:DisruptingSlam+1","Slimebound:ComboTackle"],"picked":"SKIP","floor":38},{"not_picked":["Slimebound:GoopTackle","Slimebound:PressTheAttack"],"picked":"Slimebound:GoopSpray","floor":39},{"not_picked":["Slimebound:SamplingLick","Slimebound:PressTheAttack"],"picked":"Slimebound:Gluttony","floor":39},{"not_picked":["Slimebound:GoopTackle+1","Slimebound:LeechingTouch","Slimebound:LeechEnergy+1"],"picked":"SKIP","floor":40},{"not_picked":["Slimebound:SplitBruiser","Slimebound:GoopTackle+1","Slimebound:SplitMire"],"picked":"SKIP","floor":42},{"not_picked":["Slimebound:SplitLeeching","Slimebound:Darklings"],"picked":"Slimebound:GoopSpray","floor":43},{"not_picked":["Slimebound:GrowthPunch","Slimebound:MinionMaster"],"picked":"Slimebound:Schlurp+1","floor":44},{"not_picked":["Slimebound:SplitAcid+1","Slimebound:BestDefense+1"],"picked":"Slimebound:SplitLeeching+1","floor":45},{"not_picked":["Slimebound:RollThrough+1","Slimebound:SplitAcid+1","Slimebound:SplitMire"],"picked":"SKIP","floor":46},{"not_picked":["Slimebound:LeechEnergy","Slimebound:ServeAndProtect"],"picked":"Slimebound:GoopSpray+1","floor":47},{"not_picked":["Slimebound:HauntingLick","Slimebound:LeechingTouch","Slimebound:RollThrough+1"],"picked":"SKIP","floor":48},{"not_picked":["Slimebound:ItLooksTasty","Slimebound:RollThrough"],"picked":"Slimebound:OozeBath","floor":49},{"not_picked":["Slimebound:ItLooksTasty","Slimebound:RainOfGoop","Slimebound:Gluttony+1"],"picked":"SKIP","floor":52}],"player_experience":1066473,"relics_obtained":[{"floor":7,"key":"Grinning Jar"},{"floor":9,"key":"Pondfish Scales"},{"floor":14,"key":"Replay:Bottled Snecko"},{"floor":26,"key":"Slimebound:AggressiveSlimeRelic"},{"floor":31,"key":"Gremlin Horn"},{"floor":39,"key":"InkBottle"},{"floor":41,"key":"Omamori"},{"floor":52,"key":"White Beast Statue"}],"event_choices":[{"damage_healed":0,"gold_gain":0,"cards_transformed":["Slimebound:CorrosiveSpit","Slimebound:Defend_Slimebound"],"player_choice":"Became Test Subject","damage_taken":0,"max_hp_gain":0,"max_hp_loss":0,"event_name":"Drug Dealer","floor":20,"gold_loss":0,"cards_obtained":["Slimebound:ForwardTackle","Slimebound:RainOfGoop"]},{"cards_removed":["Slimebound:ForwardTackle"],"damage_healed":0,"gold_gain":0,"player_choice":"Removed Attack","damage_taken":0,"max_hp_gain":0,"max_hp_loss":0,"event_name":"Falling","floor":37,"gold_loss":0}],"is_beta":false,"boss_relics":[{"not_picked":["Runic Dome","Ring of Chaos"],"picked":"Astrolabe"},{"not_picked":["Runic Pyramid","Pandora\u0027s Box"],"picked":"Snecko Eye"}],"items_purged_floors":[44],"is_endless":false,"potions_floor_spawned":[8,9,10,15,25,27,30,31,33,36,40,42,43,49],"killed_by":"downfall:NeowBossFinal","ascension_level":0}}