{"host":"Lingo","time":1613258038,"event":{"mods":["BaseMod","Better Third Choice","Bossed Relics","Evolution","Minty Spire (QoL Compilation)","Relic Stats","Replay The Spire","StSLib"],"gold_per_floor":[115,215,234,244,254,254,289,289,289,289,289,308,337,352,352,449,449,449,449],"floor_reached":18,"language":"ENG","playtime":3374,"items_purged":[],"score":172,"play_id":"c65e3574-5763-4333-b8fb-7ef4602b0747","local_time":"20210213151358","is_ascension_mode":false,"campfire_choices":[{"data":"Devotion","floor":6.0,"key":"SMITH"},{"floor":8.0,"key":"REST"},{"data":"Prostrate","floor":10.0,"key":"SMITH"},{"data":"CutThroughFate","floor":15.0,"key":"SMITH"}],"circlet_count":0,"master_deck":["Strike_P","Strike_P","Strike_P","Strike_P","Defend_P","Defend_P","Defend_P","Defend_P","Eruption+1","Vigilance","Devotion+1","Prostrate+1","SashWhip+1","FollowUp","Replay:AtTheReady","CrushJoints","CutThroughFate+1","FlurryOfBlows","Brilliance"],"relics":["PureWater","EVO:Axolotl","Strawberry","Whetstone","Replay:Bottled Steam","ChewingGum"],"acts_visited":["Exordium","TheCity"],"potions_floor_usage":[],"damage_taken":[{"damage":2.0,"enemies":"Jaw Worm","floor":1.0,"turns":6.0},{"damage":0.0,"enemies":"Cultist","floor":3.0,"turns":4.0},{"damage":0.0,"enemies":"Small Slimes","floor":4.0,"turns":2.0},{"damage":10.0,"enemies":"Exordium Thugs","floor":5.0,"turns":5.0},{"damage":28.0,"enemies":"3 Sentries","floor":7.0,"turns":9.0},{"damage":8.0,"enemies":"Exordium Wildlife","floor":12.0,"turns":5.0},{"damage":4.0,"enemies":"Lagavulin","floor":13.0,"turns":7.0},{"damage":7.0,"enemies":"Large Slime","floor":14.0,"turns":4.0},{"damage":10.0,"enemies":"Hexaghost","floor":16.0,"turns":6.0},{"damage":0,"enemies":"Shell Parasite","floor":18,"turns":1}],"seed_played":"3750260302795704319","potions_obtained":[{"floor":4.0,"key":"Flashbang"},{"floor":7.0,"key":"AttackPotion"},{"floor":11.0,"key":"Milkshake"},{"floor":14.0,"key":"BottledMiracle"}],"is_trial":false,"path_per_floor":["M","?","M","M","M","R","E","R","T","R","?","M","E","M","R","B",null,"M"],"character_chosen":"WATCHER","items_purchased":[],"campfire_rested":1,"item_purchase_floors":[],"current_hp_per_floor":[70,70,70,70,60,60,39,62,62,62,62,54,50,43,43,33,79,79,79],"gold":449,"neow_bonus":"ONE_RANDOM_RARE_CARD","is_daily":false,"chose_seed":false,"campfire_upgraded":3,"win_rate":0.0,"timestamp":1613258038,"path_taken":["M","?","M","M","?","R","E","R","T","R","?","M","E","M","R","BOSS","M"],"items_purchased_type":[],"build_version":"2020-12-18","purchased_purges":0,"victory":false,"max_hp_per_floor":[72,72,72,72,72,72,79,79,79,79,79,79,79,79,79,79,79,79,79],"relic_stats":{"counters":[31,152],"Whetstone":["Eruption","SashWhip"],"obtain_stats":[{"Darkstone Periapt":12,"Inserter":34,"Torii":26,"Happy Flower":41,"Golden Idol":4,"Thread and Needle":31,"The Courier":25,"Whetstone":9,"EVO:Axolotl":0,"Orichalcum":7,"Bottled Tornado":29,"Empty Cage":17,"Boot":43,"Nuclear Battery":0,"DataDisk":9,"CaptainsWheel":29,"Bloody Idol":24,"Strawberry":7,"Tiny Chest":23,"ChewingGum":17,"PureWater":0,"Cracked Core":0,"InkBottle":28,"Replay:Bottled Steam":13},{"Darkstone Periapt":4,"Inserter":16,"Torii":11,"Happy Flower":18,"Golden Idol":1,"Thread and Needle":15,"The Courier":11,"Whetstone":26,"EVO:Axolotl":0,"Orichalcum":2,"Bottled Tornado":14,"Empty Cage":7,"Boot":18,"Nuclear Battery":0,"DataDisk":2,"CaptainsWheel":14,"Bloody Idol":11,"Strawberry":26,"Tiny Chest":11,"ChewingGum":30,"PureWater":0,"Cracked Core":0,"InkBottle":12,"Replay:Bottled Steam":28},{"Darkstone Periapt":19,"Inserter":78,"Torii":51,"Happy Flower":88,"Golden Idol":3,"Thread and Needle":70,"The Courier":51,"Whetstone":130,"EVO:Axolotl":0,"Orichalcum":12,"Bottled Tornado":64,"Empty Cage":34,"Boot":88,"Nuclear Battery":0,"DataDisk":12,"CaptainsWheel":64,"Bloody Idol":51,"Strawberry":130,"Tiny Chest":51,"ChewingGum":152,"PureWater":0,"Cracked Core":0,"InkBottle":58,"Replay:Bottled Steam":142}]},"card_choices":[{"not_picked":["Consecrate","PathToVictory"],"picked":"Prostrate","floor":1.0},{"not_picked":["Adaptation","Replay:Cycle"],"picked":"SashWhip","floor":3.0},{"not_picked":["Protect","FlurryOfBlows"],"picked":"FollowUp","floor":4.0},{"not_picked":["FollowUp","Replay:AllIn"],"picked":"Replay:AtTheReady","floor":5.0},{"not_picked":["JustLucky","Evaluate"],"picked":"CrushJoints","floor":7.0},{"not_picked":["Halt","EmptyFist"],"picked":"CutThroughFate","floor":12.0},{"not_picked":["Evaluate","SignatureMove","EmptyBody"],"picked":"SKIP","floor":13.0},{"not_picked":["ConjureBlade","CutThroughFate"],"picked":"FlurryOfBlows","floor":14.0},{"not_picked":["Establishment","MasterReality"],"picked":"Brilliance","floor":16.0}],"player_experience":617455,"relics_obtained":[{"floor":7.0,"key":"Strawberry"},{"floor":9.0,"key":"Whetstone"},{"floor":13.0,"key":"Replay:Bottled Steam"}],"event_choices":[{"damage_healed":0.0,"max_hp_gain":0.0,"max_hp_loss":0.0,"gold_gain":100.0,"event_name":"Golden Shrine","player_choice":"Pray","floor":2.0,"gold_loss":0.0,"damage_taken":0.0},{"damage_healed":0.0,"max_hp_gain":0.0,"max_hp_loss":0.0,"gold_gain":0.0,"event_name":"Lab","player_choice":"Got Potions","floor":11.0,"gold_loss":0.0,"damage_taken":0.0}],"is_beta":true,"boss_relics":[{"not_picked":["SacredBark","Tiny House"],"picked":"ChewingGum"}],"items_purged_floors":[],"is_endless":false,"potions_floor_spawned":[4,7,14],"killed_by":"Shell Parasite","ascension_level":0}}