{"host":"ve5hox67eka4rdnb","time":1613222269,"event":{"mods":["ATMod(∞¢Ë™Mod)","AchievementEnabler","Act Like it!","BaseMod","Downfall","Gensokyo","Hermit","Lobotomy","LobotomyExtend","Marisa£®ÏF”Í°°ƒß¿Ì…≥£©","Minty Spire (QoL Compilation)","Quick Restart","Remilia£®¿Ÿ√◊¿Ú—«£©","Replay The Spire","Shop Mod","StSLib"],"gold_per_floor":[114,131,131,181,379,379,379],"floor_reached":6,"language":"ZHS","playtime":165,"items_purged":[],"score":39,"play_id":"783e83b2-e39c-4bec-8ede-0813bd36cbb8","local_time":"20210213211749","is_ascension_mode":true,"campfire_choices":[],"circlet_count":0,"master_deck":["Strike_P","Strike_P","Strike_P","Strike_P","Defend_P","Defend_P","Defend_P","Defend_P","Eruption","Vigilance","AT_FamilyPortrait+1","Overencumbered","Replay:Hysterical Blindness","Vengeance"],"relics":["AT_ATBox","ReplayTheSpireMod:DimensionalGlitch","LetterFromLob","Ring of Greed","ReplayTheSpireMod:Ring of Exchange","Membership Card","Blue Doll"],"acts_visited":["Exordium"],"potions_floor_usage":[],"damage_taken":[{"damage":8,"enemies":"Jaw Worm","floor":1,"turns":4},{"damage":0,"enemies":"2 Louse","floor":2,"turns":2},{"damage":2,"enemies":"Gremlin Nob","floor":6,"turns":3}],"seed_played":"2241926236532182906","potions_obtained":[{"floor":1,"key":"Ambrosia"}],"is_trial":false,"path_per_floor":["M","M","?","?","?","E"],"character_chosen":"WATCHER","items_purchased":[],"campfire_rested":0,"item_purchase_floors":[],"current_hp_per_floor":[64,64,64,64,46,44,44],"gold":379,"neow_bonus":"BOSS_RELIC","is_daily":false,"chose_seed":false,"campfire_upgraded":0,"win_rate":0.0,"timestamp":1613222269,"path_taken":["M","M","?","?","?","E"],"items_purchased_type":[],"build_version":"2020-12-22","purchased_purges":0,"victory":false,"max_hp_per_floor":[72,72,72,72,72,72,72],"card_choices":[{"not_picked":["ThirdEye","CrushJoints","JustLucky"],"picked":"SKIP","floor":1},{"not_picked":["WreathOfFlame","Prostrate","BowlingBash"],"picked":"SKIP","floor":2},{"not_picked":["WreathOfFlame","Protect"],"picked":"Vengeance","floor":5}],"player_experience":217724,"relics_obtained":[{"floor":1,"key":"LetterFromLob"},{"floor":4,"key":"Ring of Greed"},{"floor":4,"key":"ReplayTheSpireMod:Ring of Exchange"},{"floor":4,"key":"Membership Card"},{"floor":4,"key":"Blue Doll"}],"event_choices":[{"damage_healed":0,"gold_gain":0,"player_choice":"Grow","damage_taken":0,"max_hp_gain":0,"max_hp_loss":0,"event_name":"Living Wall","floor":3,"gold_loss":0,"cards_upgraded":["AT_FamilyPortrait"]}],"is_beta":false,"boss_relics":[],"items_purged_floors":[],"is_endless":false,"potions_floor_spawned":[1],"killed_by":"Gremlin Nob","ascension_level":3}}