{"host":"qzns58vbi2il2jix","time":1613253684,"event":{"mods":["AchievementEnabler","Aspiration","BaseMod","Better Third Choice","BetterRewards","Card Forge","Challenge The Spire","Colored Map","Colored Powertips","Conspire","DeckTracker","Downfall","Hubris","Humility","Infinite Spire","Jorbs\u0027s Wanderer Trilogy","Mimic Mod","Minty Spire (QoL Compilation)","Quick Restart","Relic Stats","Replay The Spire","StSLib","Synergy Search","Wandering Minibosses"],"gold_per_floor":[118,136,216,216,226,226,251,318,318,333,333,345,368,328,328,428,428,445,465,490,519,550,565,565,580,620,634,634,134,134,145,145,240,240,251,473,473,523,523,548,584,602,625,653,653,678,678,88,88,88,88],"floor_reached":50,"language":"ENG","playtime":4839,"items_purged":[],"score":764,"play_id":"978b7e04-6125-403f-9c9e-3a672370e59a","local_time":"20210213220124","is_ascension_mode":true,"campfire_choices":[{"floor":6,"key":"RECALL"},{"floor":11,"key":"REST"},{"floor":15,"key":"REST"},{"floor":24,"key":"REST"},{"floor":32,"key":"REST"},{"floor":45,"key":"REST"},{"floor":47,"key":"REST"},{"data":"stsjorbsmod:ArcaneWeapon","floor":49,"key":"SMITH"}],"circlet_count":0,"master_deck":["stsjorbsmod:ForbiddenGrimoire+1","stsjorbsmod:Strike_Wanderer+1","stsjorbsmod:Strike_Wanderer+1","stsjorbsmod:Strike_Wanderer+1","stsjorbsmod:Strike_Wanderer+1","stsjorbsmod:Defend_Wanderer+1","stsjorbsmod:Defend_Wanderer+1","stsjorbsmod:Defend_Wanderer+1","stsjorbsmod:Defend_Wanderer+1","stsjorbsmod:FreshAdventure+1","stsjorbsmod:EyeOfTheStorm+1","stsjorbsmod:ParryingBlow+1","stsjorbsmod:UnseenServant+1","stsjorbsmod:ChainLightning+1","stsjorbsmod:DeathThroes+1","stsjorbsmod:SchoolsOfMagic+1","stsjorbsmod:ArcaneWeapon+1","stsjorbsmod:Channel+1","stsjorbsmod:Mending+1","stsjorbsmod:FranticSearch+1","stsjorbsmod:ThirstingSword+1","stsjorbsmod:DisguiseSelf+1","stsjorbsmod:WeightOfMemory+1","stsjorbsmod:FranticSearch+1","stsjorbsmod:Channel+1","stsjorbsmod:Materialize+1","stsjorbsmod:FracturedMind+1","stsjorbsmod:Rest+1","stsjorbsmod:Thorns+1","stsjorbsmod:Stalwart+1","stsjorbsmod:Fireball+1","stsjorbsmod:ArcaneWeapon+1","stsjorbsmod:Channel+1","stsjorbsmod:Mending+1","stsjorbsmod:TollTheDead+1","Replay:Bootleg Shield Generator+1","stsjorbsmod:Materialize+1","stsjorbsmod:Pyromancy+1","stsjorbsmod:DoubleCheck+1","stsjorbsmod:ScorchingRay+1","ReplayTheSpireMod:Necrogeddon+1","Dark Shackles+1","Midas Touch+1","stsjorbsmod:MagicMissiles+1","stsjorbsmod:LoseGrip+1","stsjorbsmod:Stalwart+1","hubris:Disease","stsjorbsmod:RefuseToForget+1","stsjorbsmod:Patron+1","stsjorbsmod:ArcaneWeapon+1"],"relics":["stsjorbsmod:GrimoireRelic","Hammer of Thor","Seething Fire","Anvil of the Gods","Blood Vial","aspiration:HiddenCompartment","Onion Ring","hubris:TenFootPole","Runic Pyramid","aspiration:TomeofQuesting","Red Mask","aspiration:FetidBarrel","sneckomod:BabySnecko","Replay:Grab Bag","Cursed Key","hubris:RunicObelisk","hubris:HollowSoul","WingedGreaves","Pet Ghost","hubris:ToyBattleship","Regal Pillow","Pocketwatch","Bottled Tornado","infinitespire:CheckeredPen","Replay:Rubber Ducky","TheAbacus"],"acts_visited":["Exordium","TheCity","TheBeyond"],"potions_floor_usage":[7,7,7,10,16,16,16,18,19,22,23,31,31,35,40,42,42,46],"damage_taken":[{"damage":0,"enemies":"conspire:RoseBush","floor":1,"turns":2},{"damage":0,"enemies":"Jaw Worm","floor":2,"turns":4},{"damage":0,"enemies":"2 Louse","floor":5,"turns":1},{"damage":36,"enemies":"3 Sentries","floor":7,"turns":5},{"damage":0,"enemies":"Lots of Slimes","floor":8,"turns":1},{"damage":3,"enemies":"Exordium Thugs","floor":10,"turns":2},{"damage":0,"enemies":"Blue Slaver","floor":12,"turns":4},{"damage":11,"enemies":"The Guardian","floor":16,"turns":11},{"damage":10,"enemies":"2 Thieves","floor":18,"turns":3},{"damage":1,"enemies":"Spheric Guardian","floor":19,"turns":6},{"damage":0,"enemies":"Centurion and Healer","floor":20,"turns":4},{"damage":0,"enemies":"conspire:MimicChest","floor":21,"turns":7},{"damage":0,"enemies":"Masked Bandits","floor":22,"turns":1},{"damage":5,"enemies":"Snake Plant","floor":23,"turns":5},{"damage":1,"enemies":"3 Cultists","floor":25,"turns":3},{"damage":2,"enemies":"Shelled Parasite and Fungi","floor":26,"turns":5},{"damage":0,"enemies":"Shelled Parasite and Fungi","floor":27,"turns":4},{"damage":0,"enemies":"Centurion and Healer","floor":31,"turns":4},{"damage":50,"enemies":"hubris:MusketHawk","floor":33,"turns":8},{"damage":0,"enemies":"Orb Walker","floor":35,"turns":2},{"damage":9,"enemies":"Mind Bloom Boss Battle","floor":38,"turns":7},{"damage":19,"enemies":"Mind Bloom Boss Battle","floor":38,"turns":6},{"damage":51,"enemies":"Nemesis","floor":40,"turns":6},{"damage":11,"enemies":"R_Hoarder","floor":41,"turns":7},{"damage":30,"enemies":"3 Shapes","floor":42,"turns":1},{"damage":48,"enemies":"Giant Head","floor":44,"turns":9},{"damage":0,"enemies":"Reptomancer","floor":46,"turns":5},{"damage":15,"enemies":"Time Eater","floor":50,"turns":5}],"seed_played":"3423054650182408978","potions_obtained":[{"floor":2,"key":"SkillPotion"},{"floor":3,"key":"Death Potion"},{"floor":3,"key":"GamblersBrew"},{"floor":8,"key":"SteroidPotion"},{"floor":14,"key":"Ancient Potion"},{"floor":14,"key":"SneckoOil"},{"floor":14,"key":"conspire:TimeTravelPotion"},{"floor":16,"key":"Swift Potion"},{"floor":18,"key":"Weak Potion"},{"floor":21,"key":"ColorlessPotion"},{"floor":22,"key":"Adrenaline Potion"},{"floor":27,"key":"Energy Potion"},{"floor":33,"key":"FearPotion"},{"floor":38,"key":"conspire:TimeTravelPotion"},{"floor":38,"key":"DistilledChaos"},{"floor":41,"key":"Strength Potion"},{"floor":44,"key":"Toxic Potion"}],"is_trial":false,"path_per_floor":["M","M","?","?","M","R","E","M","T","M","R","M","T","?","R","B",null,"M","M","M","?","?","M","R","M","MIM","M","?","$","?","M","R","B",null,"M","?","?","?","?","E","E","M","T","E","R","E","R","$","R","B"],"character_chosen":"WANDERER","items_purchased":["stsjorbsmod:Fireball","stsjorbsmod:ArcaneWeapon","stsjorbsmod:Channel","stsjorbsmod:Mending","stsjorbsmod:TollTheDead","Adrenaline Potion","Replay:Bootleg Shield Generator","infinitespire:CheckeredPen","Replay:Rubber Ducky","stsjorbsmod:ArcaneWeapon","TheAbacus"],"campfire_rested":6,"item_purchase_floors":[29,29,29,29,29,29,29,48,48,48,48],"current_hp_per_floor":[74,74,74,74,74,74,39,43,43,43,65,68,68,68,74,66,74,66,71,71,69,69,67,67,67,64,65,65,65,65,65,65,23,65,65,65,68,56,51,37,30,32,32,10,43,54,60,60,60,0,0],"gold":88,"neow_bonus":"TEN_PERCENT_HP_BONUS","is_daily":false,"chose_seed":false,"campfire_upgraded":1,"win_rate":0.0,"timestamp":1613253684,"path_taken":["M","M","?","?","M","R","E","M","T","M","R","?","?","?","R","BOSS","M","M","?","?","?","M","R","M","MIM","?","?","?","?","?","R","BOSS","M","?","?","?","?","E","E","M","T","E","R","E","R","?","R","BOSS"],"items_purchased_type":["Card","Card","Card","Card","Card","Potion","Card","Relic","Relic","Card","Relic"],"build_version":"2020-12-22","purchased_purges":0,"victory":false,"max_hp_per_floor":[74,74,74,74,74,74,74,74,74,74,74,74,74,74,74,74,74,74,74,71,69,69,67,67,67,65,65,65,65,65,65,65,65,65,65,65,68,64,64,62,62,62,62,60,60,60,60,60,60,60,60],"relic_stats":{"Blood Vial":21,"Regal Pillow":15,"TheAbacus":[0],"counters":[28,133],"Cursed Key":1,"obtain_stats":[{"Regal Pillow":43,"aspiration:TomeofQuesting":21,"Hammer of Thor":0,"hubris:RunicObelisk":34,"Bottled Tornado":46,"Cursed Key":34,"Pet Ghost":40,"Replay:Rubber Ducky":48,"Blood Vial":3,"TheAbacus":48,"WingedGreaves":38,"Red Mask":22,"Runic Pyramid":17,"aspiration:FetidBarrel":26,"Replay:Grab Bag":34,"stsjorbsmod:GrimoireRelic":0,"hubris:HollowSoul":34,"Seething Fire":0,"infinitespire:CheckeredPen":48,"aspiration:HiddenCompartment":7,"sneckomod:BabySnecko":28,"Anvil of the Gods":0,"Onion Ring":9,"hubris:TenFootPole":13,"hubris:ToyBattleship":41,"Pocketwatch":44},{"Regal Pillow":25,"aspiration:TomeofQuesting":12,"Hammer of Thor":0,"hubris:RunicObelisk":19,"Bottled Tornado":27,"Cursed Key":19,"Pet Ghost":23,"Replay:Rubber Ducky":27,"Blood Vial":2,"TheAbacus":27,"WingedGreaves":22,"Red Mask":13,"Runic Pyramid":8,"aspiration:FetidBarrel":16,"Replay:Grab Bag":19,"stsjorbsmod:GrimoireRelic":0,"hubris:HollowSoul":19,"Seething Fire":0,"infinitespire:CheckeredPen":27,"aspiration:HiddenCompartment":4,"sneckomod:BabySnecko":17,"Anvil of the Gods":0,"Onion Ring":5,"hubris:TenFootPole":7,"hubris:ToyBattleship":24,"Pocketwatch":26},{"Regal Pillow":109,"aspiration:TomeofQuesting":50,"Hammer of Thor":0,"hubris:RunicObelisk":80,"Bottled Tornado":123,"Cursed Key":80,"Pet Ghost":101,"Replay:Rubber Ducky":123,"Blood Vial":6,"TheAbacus":123,"WingedGreaves":95,"Red Mask":51,"Runic Pyramid":30,"aspiration:FetidBarrel":64,"Replay:Grab Bag":80,"stsjorbsmod:GrimoireRelic":0,"hubris:HollowSoul":80,"Seething Fire":0,"infinitespire:CheckeredPen":123,"aspiration:HiddenCompartment":12,"sneckomod:BabySnecko":68,"Anvil of the Gods":0,"Onion Ring":13,"hubris:TenFootPole":19,"hubris:ToyBattleship":108,"Pocketwatch":118}],"Pocketwatch":[0]},"card_choices":[{"not_picked":["stsjorbsmod:ChatteringStrike","stsjorbsmod:Prepare"],"picked":"stsjorbsmod:ParryingBlow","floor":1},{"not_picked":["stsjorbsmod:WeightOfMemory","stsjorbsmod:ParryingBlow"],"picked":"stsjorbsmod:UnseenServant","floor":2},{"not_picked":["stsjorbsmod:Materialize","stsjorbsmod:Hurt"],"picked":"stsjorbsmod:ChainLightning","floor":3},{"not_picked":["stsjorbsmod:TollTheDead","stsjorbsmod:Inferno"],"picked":"stsjorbsmod:SchoolsOfMagic","floor":5},{"not_picked":["stsjorbsmod:Counterspell","stsjorbsmod:TrueStrike"],"picked":"stsjorbsmod:ArcaneWeapon","floor":7},{"not_picked":["stsjorbsmod:MagicMissiles","stsjorbsmod:Hibernate"],"picked":"stsjorbsmod:Channel","floor":8},{"not_picked":["stsjorbsmod:MistyStep","stsjorbsmod:WeightOfMemory"],"picked":"stsjorbsmod:Mending","floor":10},{"not_picked":["stsjorbsmod:DeathThroes","stsjorbsmod:UnseenServant"],"picked":"stsjorbsmod:FranticSearch","floor":12},{"not_picked":["stsjorbsmod:GatherPower","stsjorbsmod:Determination"],"picked":"stsjorbsmod:ThirstingSword","floor":16},{"not_picked":["stsjorbsmod:RayOfFrost","stsjorbsmod:BurningFlask"],"picked":"stsjorbsmod:DisguiseSelf+1","floor":18},{"not_picked":["stsjorbsmod:FaerieFire","stsjorbsmod:Hibernate"],"picked":"stsjorbsmod:WeightOfMemory","floor":19},{"not_picked":["stsjorbsmod:Prestidigitation+1","stsjorbsmod:Hibernate+1"],"picked":"stsjorbsmod:FranticSearch","floor":20},{"not_picked":["stsjorbsmod:BlackTentacles","stsjorbsmod:SmithingStrike"],"picked":"stsjorbsmod:Channel","floor":21},{"not_picked":["stsjorbsmod:MageArmor","stsjorbsmod:ColorSpray"],"picked":"stsjorbsmod:Materialize","floor":22},{"not_picked":["stsjorbsmod:ChainLightning","stsjorbsmod:Index"],"picked":"stsjorbsmod:FracturedMind","floor":23},{"not_picked":["stsjorbsmod:WanderingMind+1","stsjorbsmod:LocateObject"],"picked":"stsjorbsmod:Rest","floor":25},{"not_picked":["stsjorbsmod:RayOfFrost","stsjorbsmod:DisguiseSelf"],"picked":"stsjorbsmod:Thorns","floor":26},{"not_picked":["stsjorbsmod:TollTheDead","stsjorbsmod:Introspection+1"],"picked":"stsjorbsmod:Stalwart","floor":27},{"not_picked":["stsjorbsmod:Index","stsjorbsmod:SchoolsOfMagic"],"picked":"stsjorbsmod:Materialize","floor":31},{"not_picked":["stsjorbsmod:PurgeMind","stsjorbsmod:DeathThroes"],"picked":"stsjorbsmod:Pyromancy","floor":33},{"not_picked":["stsjorbsmod:Will","stsjorbsmod:FlameWard"],"picked":"stsjorbsmod:DoubleCheck","floor":35},{"not_picked":["stsjorbsmod:Index+1","stsjorbsmod:OldPocket+1"],"picked":"stsjorbsmod:ScorchingRay","floor":38},{"not_picked":["Good Instincts","Crow Ritual"],"picked":"ReplayTheSpireMod:Necrogeddon","floor":39},{"not_picked":["Master of Strategy","Good Instincts"],"picked":"Dark Shackles","floor":39},{"not_picked":["ReplayTheSpireMod:Trickstab","Specialist"],"picked":"Midas Touch","floor":39},{"not_picked":["stsjorbsmod:DisguiseSelf","stsjorbsmod:Mindworm"],"picked":"stsjorbsmod:MagicMissiles+1","floor":40},{"not_picked":["stsjorbsmod:AnimateObjects+1","stsjorbsmod:WeightOfMemory+1"],"picked":"stsjorbsmod:LoseGrip","floor":41},{"not_picked":["stsjorbsmod:ParryingBlow+1","stsjorbsmod:FranticSearch+1"],"picked":"stsjorbsmod:Stalwart+1","floor":42},{"not_picked":["stsjorbsmod:UnseenServant+1","stsjorbsmod:TrueStrike+1"],"picked":"stsjorbsmod:RefuseToForget","floor":44},{"not_picked":["stsjorbsmod:FlameWard+1","stsjorbsmod:TinyHut+1"],"picked":"stsjorbsmod:Patron","floor":46}],"player_experience":503777,"relics_obtained":[{"floor":3,"key":"Blood Vial"},{"floor":7,"key":"aspiration:HiddenCompartment"},{"floor":9,"key":"Onion Ring"},{"floor":13,"key":"hubris:TenFootPole"},{"floor":21,"key":"aspiration:TomeofQuesting"},{"floor":22,"key":"Red Mask"},{"floor":26,"key":"aspiration:FetidBarrel"},{"floor":38,"key":"WingedGreaves"},{"floor":40,"key":"Pet Ghost"},{"floor":41,"key":"hubris:ToyBattleship"},{"floor":43,"key":"Regal Pillow"},{"floor":44,"key":"Pocketwatch"},{"floor":46,"key":"Bottled Tornado"}],"event_choices":[{"damage_healed":0,"gold_gain":0,"player_choice":"1 cards matched","damage_taken":0,"max_hp_gain":0,"max_hp_loss":0,"event_name":"Match and Keep!","floor":4,"gold_loss":0,"cards_obtained":["stsjorbsmod:DeathThroes"]},{"damage_healed":0,"gold_gain":0,"player_choice":"Bought 3 Potions","damage_taken":0,"max_hp_gain":0,"max_hp_loss":0,"event_name":"The Woman in Blue","floor":14,"gold_loss":0},{"damage_healed":0,"gold_gain":0,"player_choice":"Fought Bandits","damage_taken":0,"max_hp_gain":0,"max_hp_loss":0,"event_name":"Masked Bandits","floor":22,"gold_loss":0},{"damage_healed":0,"gold_gain":0,"player_choice":"Ignored","damage_taken":0,"max_hp_gain":0,"max_hp_loss":0,"event_name":"Transmorgrifier","floor":30,"gold_loss":0},{"damage_healed":0,"gold_gain":222,"player_choice":"Wore Mask","damage_taken":0,"max_hp_gain":0,"max_hp_loss":0,"event_name":"Tomb of Lord Red Mask","floor":36,"gold_loss":0},{"damage_healed":0,"gold_gain":0,"player_choice":"Fight","damage_taken":0,"max_hp_gain":0,"max_hp_loss":0,"event_name":"MindBloom","floor":38,"gold_loss":0},{"damage_healed":0,"gold_gain":0,"player_choice":"Memory 3","damage_taken":10,"max_hp_gain":0,"max_hp_loss":0,"event_name":"SensoryStone","floor":39,"gold_loss":0}],"is_beta":false,"boss_relics":[{"not_picked":["hubris:Stopwatch","conspire:SeveredTorchhead"],"picked":"Runic Pyramid"},{"not_picked":["Empty Cage","bronze:MakeshiftBattery"],"picked":"Replay:Grab Bag"},{"not_picked":["infinitespire:Cupcake","ReplayTheSpireMod:Onyx Gauntlets"],"picked":"Cursed Key"},{"not_picked":["conspire:SlowCooker","ReplayTheSpireMod:DimensionalGlitch"],"picked":"hubris:RunicObelisk"},{"not_picked":["Replay:Drink Me","aspiration:SilentSkillbook"],"picked":"hubris:HollowSoul"}],"items_purged_floors":[],"is_endless":false,"potions_floor_spawned":[2,8,16,18,21,22,27,33,38,38,41,42,44],"killed_by":"Time Eater","ascension_level":1,"is_humility":true}}