{"host":"xjj3c712op3vq4z0","time":1613250950,"event":{"mods":["BaseMod","Challenge The Spire","Curses Come First","Highlight Path","Minty Spire (QoL Compilation)","Permanent Neow","Quick Restart","Relic Stats","StSLib","Weighted Paths"],"gold_per_floor":[360,380,400,419,15,47,47,47,126,126,143,174,174,186,186,260,260,273,284,9,27,44,44,44,44,44,44,69,88,88,121,121,198,198,212,267,30,30,40,66,81,114,114,114,139,165,180,208,208,208,208],"floor_reached":50,"language":"ENG","playtime":2950,"items_purged":["Strike_R","Strike_R"],"score":1420,"play_id":"7776e742-2ad1-48a1-8d20-75a6087306f1","local_time":"20210213221550","is_ascension_mode":true,"campfire_choices":[{"data":"Inflame","floor":8.0,"key":"SMITH"},{"floor":10.0,"key":"REST"},{"data":"Bash","floor":13.0,"key":"SMITH"},{"data":"Sword Boomerang","floor":15.0,"key":"SMITH"},{"data":"Uppercut","floor":23.0,"key":"SMITH"},{"data":"Feed","floor":25.0,"key":"SMITH"},{"data":"1","floor":30.0,"key":"LIFT"},{"data":"2","floor":32.0,"key":"LIFT"},{"floor":49,"key":"RECALL"}],"circlet_count":0,"master_deck":["AscendersBane","Strike_R","Strike_R","Strike_R","Defend_R","Defend_R","Defend_R","Defend_R","Bash+1","Sword Boomerang+1","Cleave","Inflame+1","Headbutt","Cleave","Armaments+1","Impervious+1","Headbutt","Reaper","Uppercut+1","Rage+1","Burning Pact+1","RitualDagger","Dual Wield+1","Impervious+1","Double Tap+1","Sword Boomerang","Shrug It Off+1","Master of Strategy+1","Shrug It Off+1","Spot Weakness+1","Deep Breath+1","Secret Technique+1","Finesse+1","Shockwave+1","Entrench+1","Parasite","Offering+1"],"relics":["Burning Blood","Incense Burner","Thread and Needle","Red Skull","Toxic Egg 2","Akabeko","Philosopher\u0027s Stone","Potion Belt","Girya","Blue Candle","SlaversCollar","Mango","Oddly Smooth Stone","Nunchaku","Dead Branch","Regal Pillow","The Courier"],"acts_visited":["Exordium","TheCity","TheBeyond"],"potions_floor_usage":[41,42,50,50,50,50],"damage_taken":[{"damage":14.0,"enemies":"Jaw Worm","floor":1.0,"turns":4.0},{"damage":6.0,"enemies":"Cultist","floor":2.0,"turns":3.0},{"damage":11.0,"enemies":"Small Slimes","floor":3.0,"turns":3.0},{"damage":18.0,"enemies":"Exordium Wildlife","floor":4.0,"turns":3.0},{"damage":30.0,"enemies":"3 Sentries","floor":6.0,"turns":6.0},{"damage":3.0,"enemies":"Large Slime","floor":11.0,"turns":3.0},{"damage":4.0,"enemies":"Gremlin Nob","floor":12.0,"turns":4.0},{"damage":0.0,"enemies":"2 Fungi Beasts","floor":14.0,"turns":2.0},{"damage":28.0,"enemies":"The Guardian","floor":16.0,"turns":9.0},{"damage":10.0,"enemies":"2 Thieves","floor":18.0,"turns":4.0},{"damage":0.0,"enemies":"Chosen","floor":19.0,"turns":3.0},{"damage":19.0,"enemies":"Snake Plant","floor":21.0,"turns":7.0},{"damage":23.0,"enemies":"Snecko","floor":22.0,"turns":6.0},{"damage":19.0,"enemies":"Gremlin Leader","floor":28.0,"turns":5.0},{"damage":9.0,"enemies":"Chosen and Byrds","floor":29.0,"turns":7.0},{"damage":1.0,"enemies":"Book of Stabbing","floor":31.0,"turns":5.0},{"damage":73.0,"enemies":"Collector","floor":33.0,"turns":8.0},{"damage":13.0,"enemies":"Orb Walker","floor":35.0,"turns":3.0},{"damage":75.0,"enemies":"2 Orb Walkers","floor":36.0,"turns":5.0},{"damage":11.0,"enemies":"3 Darklings","floor":39.0,"turns":3.0},{"damage":25.0,"enemies":"Nemesis","floor":40.0,"turns":5.0},{"damage":10,"enemies":"Spire Growth","floor":41,"turns":3},{"damage":5,"enemies":"Giant Head","floor":42,"turns":6},{"damage":2,"enemies":"Mind Bloom Boss Battle","floor":45,"turns":4},{"damage":0,"enemies":"Nemesis","floor":46,"turns":5},{"damage":19,"enemies":"Writhing Mass","floor":47,"turns":6},{"damage":3,"enemies":"Reptomancer","floor":48,"turns":4},{"damage":142,"enemies":"Time Eater","floor":50,"turns":11}],"seed_played":"-6572433408747350367","potions_obtained":[{"floor":2.0,"key":"BlessingOfTheForge"},{"floor":4.0,"key":"BlessingOfTheForge"},{"floor":12.0,"key":"Energy Potion"},{"floor":16.0,"key":"SteroidPotion"},{"floor":18.0,"key":"LiquidMemories"},{"floor":29.0,"key":"GamblersBrew"},{"floor":33.0,"key":"Weak Potion"},{"floor":36.0,"key":"FearPotion"},{"floor":40.0,"key":"Block Potion"},{"floor":42,"key":"BlessingOfTheForge"},{"floor":47,"key":"AttackPotion"},{"floor":48,"key":"SneckoOil"}],"is_trial":false,"path_per_floor":["M","M","M","M","$","E","?","R","T","R","M","E","R","M","R","B",null,"M","M","$","M","M","R","?","R","T","?","E","M","R","E","R","B",null,"M","?","$","?","M","E","M","E","T","?","?","E","M","E","R","B"],"character_chosen":"IRONCLAD","items_purchased":["Incense Burner","Feed","Rage+1","Shrug It Off+1","Master of Strategy+1"],"campfire_rested":1,"item_purchase_floors":[5,20,20,37,37],"current_hp_per_floor":[60,60,55,43,43,19,19,19,19,39,42,44,44,50,50,28,58,64,68,68,65,57,57,51,51,51,51,62,63,63,72,72,30,73,70,24,24,115,110,91,87,98,98,88,92,107,107,115,115,0,0],"gold":208,"neow_bonus":"TWO_FIFTY_GOLD","is_daily":false,"chose_seed":false,"campfire_upgraded":5,"win_rate":0.0,"timestamp":1613250950,"path_taken":["M","M","M","M","$","E","?","R","T","R","M","E","R","?","R","BOSS","M","M","$","M","M","R","?","R","T","?","E","M","R","E","R","BOSS","M","?","$","?","M","E","?","E","T","?","?","E","M","E","R","BOSS"],"items_purchased_type":["Relic","Card","Card","Card","Card"],"build_version":"2020-12-22","purchased_purges":2,"victory":false,"max_hp_per_floor":[68,68,68,68,68,68,68,68,68,68,68,68,68,68,68,68,68,68,68,68,71,75,75,75,75,75,75,75,79,79,83,83,87,87,91,105,105,115,115,115,115,115,115,115,115,115,115,115,115,115,115],"relic_stats":{"Nunchaku":[7],"Regal Pillow":0,"counters":[28,137],"Blue Candle":[1],"Dead Branch":[29],"obtain_stats":[{"Potion Belt":26,"Girya":28,"Regal Pillow":46,"Blue Candle":31,"Dead Branch":45,"Oddly Smooth Stone":40,"Thread and Needle":6,"Mango":36,"The Courier":48,"Incense Burner":5,"Burning Blood":0,"Akabeko":12,"SlaversCollar":34,"Nunchaku":42,"Philosopher\u0027s Stone":17,"Toxic Egg 2":9,"Red Skull":7},{"Potion Belt":13,"Girya":14,"Regal Pillow":25,"Blue Candle":16,"Dead Branch":24,"Oddly Smooth Stone":21,"Thread and Needle":5,"Mango":19,"The Courier":27,"Incense Burner":4,"Burning Blood":0,"Akabeko":7,"SlaversCollar":17,"Nunchaku":23,"Philosopher\u0027s Stone":9,"Toxic Egg 2":5,"Red Skull":5},{"Potion Belt":57,"Girya":62,"Regal Pillow":116,"Blue Candle":74,"Dead Branch":111,"Oddly Smooth Stone":98,"Thread and Needle":19,"Mango":90,"The Courier":126,"Incense Burner":13,"Burning Blood":0,"Akabeko":26,"SlaversCollar":82,"Nunchaku":107,"Philosopher\u0027s Stone":37,"Toxic Egg 2":19,"Red Skull":19}],"Burning Blood":157},"card_choices":[{"not_picked":["Iron Wave","Infernal Blade"],"picked":"Sword Boomerang","floor":1.0},{"not_picked":["Sever Soul","Sword Boomerang"],"picked":"Cleave","floor":2.0},{"not_picked":["Iron Wave","Cleave"],"picked":"Inflame","floor":3.0},{"not_picked":["Burning Pact","Exhume"],"picked":"Headbutt","floor":4.0},{"not_picked":["Power Through","Fire Breathing"],"picked":"Cleave","floor":6.0},{"not_picked":["Shrug It Off+1","Thunderclap"],"picked":"Armaments+1","floor":11.0},{"not_picked":["Shrug It Off+1","Pommel Strike"],"picked":"Impervious+1","floor":12.0},{"not_picked":["Searing Blow","Combust"],"picked":"Headbutt","floor":14.0},{"not_picked":["Double Tap+1","Fiend Fire"],"picked":"Reaper","floor":16.0},{"not_picked":["Iron Wave","Armaments+1","Wild Strike"],"picked":"SKIP","floor":18.0},{"not_picked":["Rage+1","Carnage"],"picked":"Uppercut","floor":19.0},{"not_picked":["Uppercut","True Grit+1"],"picked":"Burning Pact+1","floor":21.0},{"not_picked":["Anger","Burning Pact+1","Evolve"],"picked":"SKIP","floor":22.0},{"not_picked":["Second Wind+1","Thunderclap"],"picked":"Dual Wield+1","floor":28.0},{"not_picked":["Twin Strike","Burning Pact+1"],"picked":"Impervious+1","floor":29.0},{"not_picked":["Armaments+1","Juggernaut","Flex+1"],"picked":"SKIP","floor":31.0},{"not_picked":["Fiend Fire","Berserk"],"picked":"Double Tap+1","floor":33.0},{"not_picked":["Infernal Blade+1","Wild Strike+1"],"picked":"Sword Boomerang","floor":35.0},{"not_picked":["Clothesline","Wild Strike","Havoc+1"],"picked":"SKIP","floor":39.0},{"not_picked":["Corruption","Carnage","Perfected Strike"],"picked":"SKIP","floor":40.0},{"not_picked":["Perfected Strike","Wild Strike"],"picked":"Shrug It Off+1","floor":41},{"not_picked":["Burning Pact+1","Disarm+1"],"picked":"Spot Weakness+1","floor":42},{"not_picked":["Dark Shackles+1","Discovery+1"],"picked":"Deep Breath+1","floor":44},{"not_picked":["Secret Weapon+1","Panacea+1"],"picked":"Secret Technique+1","floor":44},{"not_picked":["Madness+1","Enlightenment+1"],"picked":"Finesse+1","floor":44},{"not_picked":["Flex+1","Havoc+1"],"picked":"Shockwave+1","floor":45},{"not_picked":["Intimidate+1","Flex+1"],"picked":"Entrench+1","floor":46},{"not_picked":["True Grit+1","Ghostly Armor+1","Dual Wield+1"],"picked":"SKIP","floor":47},{"not_picked":["Body Slam","Feel No Pain"],"picked":"Offering+1","floor":48}],"player_experience":640775,"relics_obtained":[{"floor":6.0,"key":"Thread and Needle"},{"floor":9.0,"key":"Toxic Egg 2"},{"floor":12.0,"key":"Akabeko"},{"floor":26.0,"key":"Potion Belt"},{"floor":28.0,"key":"Girya"},{"floor":31.0,"key":"Blue Candle"},{"floor":36.0,"key":"Mango"},{"floor":40.0,"key":"Oddly Smooth Stone"},{"floor":42,"key":"Nunchaku"},{"floor":45,"key":"Dead Branch"},{"floor":46,"key":"Regal Pillow"},{"floor":48,"key":"The Courier"}],"event_choices":[{"damage_healed":0.0,"max_hp_gain":0.0,"max_hp_loss":0.0,"gold_gain":0.0,"event_name":"WeMeetAgain","player_choice":"Gave Potion","floor":7.0,"gold_loss":0.0,"damage_taken":0.0,"relics_obtained":["Red Skull"]},{"damage_healed":0.0,"max_hp_gain":0.0,"max_hp_loss":0.0,"gold_gain":0.0,"event_name":"Nest","player_choice":"Joined the Cult","floor":24.0,"gold_loss":0.0,"damage_taken":6.0,"cards_obtained":["RitualDagger"]},{"damage_healed":0.0,"max_hp_gain":0.0,"max_hp_loss":0.0,"gold_gain":0.0,"event_name":"Mysterious Sphere","player_choice":"Fight","floor":36.0,"gold_loss":0.0,"damage_taken":0.0},{"cards_removed":["Feed"],"damage_healed":81.0,"max_hp_gain":10.0,"max_hp_loss":0.0,"gold_gain":0.0,"event_name":"Bonfire Elementals","player_choice":"Offered Rare","floor":38.0,"gold_loss":0.0,"damage_taken":0.0},{"damage_healed":0,"gold_gain":0,"player_choice":"Memory 3","damage_taken":10,"max_hp_gain":0,"max_hp_loss":0,"event_name":"SensoryStone","floor":44,"gold_loss":0},{"damage_healed":0,"gold_gain":0,"player_choice":"Fight","damage_taken":0,"max_hp_gain":0,"max_hp_loss":0,"event_name":"MindBloom","floor":45,"gold_loss":0}],"is_beta":false,"boss_relics":[{"not_picked":["Snecko Eye","Runic Cube"],"picked":"Philosopher\u0027s Stone"},{"not_picked":["Pandora\u0027s Box","Runic Dome"],"picked":"SlaversCollar"}],"items_purged_floors":[5,20],"is_endless":false,"potions_floor_spawned":[2,4,12,16,18,29,33,36,40,42,47,48],"killed_by":"Time Eater","ascension_level":20}}