{"host":"c3lc60y5x60jlt1y","time":1613232647,"event":{"mods":["AchievementEnabler","BaseMod","Bestiary","Colored Map","Minty Spire (QoL Compilation)","Quick Restart","StSLib","ojb\u0027s Info Mod"],"gold_per_floor":[110,75,93,113,30,30,55,65,65,81,113,113,113,137,137,137,137],"floor_reached":16,"language":"ENG","playtime":1199,"items_purged":[],"score":224,"play_id":"43b93b4a-2329-457d-b14c-a9816e00097b","local_time":"20210213181047","is_ascension_mode":true,"campfire_choices":[{"data":"Streamline","floor":6,"key":"SMITH"},{"floor":12,"key":"REST"},{"data":"Undo","floor":15,"key":"SMITH"}],"circlet_count":0,"master_deck":["AscendersBane","Strike_B","Strike_B","Strike_B","Strike_B","Defend_B","Defend_B","Defend_B","Defend_B","Zap","Dualcast","Biased Cognition","Leap","Streamline+1","Compile Driver","Undo+1","Consume","Chill","Blizzard","Cold Snap"],"relics":["Cracked Core","Ancient Tea Set","Question Card","Shuriken","Golden Idol"],"acts_visited":["Exordium"],"potions_floor_usage":[7,11,16,16],"damage_taken":[{"damage":10,"enemies":"Small Slimes","floor":1,"turns":3},{"damage":5,"enemies":"2 Louse","floor":3,"turns":2},{"damage":0,"enemies":"Cultist","floor":4,"turns":4},{"damage":8,"enemies":"Gremlin Nob","floor":7,"turns":3},{"damage":9,"enemies":"Large Slime","floor":8,"turns":6},{"damage":33,"enemies":"Exordium Thugs","floor":10,"turns":5},{"damage":10,"enemies":"Lagavulin","floor":11,"turns":9},{"damage":0,"enemies":"Exordium Wildlife","floor":14,"turns":3},{"damage":31,"enemies":"Slime Boss","floor":16,"turns":5}],"seed_played":"-6016835944671638103","potions_obtained":[{"floor":4,"key":"FearPotion"},{"floor":8,"key":"GamblersBrew"},{"floor":10,"key":"Strength Potion"},{"floor":11,"key":"SkillPotion"}],"is_trial":false,"path_per_floor":["M","?","M","M","$","R","E","M","T","M","E","R","?","M","R","B"],"character_chosen":"DEFECT","items_purchased":["Undo"],"campfire_rested":1,"item_purchase_floors":[5],"current_hp_per_floor":[54,71,66,66,66,66,58,49,49,16,6,27,27,27,27,0,0],"gold":137,"neow_bonus":"ONE_RANDOM_RARE_CARD","is_daily":false,"chose_seed":false,"campfire_upgraded":2,"win_rate":0.0,"timestamp":1613232647,"path_taken":["M","?","M","M","$","R","E","M","T","M","E","R","?","M","R","BOSS"],"items_purchased_type":["Card"],"build_version":"2020-12-22","purchased_purges":0,"victory":false,"max_hp_per_floor":[71,71,71,71,71,71,71,71,71,71,71,71,64,64,64,64,64],"card_choices":[{"not_picked":["Compile Driver","Melter"],"picked":"Leap","floor":1},{"not_picked":["Chill","Coolheaded"],"picked":"Streamline","floor":3},{"not_picked":["Coolheaded","Gash"],"picked":"Compile Driver","floor":4},{"not_picked":["Compile Driver","Biased Cognition"],"picked":"Consume","floor":7},{"not_picked":["Gash","Conserve Battery","Streamline"],"picked":"SKIP","floor":8},{"not_picked":["Heatsinks","Stack","Gash"],"picked":"Chill","floor":10},{"not_picked":["Beam Cell","Scrape","Turbo"],"picked":"Blizzard","floor":11},{"not_picked":["Conserve Battery","Hologram","Consume"],"picked":"Cold Snap","floor":14}],"player_experience":9256873,"relics_obtained":[{"floor":7,"key":"Ancient Tea Set"},{"floor":9,"key":"Question Card"},{"floor":11,"key":"Shuriken"}],"event_choices":[{"damage_healed":17,"gold_gain":0,"player_choice":"Healed","damage_taken":0,"max_hp_gain":0,"max_hp_loss":0,"event_name":"The Cleric","floor":2,"gold_loss":35},{"damage_healed":0,"gold_gain":0,"player_choice":"Lose Max HP","damage_taken":0,"relics_obtained":["Golden Idol"],"max_hp_gain":0,"max_hp_loss":7,"event_name":"Golden Idol","floor":13,"gold_loss":0}],"is_beta":false,"boss_relics":[],"items_purged_floors":[],"is_endless":false,"potions_floor_spawned":[4,8,10,11],"killed_by":"Slime Boss","ascension_level":20}}