{"host":"nx6ib2o6hmd449ys","time":1613203896,"event":{"mods":["100% Spire Juice","2.2 Compatiblity","Act Like it!","Arknights The Spire","Aspiration","BaseMod","BetterRewards","CCEM","Challenge The Spire","Clockwork Mod","Colorless Booster Pack","Conjunction","Conspire","Dota2Spire","Downfall","Energized Spire","Fox Events","Friendly Minions","Gensokyo","GifTheSpireLib","GungeonMod","Halation","Hermit","HornydragonMod","Hubris","Infinite Spire","Jedi Mod","Luminous","Marisa????????","Minty Spire (QoL Compilation)","MostiFishMod","Pale of the Ancients","Quick Restart","RRrroohrrRGHHhhh!!","Rare Cards Sparkle","RatMod","Reliquary","Remilia??????","Replay The Spire","Retaliation","RumiaBox-????????","Shop Mod","Slay the StarCraft II Mod","Small Relic Pack","Spicy Shops","Spikes Relics","Spire Arcade","StS++","StSLib","Stuff the Spire","SuperFastMode","TestMod","The Administrix","The Bladedancer","The Blue Laboratory","The Exalted","The Factory","The Jungle","Wandering Minibosses","Wide Potions","Yuyuko","[IsaacMod]????","noobMod","sanctuary","vexMod","??????REMEMod"],"gold_per_floor":[114,125,125,93,110,138,10,38,38,38,38,38,38,38,65,65,65,65,65,65,65,65,65,65,65,65,84,84,84,99,115,125,140,161,161,172,175,175],"floor_reached":37,"language":"ENG","playtime":1492,"items_purged":[],"score":968,"play_id":"417c0cc1-2369-419f-babb-89d6044cf449","local_time":"20210213091136","is_ascension_mode":true,"campfire_choices":[{"data":"expansioncontent:DashGenerateEvil","floor":10,"key":"SMITH"},{"data":"Poisoned Stab","floor":13,"key":"SMITH"},{"data":"Poisoned Stab","floor":29,"key":"SMITH"},{"data":"infinitespire:Neurotoxin","floor":35,"key":"SMITH"}],"circlet_count":0,"master_deck":["AscendersBane","Strike_G","Strike_G","Strike_G","Strike_G","Strike_G","Defend_G","Defend_G","Defend_G","Defend_G","Defend_G","Survivor","Neutralize","EpicFetus","expansioncontent:DashGenerateEvil+1","rat:SiphonSilver","Backstab","rat:FanOfKnives","Poisoned Stab+1","Infinite Blades","jedi:pocketpoison","infinitespire:Neurotoxin+1","jedi:pocketpoison","MostiFishMod:WinterMarkForm","rat:EchoingStrikes+1","rorgmod:Slice","Deadly Poison","Poisoned Stab+1","Adrenaline"],"relics":["Ring of the Snake","testmod-TestBox","ice","HushsDoor","DaveBox","REME_ComplimentaryCards","SteamSale","testmod-Charity","ExusiaiGun","halation:PromiseList","MagicDraw3","The Specimen","vexMod:Spyglass","infinitespire:Midas Blood","SynthV:TestCard","hubris:Towel","infinitespire:ShieldingShard","TheBattery","Blood Vial","Shuriken","Replay:WaspNest","jedi:ominousloannote","reliquary:TridentHead","jedi:archwizardhat","reliquary:RedCape","Damocles","DemoMod:MonsterBlood","StuffTheSpire:HeavyRock","BelialBook","testmod-Fanaticism","DemoMod:LamentConfigurum","hubris:Icosahedron","SpikesRelics:DaevaFist","Void","REME_PuzzleBoxRelic","jedi:crownofsimplicity","GodSword4","Sanctuary:MetalUpa","DeadEye","StSpp:PetrifiedCaterpillar","TuHaoJin"],"acts_visited":["Exordium","TheCity","TheCity"],"potions_floor_usage":[37],"damage_taken":[{"damage":0,"enemies":"Gensokyo:Python","floor":1,"turns":1},{"damage":0,"enemies":"Gensokyo:Gryphon","floor":2,"turns":1},{"damage":0,"enemies":"Gensokyo:2_Kodama","floor":5,"turns":2},{"damage":0,"enemies":"Gensokyo:Cirno","floor":6,"turns":5},{"damage":0,"enemies":"Gensokyo:Aya","floor":8,"turns":2},{"damage":0,"enemies":"Gensokyo:2_Rabbits","floor":16,"turns":1},{"damage":0,"enemies":"Gensokyo:Reimu","floor":18,"turns":2},{"damage":0,"enemies":"2 Thieves","floor":20,"turns":1},{"damage":0,"enemies":"Spheric Guardian","floor":21,"turns":1},{"damage":0,"enemies":"Snecko","floor":23,"turns":1},{"damage":0,"enemies":"conspire:Head Lice","floor":25,"turns":1},{"damage":0,"enemies":"Gremlin Leader","floor":27,"turns":1},{"damage":0,"enemies":"DemoMod:Red_and_blue_shotgun_kin","floor":30,"turns":1},{"damage":0,"enemies":"DemoMod:Veteran_shot_gun_kin_and_bullet_kin","floor":31,"turns":1},{"damage":0,"enemies":"DemoMod:Veteran_shot_gun_kin_and_blue_shotgun_kin","floor":32,"turns":1},{"damage":0,"enemies":"DemoMod:Veteran_shot_gun_kin_and_blue_shotgun_kin_with_gunsinger","floor":33,"turns":1},{"damage":0,"enemies":"DemoMod:Red_and_blue_shotgun_kin_with_gunsinger","floor":34,"turns":1},{"damage":0,"enemies":"DemoMod:ResourcefulRat","floor":37,"turns":4}],"seed_played":"-1693874238248010818","potions_obtained":[{"floor":1,"key":"Adrenaline Potion"},{"floor":6,"key":"PowerPotion"}],"is_trial":false,"path_per_floor":["M","M","?","COS","M","E","$","E","T","R","PTL","PTL","R","$","$","M","R","B",null,"M","M","AVR","M","?","E","?","E","T","R","M","M","M","M","M","R","B","B"],"character_chosen":"THE_SILENT","items_purchased":["halation:PromiseList","MagicDraw3","DemoMod:GnawedKey","vexMod:Spyglass","infinitespire:Midas Blood","TheBattery","Blood Vial","jedi:ominousloannote","reliquary:TridentHead","jedi:archwizardhat","infinitespire:Neurotoxin","Damocles"],"campfire_rested":0,"item_purchase_floors":[0,0,0,0,0,7,7,15,15,15,15,19],"current_hp_per_floor":[29,30,30,30,31,33,33,36,36,36,36,36,36,36,37,39,39,41,58,67,69,69,70,70,70,70,71,71,71,72,73,74,75,77,77,78,0,0],"gold":175,"neow_bonus":"","is_daily":false,"chose_seed":false,"campfire_upgraded":4,"win_rate":0.0,"timestamp":1613203896,"path_taken":["M","M","?","COS","M","E","?","E","T","R","PTL","PTL","R","?","$","M","R","BOSS","M","?","AVR","?","?","E","?","E","T","R","M","M","M","M","M","R","BOSS","BOSS"],"items_purchased_type":["Relic","Relic","Relic","Relic","Relic","Relic","Relic","Relic","Relic","Relic","Card","Relic"],"build_version":"2020-12-13","purchased_purges":0,"victory":false,"max_hp_per_floor":[67,68,68,68,69,71,71,72,72,72,72,72,72,72,73,73,73,73,63,70,70,70,70,70,70,70,71,71,71,72,73,74,75,77,77,78,81,81],"card_choices":[{"not_picked":[],"picked":"EpicFetus","floor":0},{"not_picked":["REME_ShadowStrike","rorgmod:Wraith Form"],"picked":"Backstab","floor":1},{"not_picked":["Sucker Punch","Distraction","rorgmod:Accuracy","StuffTheSpire:Python"],"picked":"rat:FanOfKnives","floor":2},{"not_picked":["rat:Garrote","Sucker Punch","StSpp:ChainedTrap","jedi:collectorvenom"],"picked":"Poisoned Stab","floor":5},{"not_picked":["rat:MimicPod","jedi:collectorvenom","StuffTheSpire:ClusterCrunch","Hidden Blade"],"picked":"Infinite Blades","floor":6},{"not_picked":["Dagger Throw","Blade Dance","StSpp:PoisonousPunch","Deflect"],"picked":"jedi:pocketpoison","floor":8},{"not_picked":["StuffTheSpire:BumpUp","StSpp:PoisonousPunch","StuffTheSpire:Repulse","Skewer"],"picked":"jedi:pocketpoison","floor":16},{"not_picked":["MostiFishMod:Dislodge","MostiFishMod:Neurotoxin","Atom Bomb","Night Terror"],"picked":"MostiFishMod:WinterMarkForm","floor":18},{"not_picked":["jedi:unstablefumes","Fluid Movement","StSpp:CorrosivePoison","jedi:pocketpoison"],"picked":"rat:EchoingStrikes+1","floor":20},{"not_picked":["Malaise","Hidden Blade","StuffTheSpire:Repulse","Blade Dance"],"picked":"rorgmod:Slice","floor":21},{"not_picked":["rat:ArgentInfusion","Bane","MostiFishMod:InvigoratingSolution","Distraction+1","conspire:DoublingDagger"],"picked":"SKIP","floor":23},{"not_picked":["MostiFishMod:VineMother+1","Flying Knee","Deflect","MostiFishMod:Neurotoxin"],"picked":"Deadly Poison","floor":25},{"not_picked":["rat:SilverDagger","PiercingWail","rorgmod:Prepared","StSpp:FiercePoison"],"picked":"Poisoned Stab","floor":27},{"not_picked":["Deflect","ReplayTheSpireMod:Speed Training","rat:Shadowstep+1","Masterful Stab","hubris:Counter+1"],"picked":"SKIP","floor":30},{"not_picked":["StuffTheSpire:Python","Cloak And Dagger+1","StSpp:ChainedTrap","rat:Sprint+1","rorgmod:Tendon Slice"],"picked":"SKIP","floor":31},{"not_picked":["All Out Attack+1","Outmaneuver+1","Calculated Gamble+1","Choke+1","Cloak And Dagger+1"],"picked":"SKIP","floor":32},{"not_picked":["StSpp:PoisonousPunch","Dodge and Roll","Dagger Throw","rat:Dispatch","ReplayTheSpireMod:Speed Training"],"picked":"SKIP","floor":33},{"not_picked":["Flying Knee","StSpp:Lure","Quick Slash","MostiFishMod:PerfectParry"],"picked":"Adrenaline","floor":34}],"player_experience":394156,"relics_obtained":[{"floor":1,"key":"SynthV:TestCard"},{"floor":6,"key":"infinitespire:ShieldingShard"},{"floor":8,"key":"Shuriken"},{"floor":9,"key":"Replay:WaspNest"},{"floor":20,"key":"DemoMod:MonsterBlood"},{"floor":21,"key":"StuffTheSpire:HeavyRock"},{"floor":23,"key":"DemoMod:LamentConfigurum"},{"floor":25,"key":"SpikesRelics:DaevaFist"},{"floor":25,"key":"Void"},{"floor":27,"key":"REME_PuzzleBoxRelic"},{"floor":27,"key":"jedi:crownofsimplicity"},{"floor":30,"key":"GodSword4"},{"floor":31,"key":"Sanctuary:MetalUpa"},{"floor":32,"key":"DeadEye"},{"floor":33,"key":"StSpp:PetrifiedCaterpillar"},{"floor":34,"key":"TuHaoJin"}],"event_choices":[],"is_beta":false,"boss_relics":[{"not_picked":["StSpp:PileOfSugar","testmod-HarvestTotem"],"picked":"reliquary:RedCape"},{"not_picked":[]}],"items_purged_floors":[],"is_endless":false,"potions_floor_spawned":[1,6,16,20,23,25,27,32,34],"killed_by":"DemoMod:ResourcefulRat","ascension_level":20}}