{"host":"6p0attdrtjqaih7v","time":1613250692,"event":{"mods":["2.2 Compatiblity","AchievementEnabler","Bard","BaseMod","Better Skull","Better Third Choice","Card Filter","Colored Powertips","Hermit","Highlight Path","Hubris","Key Reminder","Minty Spire (QoL Compilation)","Permanent Neow","Quick Restart","Random Character Button","Relic Filter","Relic Stats","Reliquary","Replay The Spire","Robot Space Explorer","StSLib","The Hayseed","The Witch"],"gold_per_floor":[118,135,51,63,63,63,63,97,97,97,97],"floor_reached":10,"language":"ENG","playtime":372,"items_purged":[],"score":132,"play_id":"3c1bd5ea-a459-4fed-8681-76a48c1eae91","local_time":"20210213161132","is_ascension_mode":true,"campfire_choices":[{"data":"Uppercut","floor":6,"key":"SMITH"}],"circlet_count":0,"master_deck":["AscendersBane","Strike_R","Strike_R","Strike_R","Strike_R","Strike_R","Defend_R","Defend_R","Defend_R","Defend_R","Bash+1","True Grit+1","Uppercut+1","ReplayTheSpireMod:Limb From Limb","Havoc"],"relics":["Burning Blood","Pantograph","reliquary:BallBearing"],"acts_visited":["Exordium"],"potions_floor_usage":[8,10],"damage_taken":[{"damage":6,"enemies":"Cultist","floor":1,"turns":3},{"damage":0,"enemies":"2 Louse","floor":2,"turns":4},{"damage":8,"enemies":"Small Slimes","floor":4,"turns":4},{"damage":69,"enemies":"3 Sentries","floor":8,"turns":15},{"damage":26,"enemies":"Lagavulin","floor":10,"turns":5}],"seed_played":"-1738810464153327312","potions_obtained":[{"floor":4,"key":"GamblersBrew"},{"floor":8,"key":"Strength Potion"}],"is_trial":false,"path_per_floor":["M","M","$","M","?","R","?","E","T","E"],"character_chosen":"IRONCLAD","items_purchased":["Uppercut"],"campfire_rested":0,"item_purchase_floors":[3],"current_hp_per_floor":[68,74,74,72,77,77,77,14,14,0,0],"gold":97,"neow_bonus":"UPGRADE_CARD","is_daily":false,"chose_seed":false,"campfire_upgraded":1,"win_rate":0.0,"timestamp":1613250692,"path_taken":["M","?","$","M","?","R","?","E","T","E"],"items_purchased_type":["Card"],"build_version":"2020-12-22","purchased_purges":0,"victory":false,"max_hp_per_floor":[75,75,75,75,80,80,80,80,80,80,80],"relic_stats":{"counters":[5,31],"Pantograph":0,"obtain_stats":[{"Pantograph":8,"reliquary:BallBearing":9,"Burning Blood":0},{"Pantograph":4,"reliquary:BallBearing":4,"Burning Blood":0},{"Pantograph":26,"reliquary:BallBearing":26,"Burning Blood":0}],"Burning Blood":24},"card_choices":[{"not_picked":["Sword Boomerang","Havoc"],"picked":"True Grit","floor":1},{"not_picked":["Armaments","Reckless Charge","Perfected Strike"],"picked":"SKIP","floor":2},{"not_picked":["Flame Barrier","Perfected Strike"],"picked":"ReplayTheSpireMod:Limb From Limb","floor":4},{"not_picked":["Dual Wield","Headbutt"],"picked":"Havoc","floor":8}],"player_experience":1130435,"relics_obtained":[{"floor":8,"key":"Pantograph"},{"floor":9,"key":"reliquary:BallBearing"}],"event_choices":[{"damage_healed":0,"gold_gain":0,"player_choice":"Donut","damage_taken":0,"max_hp_gain":5,"max_hp_loss":0,"event_name":"Big Fish","floor":5,"gold_loss":0}],"is_beta":false,"boss_relics":[],"items_purged_floors":[],"is_endless":false,"potions_floor_spawned":[4,8],"killed_by":"Lagavulin","ascension_level":20}}