{"host":"z3qs3l37sjzyczji","time":1613230827,"event":{"mods":["AchievementEnabler","BaseMod","Colored Map","Colored Powertips","Keyboard Shortcuts","Minty Spire (QoL Compilation)","Relic Stats","SuperFastMode"],"gold_per_floor":[114,131,131,131,16,16,55,74,74,98,112,182,182,217,217,343,343,363,382,45,45,66,97,117,160,160,160,22,55,30,68,68,196,196,209,209,230,42,60,91,135,135,160,460,484,152,152,176,176,176,176,176,18,52,52],"floor_reached":56,"language":"ENG","playtime":3865,"items_purged":["Strike_B","Strike_B","Defend_B","Defend_B","Zap"],"score":1503,"play_id":"3d4eced4-e8fe-48bd-9f8d-6fb61a68b214","local_time":"20210213154027","is_ascension_mode":true,"campfire_choices":[{"data":"Lockon","floor":6.0,"key":"SMITH"},{"data":"Fission","floor":13.0,"key":"SMITH"},{"data":"Redo","floor":15.0,"key":"SMITH"},{"data":"Darkness","floor":27.0,"key":"SMITH"},{"data":"Hologram","floor":32.0,"key":"SMITH"},{"data":"Dualcast","floor":42.0,"key":"SMITH"},{"floor":49.0,"key":"RECALL"},{"data":"Echo Form","floor":52.0,"key":"SMITH"}],"circlet_count":0,"master_deck":["Defend_B+1","Dualcast+1","Darkness+1","Cold Snap","Lockon+1","Conserve Battery","Redo+1","Coolheaded","Fission+1","Core Surge","Rainbow","Darkness+1","Hologram+1","Echo Form+1","Doom and Gloom+1","Auto Shields+1","Glacier+1","Steam+1","Master of Strategy+1","Undo+1","Consume+1"],"relics":["Empty Cage","Golden Idol","Bird Faced Urn","Lizard Tail","Pantograph","Blood Vial","Busted Crown","Membership Card","Anchor","White Beast Statue","WingedGreaves","Potion Belt","Toxic Egg 2","SacredBark","Strawberry","Mummified Hand","Frozen Egg 2","Boot","Bronze Scales","Centennial Puzzle","Darkstone Periapt","Bottled Tornado","Thread and Needle"],"acts_visited":["Exordium","TheCity","TheBeyond","TheEnding"],"potions_floor_usage":[55,55,55,55,55],"damage_taken":[{"damage":0.0,"enemies":"Small Slimes","floor":1.0,"turns":3.0},{"damage":7.0,"enemies":"Jaw Worm","floor":2.0,"turns":3.0},{"damage":5.0,"enemies":"Lagavulin","floor":7.0,"turns":4.0},{"damage":0.0,"enemies":"2 Louse","floor":8.0,"turns":2.0},{"damage":6.0,"enemies":"Exordium Wildlife","floor":10.0,"turns":2.0},{"damage":0.0,"enemies":"2 Fungi Beasts","floor":11.0,"turns":2.0},{"damage":14.0,"enemies":"3 Sentries","floor":12.0,"turns":9.0},{"damage":14.0,"enemies":"3 Sentries","floor":14.0,"turns":8.0},{"damage":9.0,"enemies":"Hexaghost","floor":16.0,"turns":5.0},{"damage":19.0,"enemies":"2 Thieves","floor":18.0,"turns":3.0},{"damage":7.0,"enemies":"3 Byrds","floor":19.0,"turns":5.0},{"damage":3.0,"enemies":"Snecko","floor":22.0,"turns":4.0},{"damage":12.0,"enemies":"Book of Stabbing","floor":23.0,"turns":4.0},{"damage":5.0,"enemies":"Cultist and Chosen","floor":24.0,"turns":4.0},{"damage":0.0,"enemies":"Gremlin Leader","floor":25.0,"turns":7.0},{"damage":17.0,"enemies":"Slavers","floor":29.0,"turns":3.0},{"damage":3.0,"enemies":"Book of Stabbing","floor":31.0,"turns":3.0},{"damage":0.0,"enemies":"Champ","floor":33.0,"turns":6.0},{"damage":4.0,"enemies":"3 Darklings","floor":35.0,"turns":5.0},{"damage":4.0,"enemies":"Orb Walker","floor":37.0,"turns":3.0},{"damage":2.0,"enemies":"4 Shapes","floor":39.0,"turns":4.0},{"damage":19.0,"enemies":"Reptomancer","floor":40.0,"turns":4.0},{"damage":22.0,"enemies":"Nemesis","floor":41.0,"turns":7.0},{"damage":10.0,"enemies":"3 Darklings","floor":45.0,"turns":4.0},{"damage":16.0,"enemies":"Jaw Worm Horde","floor":48.0,"turns":4.0},{"damage":34.0,"enemies":"Donu and Deca","floor":50.0,"turns":9.0},{"damage":33.0,"enemies":"Shield and Spear","floor":54.0,"turns":7.0},{"damage":39,"enemies":"The Heart","floor":55,"turns":7}],"seed_played":"-2017983342304460649","potions_obtained":[{"floor":1.0,"key":"SpeedPotion"},{"floor":11.0,"key":"EntropicBrew"},{"floor":12.0,"key":"Swift Potion"},{"floor":14.0,"key":"DuplicationPotion"},{"floor":18.0,"key":"DuplicationPotion"},{"floor":19.0,"key":"Fire Potion"},{"floor":25.0,"key":"PowerPotion"},{"floor":29.0,"key":"Weak Potion"},{"floor":31.0,"key":"ColorlessPotion"},{"floor":33.0,"key":"Explosive Potion"},{"floor":35.0,"key":"Strength Potion"},{"floor":37.0,"key":"Swift Potion"},{"floor":39.0,"key":"Swift Potion"},{"floor":40.0,"key":"SmokeBomb"},{"floor":41.0,"key":"Swift Potion"},{"floor":45.0,"key":"Energy Potion"},{"floor":48.0,"key":"Weak Potion"},{"floor":54.0,"key":"DuplicationPotion"}],"is_trial":false,"path_per_floor":["M","M","?","?","$","R","E","M","T","M","M","?","R","E","R","B",null,"M","M","$","?","M","E","M","E","T","R","$","E","$","E","R","B",null,"M","?","M","$","M","E","E","R","T","?","M","$","T","M","R","B",null,"R","$","E","B",null],"character_chosen":"DEFECT","items_purchased":["Lockon","Membership Card","Darkness","Anchor","Hologram","Echo Form","Dexterity Potion","Auto Shields+1","Strawberry","Bronze Scales","Centennial Puzzle","Master of Strategy+1","Bottled Tornado","Undo+1"],"campfire_rested":0,"item_purchase_floors":[5,20,20,20,20,28,30,38,38,46,46,46,53,53],"current_hp_per_floor":[75,68,68,54,54,54,49,49,49,43,43,29,29,15,15,33,69,50,45,45,45,44,34,31,33,33,33,33,20,20,21,21,54,69,65,65,63,70,70,55,37,37,37,37,29,29,29,17,17,12,76,76,76,43,35],"gold":52,"neow_bonus":"BOSS_RELIC","is_daily":false,"chose_seed":false,"campfire_upgraded":7,"win_rate":0.0,"timestamp":1613230827,"path_taken":["M","M","?","?","?","R","E","M","T","?","M","?","R","E","R","BOSS","M","M","$","?","M","E","M","E","T","R","$","E","$","E","R","BOSS","M","?","M","$","M","E","E","R","T","?","?","$","?","M","R","BOSS","R","$","E","BOSS"],"items_purchased_type":["Card","Relic","Card","Relic","Card","Card","Potion","Card","Relic","Relic","Relic","Card","Relic","Card"],"build_version":"2020-12-22","purchased_purges":5,"victory":true,"max_hp_per_floor":[75,75,69,69,69,69,69,69,69,69,69,69,69,69,69,69,69,69,69,69,69,69,69,69,69,69,69,69,69,69,69,69,69,69,69,69,69,76,76,76,76,76,76,76,76,76,76,76,76,76,76,76,76,76,76],"relic_stats":{"Darkstone Periapt":0,"counters":[28,131],"Golden Idol":243,"Boot":[6],"Blood Vial":34,"Lizard Tail":0,"Centennial Puzzle":[12],"Busted Crown":38,"Mummified Hand":[8],"Bird Faced Urn":[22],"Pantograph":100,"Bronze Scales":[141],"obtain_stats":[{"Potion Belt":29,"Darkstone Periapt":47,"Golden Idol":3,"SacredBark":34,"Thread and Needle":54,"Frozen Egg 2":41,"Bottled Tornado":53,"Empty Cage":0,"Boot":43,"White Beast Statue":23,"Blood Vial":14,"Lizard Tail":9,"Anchor":20,"Centennial Puzzle":46,"Busted Crown":17,"Mummified Hand":40,"Bird Faced Urn":7,"Pantograph":12,"Strawberry":38,"Bronze Scales":46,"WingedGreaves":25,"Membership Card":20,"Toxic Egg 2":31,"Cracked Core":0},{"Potion Belt":16,"Darkstone Periapt":24,"Golden Idol":2,"SacredBark":18,"Thread and Needle":27,"Frozen Egg 2":23,"Bottled Tornado":26,"Empty Cage":0,"Boot":23,"White Beast Statue":13,"Blood Vial":8,"Lizard Tail":4,"Anchor":11,"Centennial Puzzle":24,"Busted Crown":9,"Mummified Hand":22,"Bird Faced Urn":3,"Pantograph":7,"Strawberry":20,"Bronze Scales":24,"WingedGreaves":15,"Membership Card":11,"Toxic Egg 2":17,"Cracked Core":0},{"Potion Belt":68,"Darkstone Periapt":104,"Golden Idol":6,"SacredBark":77,"Thread and Needle":124,"Frozen Egg 2":100,"Bottled Tornado":117,"Empty Cage":0,"Boot":100,"White Beast Statue":54,"Blood Vial":33,"Lizard Tail":12,"Anchor":46,"Centennial Puzzle":104,"Busted Crown":38,"Mummified Hand":93,"Bird Faced Urn":10,"Pantograph":25,"Strawberry":85,"Bronze Scales":104,"WingedGreaves":65,"Membership Card":46,"Toxic Egg 2":71,"Cracked Core":0}]},"card_choices":[{"not_picked":["Recycle","Gash"],"picked":"Darkness","floor":1.0},{"not_picked":["Redo","Hologram"],"picked":"Cold Snap","floor":2.0},{"not_picked":["Thunder Strike","Rebound"],"picked":"Conserve Battery","floor":7.0},{"not_picked":["Storm","Glacier"],"picked":"Redo","floor":8.0},{"not_picked":["Conserve Battery","Steam","Double Energy"],"picked":"SKIP","floor":10.0},{"not_picked":["Steam","Melter"],"picked":"Coolheaded","floor":11.0},{"not_picked":["Stack","Conserve Battery"],"picked":"Fission","floor":12.0},{"not_picked":["Stack","Reprogram"],"picked":"Core Surge","floor":14.0},{"not_picked":["Hyperbeam","Thunder Strike"],"picked":"Rainbow","floor":16.0},{"not_picked":["Barrage"],"picked":"SKIP","floor":18.0},{"not_picked":["Barrage"],"picked":"SKIP","floor":19.0},{"not_picked":["Beam Cell+1"],"picked":"SKIP","floor":22.0},{"not_picked":["Coolheaded+1"],"picked":"SKIP","floor":23.0},{"not_picked":["Rip and Tear"],"picked":"SKIP","floor":24.0},{"not_picked":["Sweeping Beam"],"picked":"SKIP","floor":25.0},{"not_picked":["Genetic Algorithm"],"picked":"SKIP","floor":29.0},{"not_picked":["Heatsinks"],"picked":"SKIP","floor":31.0},{"not_picked":[],"picked":"Doom and Gloom+1","floor":35.0},{"not_picked":["Heatsinks+1"],"picked":"SKIP","floor":37.0},{"not_picked":[],"picked":"Glacier+1","floor":39.0},{"not_picked":[],"picked":"Steam+1","floor":40.0},{"not_picked":["Force Field+1"],"picked":"SKIP","floor":41.0},{"not_picked":["Streamline+1"],"picked":"SKIP","floor":45.0},{"not_picked":["Gash"],"picked":"SKIP","floor":48.0},{"not_picked":[],"picked":"Consume+1","floor":54.0}],"player_experience":81696,"relics_obtained":[{"floor":7.0,"key":"Bird Faced Urn"},{"floor":9.0,"key":"Lizard Tail"},{"floor":12.0,"key":"Pantograph"},{"floor":14.0,"key":"Blood Vial"},{"floor":23.0,"key":"White Beast Statue"},{"floor":25.0,"key":"WingedGreaves"},{"floor":29.0,"key":"Potion Belt"},{"floor":31.0,"key":"Toxic Egg 2"},{"floor":40.0,"key":"Mummified Hand"},{"floor":41.0,"key":"Frozen Egg 2"},{"floor":43.0,"key":"Boot"},{"floor":47.0,"key":"Darkstone Periapt"},{"floor":54.0,"key":"Thread and Needle"}],"event_choices":[{"damage_healed":0.0,"max_hp_gain":0.0,"max_hp_loss":6.0,"gold_gain":0.0,"event_name":"Golden Idol","player_choice":"Lose Max HP","floor":3.0,"gold_loss":0.0,"damage_taken":0.0,"relics_obtained":["Golden Idol"]},{"damage_healed":0.0,"max_hp_gain":0.0,"max_hp_loss":0.0,"gold_gain":0.0,"event_name":"Shining Light","player_choice":"Entered Light","floor":4.0,"gold_loss":0.0,"damage_taken":14.0,"cards_upgraded":["Defend_B","Darkness"]},{"damage_healed":0.0,"max_hp_gain":0.0,"max_hp_loss":0.0,"gold_gain":0.0,"event_name":"Dead Adventurer","player_choice":"Searched \u00271\u0027 times","floor":12.0,"gold_loss":0.0,"damage_taken":0.0},{"cards_removed":["Strike_B"],"damage_healed":0.0,"max_hp_gain":0.0,"max_hp_loss":0.0,"gold_gain":0.0,"event_name":"Back to Basics","player_choice":"Elegance","floor":21.0,"gold_loss":0.0,"damage_taken":0.0},{"damage_healed":0.0,"max_hp_gain":0.0,"max_hp_loss":0.0,"gold_gain":0.0,"event_name":"SensoryStone","player_choice":"Memory 1","floor":36.0,"gold_loss":0.0,"damage_taken":0.0},{"damage_healed":0.0,"max_hp_gain":0.0,"max_hp_loss":0.0,"gold_gain":300.0,"event_name":"Wheel of Change","player_choice":"Gold","floor":44.0,"gold_loss":0.0,"damage_taken":0.0}],"is_beta":false,"boss_relics":[{"not_picked":["Nuclear Battery","Astrolabe"],"picked":"Busted Crown"},{"not_picked":["Snecko Eye","Sozu"],"picked":"SacredBark"}],"items_purged_floors":[5,20,28,38,46],"is_endless":false,"potions_floor_spawned":[1,11,12,14,18,19,24,25,29,31,33,35,37,39,40,41,45,48,54],"ascension_level":3}}