{"host":"d52brwsy6af8zvaq","time":1613231361,"event":{"mods":["AchievementEnabler","BaseMod","Bestiary","Highlight Path","Minty Spire (QoL Compilation)","Quick Restart","Relic Stats","ojb\u0027s Better Paths Mod"],"gold_per_floor":[117,87,35,46,64,94,94,108,155,155,155],"floor_reached":10,"language":"ENG","playtime":397,"items_purged":[],"score":136,"play_id":"037dc1ce-d60a-4939-b178-314e89ffc31a","local_time":"20210213084921","is_ascension_mode":true,"campfire_choices":[{"data":"Streamline","floor":7.0,"key":"SMITH"}],"circlet_count":0,"master_deck":["AscendersBane","Strike_B","Strike_B","Strike_B","Strike_B","Defend_B","Defend_B","Defend_B","Defend_B","Zap","Dualcast","Streamline+1","Beam Cell","Sweeping Beam","White Noise","Self Repair","Glacier"],"relics":["Cracked Core","Blue Candle","Smiling Mask"],"acts_visited":["Exordium"],"potions_floor_usage":[10],"damage_taken":[{"damage":1.0,"enemies":"2 Louse","floor":1.0,"turns":3.0},{"damage":0.0,"enemies":"Cultist","floor":4.0,"turns":2.0},{"damage":2.0,"enemies":"Jaw Worm","floor":5.0,"turns":3.0},{"damage":25.0,"enemies":"3 Sentries","floor":6.0,"turns":6.0},{"damage":1.0,"enemies":"2 Fungi Beasts","floor":8.0,"turns":2.0},{"damage":65,"enemies":"Gremlin Nob","floor":10,"turns":4}],"seed_played":"1331155269308098220","potions_obtained":[{"floor":2.0,"key":"PotionOfCapacity"},{"floor":2.0,"key":"Strength Potion"},{"floor":4.0,"key":"Explosive Potion"},{"floor":8.0,"key":"SkillPotion"}],"is_trial":false,"path_per_floor":["M","?","$","M","M","E","R","M","T","E"],"character_chosen":"DEFECT","items_purchased":["Beam Cell"],"campfire_rested":0,"item_purchase_floors":[3],"current_hp_per_floor":[70,70,70,70,68,43,43,49,49,0,0],"gold":155,"neow_bonus":"TEN_PERCENT_HP_BONUS","is_daily":false,"chose_seed":false,"campfire_upgraded":1,"win_rate":0.0,"timestamp":1613231361,"path_taken":["M","?","?","M","?","E","R","M","T","E"],"items_purchased_type":["Card"],"build_version":"2020-12-22","purchased_purges":0,"victory":false,"max_hp_per_floor":[78,78,78,78,78,78,78,78,78,78,78],"relic_stats":{"counters":[6,20],"Blue Candle":[0],"Smiling Mask":0,"obtain_stats":[{"Blue Candle":6,"Cracked Core":0,"Smiling Mask":9},{"Blue Candle":4,"Cracked Core":0,"Smiling Mask":5},{"Blue Candle":14,"Cracked Core":0,"Smiling Mask":16}]},"card_choices":[{"not_picked":["Hologram","Coolheaded"],"picked":"Streamline","floor":1.0},{"not_picked":["Compile Driver","Tempest"],"picked":"Sweeping Beam","floor":4.0},{"not_picked":["Hologram","Blizzard"],"picked":"White Noise","floor":5.0},{"not_picked":["Hello World","Steam Power"],"picked":"Self Repair","floor":6.0},{"not_picked":["Reprogram","Gash"],"picked":"Glacier","floor":8.0}],"player_experience":2253881,"relics_obtained":[{"floor":6.0,"key":"Blue Candle"},{"floor":9,"key":"Smiling Mask"}],"event_choices":[{"damage_healed":0.0,"max_hp_gain":0.0,"max_hp_loss":0.0,"gold_gain":0.0,"event_name":"The Woman in Blue","player_choice":"Bought 2 Potions","floor":2.0,"gold_loss":0.0,"damage_taken":0.0}],"is_beta":false,"boss_relics":[],"items_purged_floors":[],"is_endless":false,"potions_floor_spawned":[4,8],"killed_by":"Gremlin Nob","ascension_level":20}}