{"host":"24j0rle15g8q9bc9","time":1613190515,"event":{"mods":["2.2 Compatiblity","Act Like it!","Bartender","BaseMod","Better Note","Colored Map","Colored Powertips","DeckTracker","Downfall","Elementarium","Hallownest","Hubris","Jorbs\u0027s Wanderer Trilogy","Minty Spire (QoL Compilation)","Rare Cards Sparkle","Remilia??????","StSLib","The Bug Knight","The Death Knight","The Necromancer","Treasure Hunter"],"gold_per_floor":[99,113,124,140,140,125,173,201,201,201],"floor_reached":8,"language":"ENG","playtime":519,"items_purged":[],"score":56,"play_id":"dec8d056-4309-4440-9639-cba420512405","local_time":"20210213002835","is_ascension_mode":false,"campfire_choices":[{"data":"champ:Taunt","floor":1,"key":"SMITH"}],"circlet_count":0,"master_deck":["champ:Strike","champ:Strike","champ:Strike","champ:Strike","champ:Defend","champ:Defend","champ:Defend","champ:Defend","champ:Execute","champ:Taunt+1","champ:ShieldWall","champ:PreemptiveStrike","champ:GutPunch","champ:BerserkersShout"],"relics":["champ:ChampionCrown","Bag of Preparation","Juzu Bracelet"],"acts_visited":["Exordium"],"potions_floor_usage":[],"damage_taken":[{"damage":20,"enemies":"Cultist","floor":2,"turns":5},{"damage":10,"enemies":"Small Slimes","floor":3,"turns":4},{"damage":13,"enemies":"Jaw Worm","floor":4,"turns":4},{"damage":25,"enemies":"downfall:FleeingMerchant","floor":6,"turns":4},{"damage":67,"enemies":"3 Sentries","floor":8,"turns":8}],"seed_played":"3332835676918391629","potions_obtained":[{"floor":3,"key":"AttackPotion"}],"is_trial":false,"path_per_floor":["R","M","M","M","?","$","T","E"],"character_chosen":"THE_CHAMP","items_purchased":[],"campfire_rested":0,"item_purchase_floors":[],"current_hp_per_floor":[99,99,99,96,87,87,87,50,50,50],"gold":201,"neow_bonus":"TEN_PERCENT_HP_BONUS","is_daily":false,"chose_seed":false,"campfire_upgraded":1,"win_rate":0.0,"timestamp":1613190515,"path_taken":["R","M","M","M","?","?","T","E"],"items_purchased_type":[],"build_version":"2020-12-22","purchased_purges":0,"victory":false,"max_hp_per_floor":[99,99,99,99,99,99,99,99,99,99],"card_choices":[{"not_picked":["champ:FalseCounter","champ:TornadoPunch"],"picked":"champ:ShieldWall","floor":2},{"not_picked":["champ:Circumvent","champ:FalseCounter"],"picked":"champ:PreemptiveStrike","floor":3},{"not_picked":["champ:BladeFlurry","champ:FanOfKnives"],"picked":"champ:GutPunch","floor":4},{"not_picked":["champ:Duel","champ:GutPunch"],"picked":"champ:BerserkersShout","floor":6},{"not_picked":["TH:CopperCoins","TH:PixieDust"],"picked":"SKIP","floor":7}],"player_experience":41855,"relics_obtained":[{"floor":7,"key":"Bag of Preparation"},{"floor":8,"key":"Juzu Bracelet"}],"event_choices":[{"damage_healed":0,"gold_gain":0,"player_choice":"Damaged","damage_taken":9,"max_hp_gain":0,"max_hp_loss":0,"event_name":"Wheel of Change","floor":5,"gold_loss":0}],"is_beta":false,"boss_relics":[],"items_purged_floors":[],"is_endless":false,"potions_floor_spawned":[3],"killed_by":"3 Sentries","ascension_level":0}}