{"host":"0mhttqdumuceah7q","time":1613241006,"event":{"mods":["AchievementEnabler","BaseMod","Colored Map","DeckTracker","Minty Spire (QoL Compilation)","Permanent Neow"],"gold_per_floor":[114,133,144,144,157,182,198,198,198,228,239,257,34,68,68,165,165,177,177,92,106,106,140,140,168,195,24,57,57,76,94,94,192,192,211,223,273,273,25,25,25,0,23,23,52,52,52,70,70,70],"floor_reached":51,"language":"KOR","playtime":2455,"items_purged":["Strike_B","Defend_B"],"score":820,"play_id":"087575d0-2b8e-4832-9b97-985d318e80d9","local_time":"20210214033006","is_ascension_mode":false,"campfire_choices":[{"data":"Zap","floor":8,"key":"SMITH"},{"data":"Dualcast","floor":15,"key":"SMITH"},{"floor":24,"key":"REST"},{"data":"Self Repair","floor":29,"key":"SMITH"},{"data":"Lockon","floor":32,"key":"SMITH"},{"data":"Creative AI","floor":40,"key":"SMITH"},{"data":"Madness","floor":41,"key":"SMITH"},{"data":"Madness","floor":44,"key":"SMITH"},{"data":"Glacier","floor":47,"key":"SMITH"},{"data":"Compile Driver","floor":49,"key":"SMITH"}],"circlet_count":0,"master_deck":["Strike_B","Defend_B","Defend_B","Defend_B","Zap+1","Dualcast+1","Streamline","Cold Snap","Lockon+1","Compile Driver+1","Scrape+1","Cold Snap+1","Lockon+1","Ball Lightning+1","Glacier+1","FTL+1","Seek","Sweeping Beam+1","Storm+1","Sweeping Beam+1","All For One+1","Mind Blast+1","Self Repair+1","Leap+1","Stack+1","Ball Lightning+1","Creative AI+1","FTL+1","Go for the Eyes+1","Beam Cell+1","Madness+1","Madness+1","Melter+1","Auto Shields+1"],"relics":["Cracked Core","Molten Egg 2","Eternal Feather","Omamori","Toolbox","Calling Bell","Potion Belt","Letter Opener","Thread and Needle","Unceasing Top","Blood Vial","FossilizedHelix","Pen Nib","Bag of Marbles","Empty Cage","WingedGreaves","TheAbacus","Red Mask","Regal Pillow","Gambling Chip"],"acts_visited":["Exordium","TheCity","TheBeyond"],"potions_floor_usage":[6,6,10,10,23,23,28,33,48,50,50],"damage_taken":[{"damage":1,"enemies":"Cultist","floor":1,"turns":3},{"damage":6,"enemies":"Jaw Worm","floor":2,"turns":3},{"damage":0,"enemies":"Small Slimes","floor":3,"turns":2},{"damage":9,"enemies":"Blue Slaver","floor":5,"turns":3},{"damage":6,"enemies":"3 Sentries","floor":6,"turns":4},{"damage":0,"enemies":"Large Slime","floor":7,"turns":4},{"damage":19,"enemies":"Lagavulin","floor":10,"turns":4},{"damage":3,"enemies":"Looter","floor":11,"turns":2},{"damage":3,"enemies":"Blue Slaver","floor":12,"turns":3},{"damage":0,"enemies":"Exordium Thugs","floor":14,"turns":2},{"damage":0,"enemies":"Slime Boss","floor":16,"turns":6},{"damage":18,"enemies":"3 Byrds","floor":18,"turns":4},{"damage":0,"enemies":"Spheric Guardian","floor":21,"turns":3},{"damage":37,"enemies":"Gremlin Leader","floor":23,"turns":7},{"damage":36,"enemies":"Slavers","floor":25,"turns":4},{"damage":21,"enemies":"Book of Stabbing","floor":28,"turns":4},{"damage":0,"enemies":"Snake Plant","floor":30,"turns":3},{"damage":0,"enemies":"Centurion and Healer","floor":31,"turns":2},{"damage":64,"enemies":"Automaton","floor":33,"turns":9},{"damage":25,"enemies":"Orb Walker","floor":35,"turns":4},{"damage":24,"enemies":"3 Darklings","floor":36,"turns":3},{"damage":21,"enemies":"Mind Bloom Boss Battle","floor":37,"turns":8},{"damage":39,"enemies":"Giant Head","floor":45,"turns":7},{"damage":12,"enemies":"Spire Growth","floor":48,"turns":4},{"damage":65,"enemies":"Time Eater","floor":50,"turns":11}],"seed_played":"-2179807018259309842","potions_obtained":[{"floor":1,"key":"PowerPotion"},{"floor":4,"key":"Energy Potion"},{"floor":4,"key":"GamblersBrew"},{"floor":6,"key":"EssenceOfDarkness"},{"floor":7,"key":"Block Potion"},{"floor":10,"key":"AttackPotion"},{"floor":12,"key":"FairyPotion"},{"floor":16,"key":"EssenceOfSteel"},{"floor":18,"key":"Weak Potion"},{"floor":30,"key":"Energy Potion"},{"floor":33,"key":"EssenceOfSteel"},{"floor":35,"key":"Dexterity Potion"},{"floor":48,"key":"AttackPotion"}],"is_trial":false,"path_per_floor":["M","M","M","?","M","E","M","R","T","E","M","M","$","M","R","B",null,"M","?","?","M","?","E","R","E","T","$","E","R","M","M","R","B",null,"M","M","?","?","$","R","R","?","T","R","E","$","R","M","R","B",null],"character_chosen":"DEFECT","items_purchased":["Toolbox","Mind Blast+1","Self Repair","TheAbacus"],"campfire_rested":1,"item_purchase_floors":[13,27,27,39],"current_hp_per_floor":[67,61,61,61,52,46,46,46,46,27,24,21,21,21,30,30,89,71,54,54,54,54,17,57,23,23,23,11,26,28,30,45,15,94,69,57,48,36,36,54,72,72,72,90,63,63,81,71,89,26],"gold":70,"neow_bonus":"TWENTY_PERCENT_HP_BONUS","is_daily":false,"chose_seed":false,"campfire_upgraded":9,"win_rate":0.0,"timestamp":1613241006,"path_taken":["M","M","M","?","M","E","M","R","T","E","M","M","$","M","R","BOSS","M","?","?","M","?","E","R","E","T","?","E","R","M","M","R","BOSS","M","M","?","?","$","R","R","?","T","R","E","?","R","M","R","BOSS"],"items_purchased_type":["Relic","Card","Card","Relic"],"build_version":"2020-12-22","purchased_purges":2,"victory":true,"max_hp_per_floor":[89,89,89,89,89,89,89,89,89,89,89,89,89,89,89,89,89,89,94,94,94,94,94,94,94,94,94,94,94,94,94,94,94,94,94,94,94,94,94,94,94,94,94,94,94,94,94,94,94,94],"card_choices":[{"not_picked":["Self Repair","Conserve Battery"],"picked":"Streamline","floor":1},{"not_picked":["Streamline","Blizzard"],"picked":"Cold Snap","floor":2},{"not_picked":["Skim","Storm"],"picked":"Lockon","floor":3},{"not_picked":["Fusion","Gash"],"picked":"Compile Driver","floor":5},{"not_picked":["Coolheaded","Streamline+1"],"picked":"Scrape+1","floor":6},{"not_picked":["Stack","Beam Cell+1"],"picked":"Cold Snap+1","floor":7},{"not_picked":["Streamline+1","Amplify"],"picked":"Lockon+1","floor":10},{"not_picked":["Compile Driver+1","Blizzard+1"],"picked":"Ball Lightning+1","floor":11},{"not_picked":["Stack","Beam Cell+1"],"picked":"Glacier","floor":12},{"not_picked":["Redo","Leap"],"picked":"FTL+1","floor":14},{"not_picked":["Amplify","Reboot"],"picked":"Seek","floor":16},{"not_picked":["Steam Power","Barrage+1"],"picked":"Sweeping Beam+1","floor":18},{"not_picked":["Ball Lightning+1","Stack"],"picked":"Storm+1","floor":21},{"not_picked":["Genetic Algorithm","Redo"],"picked":"Sweeping Beam+1","floor":23},{"not_picked":["Stack+1","Skim"],"picked":"All For One+1","floor":25},{"not_picked":["Barrage+1","Force Field"],"picked":"Leap+1","floor":28},{"not_picked":["Barrage+1","Coolheaded"],"picked":"Stack+1","floor":30},{"not_picked":["Force Field+1","Redo"],"picked":"Ball Lightning+1","floor":31},{"not_picked":["Amplify","Biased Cognition"],"picked":"Creative AI","floor":33},{"not_picked":["Tempest","Coolheaded"],"picked":"FTL+1","floor":35},{"not_picked":["Compile Driver+1","Cold Snap+1"],"picked":"Go for the Eyes+1","floor":36},{"not_picked":["Gash+1","Coolheaded"],"picked":"Beam Cell+1","floor":37},{"not_picked":["Cold Snap+1","Beam Cell+1"],"picked":"Melter+1","floor":45},{"not_picked":["Go for the Eyes+1","Seek"],"picked":"Auto Shields+1","floor":48}],"player_experience":55350,"relics_obtained":[{"floor":6,"key":"Molten Egg 2"},{"floor":9,"key":"Eternal Feather"},{"floor":10,"key":"Omamori"},{"floor":17,"key":"Potion Belt"},{"floor":17,"key":"Letter Opener"},{"floor":17,"key":"Thread and Needle"},{"floor":23,"key":"Blood Vial"},{"floor":25,"key":"FossilizedHelix"},{"floor":26,"key":"Pen Nib"},{"floor":28,"key":"Bag of Marbles"},{"floor":37,"key":"WingedGreaves"},{"floor":43,"key":"Regal Pillow"},{"floor":45,"key":"Gambling Chip"}],"event_choices":[{"damage_healed":0,"gold_gain":0,"player_choice":"Got Potions","damage_taken":0,"max_hp_gain":0,"max_hp_loss":0,"event_name":"Lab","floor":4,"gold_loss":0},{"damage_healed":0,"gold_gain":0,"player_choice":"Shed Blood","damage_taken":22,"max_hp_gain":5,"max_hp_loss":0,"event_name":"Forgotten Altar","floor":19,"gold_loss":0},{"damage_healed":0,"gold_gain":0,"player_choice":"Obtained Relic","damage_taken":0,"relics_obtained":["Unceasing Top"],"max_hp_gain":0,"max_hp_loss":0,"event_name":"Addict","floor":20,"gold_loss":85},{"damage_healed":0,"gold_gain":0,"player_choice":"Ignored","damage_taken":0,"max_hp_gain":0,"max_hp_loss":0,"event_name":"Ghosts","floor":22,"gold_loss":0},{"damage_healed":0,"gold_gain":0,"player_choice":"Fight","damage_taken":0,"max_hp_gain":0,"max_hp_loss":0,"event_name":"MindBloom","floor":37,"gold_loss":0},{"damage_healed":0,"gold_gain":0,"player_choice":"Embrace Madness","damage_taken":12,"max_hp_gain":0,"max_hp_loss":0,"event_name":"Winding Halls","floor":38,"gold_loss":0,"cards_obtained":["Madness","Madness"]},{"damage_healed":0,"gold_gain":0,"player_choice":"Paid","damage_taken":0,"relics_obtained":["Red Mask"],"max_hp_gain":0,"max_hp_loss":0,"event_name":"Tomb of Lord Red Mask","floor":42,"gold_loss":25}],"is_beta":false,"boss_relics":[{"not_picked":["Inserter","SlaversCollar"],"picked":"Calling Bell"},{"not_picked":["Sozu","SacredBark"],"picked":"Empty Cage"}],"items_purged_floors":[13,39],"is_endless":false,"potions_floor_spawned":[1,6,7,10,12,16,18,30,33,35,48],"ascension_level":0}}