{"host":"mqzixrakqjp3g00v","time":1613189279,"event":{"mods":["AchievementEnabler","BaseMod","BetterRewards","Colored Map","Colored Powertips","Custom Start","Highlight Path","Minty Spire (QoL Compilation)","Quick Restart","Shop Mod","StSLib"],"gold_per_floor":[111,35,53,53,53,82,82,115,115,115,80,80,111,6,6,106,106,118,128,128,15,30,58,58,86,132,159,173,24,24,124,124,228,228,238,238,9,24,47,74,94,120,120,149,149,165,165,177,177,177],"floor_reached":51,"language":"ENG","playtime":2198,"items_purged":["Strike_R","Defend_R","Strike_R","Strike_R","Strike_R","Defend_R"],"score":1051,"play_id":"04966bac-cbf5-43a2-9f72-de0cb72755ec","local_time":"20210212220759","is_ascension_mode":true,"campfire_choices":[{"data":"Bash","floor":7.0,"key":"SMITH"},{"data":"Shrug It Off","floor":10.0,"key":"SMITH"},{"data":"Battle Trance","floor":12.0,"key":"SMITH"},{"data":"Flame Barrier","floor":15.0,"key":"SMITH"},{"data":"Spot Weakness","floor":24,"key":"SMITH"},{"data":"Limit Break","floor":32,"key":"SMITH"},{"data":"Shockwave","floor":49,"key":"SMITH"}],"circlet_count":0,"master_deck":["Defend_R","Defend_R","Battle Trance+1","Thunderclap+1","Shrug It Off+1","Pommel Strike+1","Spot Weakness+1","Flame Barrier+1","Immolate+1","Burning Pact+1","Feed+1","Pummel+1","Limit Break+1","Heavy Blade+1","Sword Boomerang+1","Sword Boomerang+1","Offering","Reaper+1","Shockwave+1","Offering","Disarm+1","Burning Pact+1"],"relics":["Burning Blood","Membership Card","Molten Egg 2","MerchantsRug","Ice Cream","Shuriken","Bag of Preparation","Singing Bowl","CaptainsWheel","Bottled Lightning","SlaversCollar","Bag of Marbles","Omamori","Ginger","Matryoshka","Cursed Key","TungstenRod","Gremlin Horn","Smiling Mask","PreservedInsect","Centennial Puzzle"],"acts_visited":["Exordium","TheCity","TheBeyond"],"potions_floor_usage":[50,50,50],"damage_taken":[{"damage":6.0,"enemies":"Cultist","floor":1.0,"turns":3.0},{"damage":4.0,"enemies":"Small Slimes","floor":3.0,"turns":3.0},{"damage":23.0,"enemies":"3 Sentries","floor":6.0,"turns":8.0},{"damage":30.0,"enemies":"Gremlin Nob","floor":8.0,"turns":4.0},{"damage":12.0,"enemies":"3 Sentries","floor":13.0,"turns":4.0},{"damage":4.0,"enemies":"The Guardian","floor":16.0,"turns":9.0},{"damage":0.0,"enemies":"3 Byrds","floor":18.0,"turns":1.0},{"damage":14,"enemies":"2 Thieves","floor":19,"turns":3},{"damage":10,"enemies":"Snecko","floor":22,"turns":4},{"damage":2,"enemies":"Gremlin Leader","floor":23,"turns":4},{"damage":0,"enemies":"Slavers","floor":25,"turns":1},{"damage":0,"enemies":"Gremlin Leader","floor":27,"turns":2},{"damage":8,"enemies":"Centurion and Healer","floor":28,"turns":3},{"damage":9,"enemies":"Colosseum Slavers","floor":31,"turns":2},{"damage":0,"enemies":"Colosseum Nobs","floor":31,"turns":2},{"damage":16,"enemies":"Automaton","floor":33,"turns":6},{"damage":0,"enemies":"Orb Walker","floor":35,"turns":1},{"damage":12,"enemies":"3 Darklings","floor":38,"turns":2},{"damage":0,"enemies":"Giant Head","floor":40,"turns":4},{"damage":34,"enemies":"Jaw Worm Horde","floor":41,"turns":4},{"damage":45,"enemies":"Nemesis","floor":42,"turns":3},{"damage":10,"enemies":"Giant Head","floor":44,"turns":3},{"damage":16,"enemies":"4 Shapes","floor":46,"turns":2},{"damage":10,"enemies":"Maw","floor":48,"turns":4},{"damage":34,"enemies":"Time Eater","floor":50,"turns":4}],"seed_played":"1025184296430131955","potions_obtained":[{"floor":8.0,"key":"PowerPotion"},{"floor":13.0,"key":"PowerPotion"},{"floor":25,"key":"Fire Potion"},{"floor":28,"key":"LiquidMemories"},{"floor":33,"key":"DistilledChaos"},{"floor":40,"key":"BlessingOfTheForge"},{"floor":41,"key":"Dexterity Potion"},{"floor":44,"key":"SkillPotion"},{"floor":47,"key":"BloodPotion"}],"is_trial":false,"path_per_floor":["M","$","M","?","$","E","R","E","T","R","?","R","E","$","R","B",null,"M","M","?","$","M","E","R","E","T","E","M","$","?","?","R","B",null,"M","?","$","M","$","E","M","E","T","E","?","M","?","M","R","B",null],"character_chosen":"IRONCLAD","items_purchased":["Membership Card","Molten Egg 2","MerchantsRug","Battle Trance","Thunderclap+1","Shuriken","Bag of Preparation","Bottled Lightning","Flame Barrier","Bag of Marbles","Feed+1","Orrery","Reaper+1","TungstenRod"],"campfire_rested":0,"item_purchase_floors":[0,0,0,0,0,0,2,14,14,21,21,29,37,37],"current_hp_per_floor":[80,80,80,73,73,58,58,34,34,34,54,54,48,48,48,50,82,84,76,76,76,78,84,84,94,94,100,102,108,108,116,116,106,116,122,122,122,124,124,124,126,87,87,107,107,130,130,132,132,130],"gold":177,"neow_bonus":"","is_daily":false,"chose_seed":false,"campfire_upgraded":7,"win_rate":0.0,"timestamp":1613189279,"path_taken":["M","?","M","?","$","E","R","E","T","R","?","R","E","$","R","BOSS","M","M","?","$","M","E","R","E","T","E","M","$","?","?","R","BOSS","M","?","$","M","$","E","M","E","T","E","?","M","?","?","R","BOSS"],"items_purchased_type":["Relic","Relic","Relic","Card","Card","Relic","Relic","Relic","Card","Relic","Card","Relic","Card","Relic"],"build_version":"2020-12-22","purchased_purges":6,"victory":true,"max_hp_per_floor":[80,80,80,80,80,82,82,82,82,82,82,82,82,82,82,82,82,84,84,84,84,90,92,92,96,96,100,104,110,110,116,116,116,116,122,122,122,124,124,124,126,126,126,126,126,130,130,132,132,132],"card_choices":[{"not_picked":["Flex","Twin Strike+1","Perfected Strike+1"],"picked":"SKIP","floor":1.0},{"not_picked":["Clash+1","Rage"],"picked":"Shrug It Off","floor":3.0},{"not_picked":["Havoc","Wild Strike+1","Rupture"],"picked":"Singing Bowl","floor":6.0},{"not_picked":["Body Slam+1","Reckless Charge+1"],"picked":"Pommel Strike+1","floor":8.0},{"not_picked":["Dark Embrace","Clash+1"],"picked":"Spot Weakness","floor":13.0},{"not_picked":["Juggernaut","Limit Break"],"picked":"Immolate+1","floor":16.0},{"not_picked":["Searing Blow+1","Thunderclap+1","Entrench"],"picked":"Singing Bowl","floor":18.0},{"not_picked":["Evolve","Sever Soul+1"],"picked":"Burning Pact+1","floor":19},{"not_picked":["Armaments","True Grit","Warcry"],"picked":"Singing Bowl","floor":22},{"not_picked":["Twin Strike+1","Sentinel","Hemokinesis+1"],"picked":"Singing Bowl","floor":23},{"not_picked":["Blood for Blood+1","Flex"],"picked":"Pummel+1","floor":25},{"not_picked":["Second Wind+1","Thunderclap+1"],"picked":"Limit Break","floor":27},{"not_picked":["Dropkick+1","True Grit+1"],"picked":"Heavy Blade+1","floor":28},{"not_picked":["Headbutt+1","Evolve"],"picked":"Sword Boomerang+1","floor":29},{"not_picked":["Rupture","Hemokinesis+1","Armaments"],"picked":"Singing Bowl","floor":29},{"not_picked":["Flex","Clash+1","Havoc+1"],"picked":"Singing Bowl","floor":29},{"not_picked":["Warcry","Twin Strike+1","Reckless Charge+1"],"picked":"Singing Bowl","floor":29},{"not_picked":["Uppercut+1","Clash+1"],"picked":"Sword Boomerang+1","floor":29},{"not_picked":["Feel No Pain","Clothesline+1","Twin Strike+1"],"picked":"Singing Bowl","floor":31},{"not_picked":["Corruption","Fiend Fire+1"],"picked":"Offering","floor":33},{"not_picked":["Shrug It Off","Rampage+1","Sentinel+1"],"picked":"Singing Bowl","floor":35},{"not_picked":["Clothesline+1","Anger+1","Flame Barrier"],"picked":"Singing Bowl","floor":38},{"not_picked":["Clash+1","Twin Strike+1"],"picked":"Shockwave","floor":40},{"not_picked":["Sword Boomerang+1","Body Slam+1","Perfected Strike+1"],"picked":"Singing Bowl","floor":41},{"not_picked":["Shrug It Off+1","Flex+1"],"picked":"Offering","floor":42},{"not_picked":["Rampage+1","Clothesline+1"],"picked":"Disarm+1","floor":44},{"not_picked":["Ghostly Armor+1","Flex+1"],"picked":"Burning Pact+1","floor":46},{"not_picked":["Havoc","Cleave+1","Warcry+1"],"picked":"Singing Bowl","floor":48}],"player_experience":542699,"relics_obtained":[{"floor":6.0,"key":"Singing Bowl"},{"floor":8.0,"key":"CaptainsWheel"},{"floor":9.0,"key":"Ornamental Fan"},{"floor":13.0,"key":"Tiny Chest"},{"floor":23,"key":"Omamori"},{"floor":25,"key":"Nunchaku"},{"floor":26,"key":"Blood Vial"},{"floor":27,"key":"Pantograph"},{"floor":31,"key":"Ginger"},{"floor":31,"key":"Matryoshka"},{"floor":40,"key":"Gremlin Horn"},{"floor":42,"key":"Smiling Mask"},{"floor":43,"key":"PreservedInsect"},{"floor":44,"key":"Centennial Puzzle"}],"event_choices":[{"cards_removed":["Strike_R"],"damage_healed":0.0,"max_hp_gain":0.0,"max_hp_loss":0.0,"gold_gain":0.0,"event_name":"Golden Wing","player_choice":"Card Removal","floor":4.0,"gold_loss":0.0,"damage_taken":7.0},{"damage_healed":20.0,"max_hp_gain":0.0,"max_hp_loss":0.0,"gold_gain":0.0,"event_name":"The Cleric","player_choice":"Healed","floor":11.0,"gold_loss":35.0,"damage_taken":0.0},{"damage_healed":0,"gold_gain":0,"player_choice":"Opened","damage_taken":0,"relics_obtained":["Sundial"],"max_hp_gain":0,"max_hp_loss":0,"event_name":"The Mausoleum","floor":20,"gold_loss":0},{"damage_healed":0,"gold_gain":0,"player_choice":"Ignored","damage_taken":0,"max_hp_gain":0,"max_hp_loss":0,"event_name":"Ghosts","floor":30,"gold_loss":0},{"damage_healed":0,"gold_gain":0,"player_choice":"Fight","damage_taken":0,"max_hp_gain":0,"max_hp_loss":0,"event_name":"Colosseum","floor":31,"gold_loss":0},{"damage_healed":0,"gold_gain":0,"player_choice":"Fought Nobs","damage_taken":0,"max_hp_gain":0,"max_hp_loss":0,"event_name":"Colosseum","floor":31,"gold_loss":0},{"damage_healed":0,"gold_gain":0,"player_choice":"Ignored","damage_taken":0,"max_hp_gain":0,"max_hp_loss":0,"event_name":"Tomb of Lord Red Mask","floor":36,"gold_loss":0},{"cards_removed":["Bash"],"damage_healed":0,"gold_gain":0,"player_choice":"Removed Attack","damage_taken":0,"max_hp_gain":0,"max_hp_loss":0,"event_name":"Falling","floor":45,"gold_loss":0},{"damage_healed":0,"gold_gain":0,"player_choice":"Got Potions","damage_taken":0,"max_hp_gain":0,"max_hp_loss":0,"event_name":"Lab","floor":47,"gold_loss":0}],"is_beta":false,"boss_relics":[{"not_picked":["Astrolabe","Runic Dome"],"picked":"SlaversCollar"},{"not_picked":["SacredBark","Calling Bell"],"picked":"Cursed Key"}],"items_purged_floors":[0,0,21,29,37,39],"is_endless":false,"potions_floor_spawned":[8,13,25,28,31,33,40,41,44,46],"ascension_level":1}}