{"host":"ga4s3hj9m6nkn6gp","time":1613242459,"event":{"mods":["AchievementEnabler","BaseMod","Bestiary","Colored Powertips","Highlight Path","Minty Spire (QoL Compilation)","Relic Stats","everything is the same but u backflip on backflip"],"gold_per_floor":[114,114,134,153,69,69,96,96,96,96,96,108,120,152,152,223,223,242,242,259,271,271,271,69,69,69,69,69],"floor_reached":27,"language":"ENG","playtime":926,"items_purged":[],"score":442,"play_id":"f7620747-10e2-40b9-8804-791301842302","local_time":"20210213195419","is_ascension_mode":true,"campfire_choices":[{"data":"Bouncing Flask","floor":6,"key":"SMITH"},{"data":"Sucker Punch","floor":8,"key":"SMITH"},{"data":"Dagger Throw","floor":10,"key":"SMITH"},{"data":"Deadly Poison","floor":15,"key":"SMITH"},{"data":"Catalyst","floor":23,"key":"SMITH"},{"data":"Well Laid Plans","floor":25,"key":"SMITH"}],"circlet_count":0,"master_deck":["AscendersBane","Strike_G","Strike_G","Strike_G","Strike_G","Strike_G","Defend_G","Defend_G","Defend_G","Defend_G","Defend_G","Survivor","Neutralize","Bouncing Flask+1","Dagger Throw+1","Sucker Punch+1","Well Laid Plans+1","Eviscerate+1","Dash+1","Deadly Poison+1","Phantasmal Killer","Burst","Catalyst+1","Backflip+1","Backstab+1","PiercingWail"],"relics":["Ring of the Snake","NeowsBlessing","Molten Egg 2","Blue Candle","Oddly Smooth Stone","Coffee Dripper","Happy Flower","Torii"],"acts_visited":["Exordium","TheCity"],"potions_floor_usage":[20,27],"damage_taken":[{"damage":0,"enemies":"2 Louse","floor":1,"turns":1},{"damage":0,"enemies":"Cultist","floor":3,"turns":1},{"damage":0,"enemies":"Small Slimes","floor":4,"turns":1},{"damage":36,"enemies":"3 Sentries","floor":7,"turns":10},{"damage":3,"enemies":"3 Louse","floor":12,"turns":3},{"damage":3,"enemies":"Looter","floor":13,"turns":2},{"damage":17,"enemies":"Lagavulin","floor":14,"turns":5},{"damage":22,"enemies":"Hexaghost","floor":16,"turns":8},{"damage":12,"enemies":"Spheric Guardian","floor":18,"turns":4},{"damage":9,"enemies":"Shell Parasite","floor":20,"turns":3},{"damage":13,"enemies":"Snecko","floor":21,"turns":3},{"damage":22,"enemies":"Shelled Parasite and Fungi","floor":27,"turns":3}],"seed_played":"4905354922401027468","potions_obtained":[{"floor":1,"key":"FearPotion"},{"floor":4,"key":"Regen Potion"},{"floor":21,"key":"BlessingOfTheForge"}],"is_trial":false,"path_per_floor":["M","?","M","M","$","R","E","R","T","R","?","M","M","E","R","B",null,"M","?","M","M","?","R","$","R","T","M"],"character_chosen":"THE_SILENT","items_purchased":["Well Laid Plans","PiercingWail","Happy Flower"],"campfire_rested":0,"item_purchase_floors":[5,24,24],"current_hp_per_floor":[59,66,66,66,66,66,30,30,30,30,52,49,46,29,29,7,51,39,39,30,17,17,17,17,17,17,0,0],"gold":69,"neow_bonus":"THREE_ENEMY_KILL","is_daily":false,"chose_seed":false,"campfire_upgraded":6,"win_rate":0.0,"timestamp":1613242459,"path_taken":["M","?","?","M","$","R","E","R","T","R","?","M","M","E","R","BOSS","M","?","M","M","?","R","$","R","T","M"],"items_purchased_type":["Card","Card","Relic"],"build_version":"2020-12-22","purchased_purges":0,"victory":false,"max_hp_per_floor":[66,66,66,66,66,66,66,66,66,66,66,66,66,66,66,66,66,66,66,66,66,66,66,66,66,66,66,66],"relic_stats":{"Happy Flower":[1],"Torii":0,"counters":[12,44],"Blue Candle":[0],"obtain_stats":[{"NeowsBlessing":0,"Happy Flower":24,"Torii":26,"Blue Candle":9,"Oddly Smooth Stone":14,"Molten Egg 2":7,"Coffee Dripper":17,"Ring of the Snake":0},{"NeowsBlessing":0,"Happy Flower":11,"Torii":11,"Blue Candle":4,"Oddly Smooth Stone":7,"Molten Egg 2":4,"Coffee Dripper":8,"Ring of the Snake":0},{"NeowsBlessing":0,"Happy Flower":41,"Torii":41,"Blue Candle":13,"Oddly Smooth Stone":23,"Molten Egg 2":13,"Coffee Dripper":31,"Ring of the Snake":0}],"Ring of the Snake":[24]},"card_choices":[{"not_picked":["Riddle With Holes","Deflect"],"picked":"Bouncing Flask","floor":1},{"not_picked":["Poisoned Stab","Dagger Throw","Prepared"],"picked":"SKIP","floor":3},{"not_picked":["Poisoned Stab","Prepared"],"picked":"Dagger Throw","floor":3},{"not_picked":["Backflip","Riddle With Holes"],"picked":"Sucker Punch","floor":4},{"not_picked":["Dagger Spray+1","Heel Hook+1"],"picked":"Eviscerate+1","floor":7},{"not_picked":["Quick Slash+1","Cloak And Dagger"],"picked":"Dash+1","floor":12},{"not_picked":["Sucker Punch+1","Caltrops"],"picked":"Deadly Poison","floor":13},{"not_picked":["Cloak And Dagger","Blur"],"picked":"Phantasmal Killer","floor":14},{"not_picked":["Glass Knife+1","Adrenaline"],"picked":"Burst","floor":16},{"not_picked":["Blur","Dagger Throw+1"],"picked":"Catalyst","floor":18},{"not_picked":["Dodge and Roll","Calculated Gamble"],"picked":"Backflip+1","floor":20},{"not_picked":["Dash+1","Finisher+1"],"picked":"Backstab+1","floor":21}],"player_experience":774080,"relics_obtained":[{"floor":7,"key":"Molten Egg 2"},{"floor":9,"key":"Blue Candle"},{"floor":14,"key":"Oddly Smooth Stone"},{"floor":26,"key":"Torii"}],"event_choices":[{"damage_healed":7,"gold_gain":0,"player_choice":"Full Heal","damage_taken":0,"max_hp_gain":0,"max_hp_loss":0,"event_name":"Wheel of Change","floor":2,"gold_loss":0},{"damage_healed":22,"gold_gain":0,"player_choice":"Banana","damage_taken":0,"max_hp_gain":0,"max_hp_loss":0,"event_name":"Big Fish","floor":11,"gold_loss":0},{"damage_healed":0,"gold_gain":0,"player_choice":"Ignored","damage_taken":0,"max_hp_gain":0,"max_hp_loss":0,"event_name":"The Mausoleum","floor":19,"gold_loss":0},{"damage_healed":0,"gold_gain":0,"player_choice":"Ignored","damage_taken":0,"max_hp_gain":0,"max_hp_loss":0,"event_name":"Beggar","floor":22,"gold_loss":0}],"is_beta":false,"boss_relics":[{"not_picked":["Ectoplasm","Sozu"],"picked":"Coffee Dripper"}],"items_purged_floors":[],"is_endless":false,"potions_floor_spawned":[1,4,12,21],"killed_by":"Shelled Parasite and Fungi","ascension_level":20}}