{"host":"23qk1co0p3p8qz56","time":1613184962,"event":{"mods":["100% Spire Juice","AchievementEnabler","Act Like it!","Arknights","BaseMod","Better Note","Better Third Choice","BetterRewards","CapriCore","Chen","Colored Map","DNKmod","Downfall","Duelist Mod","Friendly Minions","Gensokyo","Gold Saver","Halation","KinomotoSakuraMod(ñÿîVñ{?)","Koishi","KomeijiMod","LagranYue(ùfäiòNÅEåé)","Lobotomy","LobotomyExtend","Mari Mod (Legacy)","Mari\u0027s V1 Patch","MarisaÅiñ∂âJÅ@ñÇóùçπÅj","Minty Spire (QoL Compilation)","MostiFishMod","Permanent Neow","Prisma Mod","ReimuÅiîé??öÎÅj","RemiliaÅiÂQïƒ‰ª?Åj","RumiaBox-òIïƒ?ìIê_îÈ·¥éq","StSLib","The Administrix","The Alterego","The Animator","The Gatherer","The Immortal","The Senshi","Waifu the Spire","WarShipGirlsR/??è≠èóR mod","Yakumo Yukari mod","Yohane!","Yuyuko"],"gold_per_floor":[10010,9677,9691,9492,9507,9507,9507,9524,9524,9524,9543,9543,9543,9559,9559,9663,9663,9676,9676,9676,9695,9711,9711,9729,9729,9729,9294,9294,9294],"floor_reached":28,"language":"ENG","playtime":1324,"items_purged":[],"score":310,"play_id":"976debab-07e5-4fc6-973f-b2932fd1c71d","local_time":"20210212195602","is_ascension_mode":false,"campfire_choices":[{"data":"Yohane:Little_Demon_Lily","floor":6,"key":"SMITH"},{"floor":6,"key":"RECALL"},{"data":"Yohane:Little_Demon_Ruby","floor":10,"key":"SMITH"},{"data":"Yohane:Soul_Peek","floor":10,"key":"SMITH"},{"data":"Yohane:Little_Demon_Chika","floor":12,"key":"SMITH"},{"data":"Yohane:Lust","floor":12,"key":"SMITH"},{"data":"Yohane:Little_Demon_Recruit","floor":15,"key":"SMITH"},{"data":"Yohane:Fallen_Dragon_Phoenix_Hold","floor":15,"key":"SMITH"},{"data":"Yohane:Take_Flight","floor":23,"key":"SMITH"},{"data":"Yohane:Little_Demon_Lily","floor":23,"key":"SMITH"},{"data":"Yohane:Energetic_Performance","floor":25,"key":"SMITH"},{"data":"Yohane:Grace_Under_Fire","floor":25,"key":"SMITH"}],"circlet_count":0,"master_deck":["Yohane:Strike_Grey","Yohane:Strike_Grey","Yohane:Strike_Grey","Yohane:Strike_Grey","Yohane:Defend_Grey+1","Yohane:Defend_Grey","Yohane:Defend_Grey+1","Yohane:Defend_Grey","Yohane:Little_Demon_Lily+1","Yohane:Well_Laid_Ambush","Yohane:Inspiration","Yohane:Impressive_Display","Yohane:Grace_Under_Fire+1","Yohane:Introspection","Yohane:Lust+1","Yohane:Runaway_Umbrella","Yohane:Little_Demon_Ruby+1","Yohane:Fallen_Dragon_Phoenix_Hold+1","Yohane:Soul_Peek+1","Yohane:Little_Demon_Chika+1","Yohane:Little_Demon_Recruit+1","Yohane:Take_Flight+1","Yohane:Guilty_Kiss+1","Yohane:Little_Demon_Lily+1","Yohane:Mijuku_Dreamer+1","Yohane:Retaliation+1","Yohane:Energetic_Performance+1"],"relics":["Yohane:AngelWings","halation:VictoryRuler","halation:PenCase","LagranYue:GuideDeadRelic","DaveBox","LagranYue:RandomDrawCardRelic","BionicSphere","SynthV:TestCard","LetterFromLob","War Paint","Omamori","MagicDraw2","LaetitiaHeart","LagranYue:SoulBurningRelic","SecretRecord","Membership Card"],"acts_visited":["Exordium","TheCity"],"potions_floor_usage":[16,24],"damage_taken":[{"damage":0,"enemies":"Cultist","floor":1,"turns":3},{"damage":0,"enemies":"ats:Genji","floor":3,"turns":2},{"damage":0,"enemies":"Jaw Worm","floor":5,"turns":2},{"damage":0,"enemies":"Exordium Thugs","floor":8,"turns":2},{"damage":0,"enemies":"Looter","floor":11,"turns":2},{"damage":0,"enemies":"3 Louse","floor":13,"turns":2},{"damage":5,"enemies":"3 Louse","floor":14,"turns":3},{"damage":0,"enemies":"Hexaghost","floor":16,"turns":7},{"damage":0,"enemies":"Spheric Guardian","floor":18,"turns":3},{"damage":11,"enemies":"Shell Parasite","floor":21,"turns":5},{"damage":47,"enemies":"Shelled Parasite and Fungi","floor":22,"turns":3},{"damage":0,"enemies":"3 Cultists","floor":24,"turns":5},{"damage":0,"enemies":"Snake Plant","floor":28,"turns":3}],"seed_played":"7172948883594583519","potions_obtained":[{"floor":1,"key":"SpeedPotion"},{"floor":3,"key":"Dexterity Potion"},{"floor":8,"key":"SmokeBomb"},{"floor":16,"key":"DistilledChaos"},{"floor":18,"key":"DistilledChaos"},{"floor":22,"key":"Guardian:BlockOnCardUsePotion"}],"is_trial":false,"path_per_floor":["M","$","M","$","M","R","?","M","T","R","M","R","M","M","R","B",null,"M","?","?","M","M","R","M","R","T","$","M"],"character_chosen":"FallenAngel","items_purchased":["Yohane:Grace_Under_Fire","Yohane:Introspection","Yohane:Lust","War Paint","Omamori","Yohane:Little_Demon_Ruby","SecretRecord","Membership Card"],"campfire_rested":0,"item_purchase_floors":[2,2,2,2,4,4,27,27],"current_hp_per_floor":[500,500,500,500,500,500,500,500,500,500,500,500,500,495,495,495,500,500,494,494,483,436,436,436,436,436,436,436,436],"gold":9294,"neow_bonus":"THREE_CARDS","is_daily":false,"chose_seed":false,"campfire_upgraded":11,"win_rate":0.0,"timestamp":1613184962,"path_taken":["M","?","M","$","M","R","?","?","T","R","M","R","M","M","R","BOSS","M","?","?","?","M","R","M","R","T","$","M"],"items_purchased_type":["Card","Card","Card","Relic","Relic","Card","Relic","Relic"],"build_version":"2020-12-22","purchased_purges":0,"victory":false,"max_hp_per_floor":[500,500,500,500,500,500,500,500,500,500,500,500,500,500,500,500,500,500,500,500,500,500,500,500,500,500,500,500,500],"card_choices":[{"not_picked":["Yohane:Dark_Shield","Yohane:Angel_Tears"],"picked":"Yohane:Inspiration","floor":0.0},{"not_picked":["Yohane:Adept_Technology","Yohane:Kowareyasuki"],"picked":"Yohane:Impressive_Display","floor":1},{"not_picked":["Yohane:Excitement","Yohane:Livestream_Donation","Yohane:Hell_Zone","Yohane:Impressive_Display"],"picked":"Yohane:Runaway_Umbrella","floor":3},{"not_picked":["Yohane:Introspection","Yohane:Gluttony","Yohane:Dark_Rest","Yohane:Misfortune"],"picked":"Yohane:Fallen_Dragon_Phoenix_Hold","floor":5},{"not_picked":["Yohane:Lailapse","Yohane:Little_Demon_Ruby","Yohane:Miracle_Wave","Yohane:Schwarz_Sechs"],"picked":"Yohane:Soul_Peek","floor":8},{"not_picked":["Yohane:Dark_Shield","Yohane:Angel_Tears","Yohane:Dark_Rest","Yohane:Schwarz_Sechs"],"picked":"Yohane:Little_Demon_Chika","floor":11},{"not_picked":["Yohane:Little_Demon_Chika","Yohane:Scorn","Yohane:Modore","Yohane:Perfection"],"picked":"Yohane:Little_Demon_Recruit","floor":14},{"not_picked":["Yohane:Unstable_World","Yohane:Witch_Trick","Yohane:Prideful_Crash","Yohane:Stealth_Mode"],"picked":"Yohane:Take_Flight","floor":16},{"not_picked":["Yohane:Academic_Prowess","Yohane:Kowareyasuki","Yohane:Misfortune","Yohane:Impressive_Display"],"picked":"Yohane:Guilty_Kiss+1","floor":18},{"not_picked":["Yohane:Backfoot","Yohane:Hakodate","Yohane:Misfortune","Yohane:Allure_of_Darkness"],"picked":"Yohane:Mijuku_Dreamer+1","floor":21},{"not_picked":["Yohane:Energy_Change","Yohane:Excitement","Yohane:Accelerator+1","Yohane:Guilty_Kiss"],"picked":"Yohane:Retaliation+1","floor":22},{"not_picked":["Yohane:Energy_Change+1","Yohane:Little_Demon_Hanamaru","Yohane:Inspiration+1","Yohane:Lailapse"],"picked":"Yohane:Energetic_Performance","floor":24}],"player_experience":186598,"relics_obtained":[{"floor":1,"key":"SynthV:TestCard"},{"floor":1,"key":"LetterFromLob"},{"floor":9,"key":"MagicDraw2"}],"event_choices":[{"damage_healed":0,"gold_gain":0,"player_choice":"Ignored","damage_taken":0,"max_hp_gain":0,"max_hp_loss":0,"event_name":"Purifier","floor":7,"gold_loss":0},{"damage_healed":0,"gold_gain":0,"player_choice":"","damage_taken":6,"max_hp_gain":0,"max_hp_loss":0,"event_name":"Knowing Skull","floor":19,"potions_obtained":[],"gold_loss":0,"cards_obtained":[]},{"damage_healed":0,"gold_gain":0,"player_choice":"1 cards matched","damage_taken":0,"max_hp_gain":0,"max_hp_loss":0,"event_name":"Match and Keep!","floor":20,"gold_loss":0,"cards_obtained":["Yohane:Little_Demon_Lily"]}],"is_beta":false,"boss_relics":[{"not_picked":["xbg","LagranYue:ContractPerformanceRelic"],"picked":"LagranYue:SoulBurningRelic"}],"items_purged_floors":[],"is_endless":false,"potions_floor_spawned":[1,3,8,16,18,22],"killed_by":"Snake Plant","ascension_level":0}}