{"host":"w01zow3jg16g8jdh","time":1613223443,"event":{"mods":["2.2 Compatiblity","AchievementEnabler","BaseMod","DeckTracker","Hermit","Keyboard Shortcuts","Marisa£¨Ùöéë¡¡Øª×âÞÞ£©","Minty Spire (QoL Compilation)","Permanent Neow","StSLib","SuperFastMode"],"gold_per_floor":[360,394,419,448,125,173,190,190,190,215,215,215,215,232,232,349,349,381,381,124,124,124,124,156,156,208,208,228,258,258,283,283,399,399,430,158,175,190,213,246,246,289,315,315,315,315,315],"floor_reached":46,"language":"KOR","playtime":1453,"items_purged":["Strike_MRS","Defend_MRS","Strike_MRS"],"score":852,"play_id":"251a4daa-686d-4207-a4a9-49e7dbcd45c8","local_time":"20210213223723","is_ascension_mode":true,"campfire_choices":[{"data":"AbsoluteMagnitude","floor":8.0,"key":"SMITH"},{"floor":12.0,"key":"REST"},{"data":"EnergyFlow","floor":15.0,"key":"SMITH"},{"floor":25.0,"key":"REST"},{"data":"MysteriousBeam","floor":27.0,"key":"SMITH"},{"floor":30,"key":"REST"},{"data":"GalacticHalo","floor":32,"key":"SMITH"},{"floor":41,"key":"REST"}],"circlet_count":0,"master_deck":["Strike_MRS","Defend_MRS+1","Defend_MRS","Defend_MRS","MasterSpark","UpSweep","WitchOfGreed","Acceleration+1","AbsoluteMagnitude+1","EnergyFlow+1","GalacticHalo+1","MysteriousBeam+1","MillisecondPulsars+1","SuperNova","EventHorizon+1","MagicAbsorber","Writhe","6A+1","EscapeVelocity","Parasite","Parasite","GrandCross","Master of Strategy"],"relics":["MiniHakkero","Kunai","Prayer Wheel","Black Star","Bag of Marbles","Eternal Feather","Incense Burner","Bag of Preparation","MealTicket","Centennial Puzzle","Fusion Hammer","ShroomBag","Lantern","War Paint","Darkstone Periapt","Potion Belt","Singing Bowl"],"acts_visited":["Exordium","TheCity","TheBeyond"],"potions_floor_usage":[31,33,33,38,40,46,46],"damage_taken":[{"damage":1.0,"enemies":"Cultist","floor":1.0,"turns":4.0},{"damage":7.0,"enemies":"Small Slimes","floor":2.0,"turns":4.0},{"damage":0.0,"enemies":"2 Louse","floor":3.0,"turns":4.0},{"damage":7.0,"enemies":"Large Slime","floor":4.0,"turns":6.0},{"damage":30.0,"enemies":"3 Sentries","floor":6.0,"turns":6.0},{"damage":11.0,"enemies":"Looter","floor":7.0,"turns":4.0},{"damage":2.0,"enemies":"3 Louse","floor":10.0,"turns":4.0},{"damage":0.0,"enemies":"Gremlin Gang","floor":14.0,"turns":3.0},{"damage":0.0,"enemies":"Slime Boss","floor":16.0,"turns":3.0},{"damage":17.0,"enemies":"3 Byrds","floor":18.0,"turns":7.0},{"damage":57.0,"enemies":"Book of Stabbing","floor":24.0,"turns":5.0},{"damage":10.0,"enemies":"Shell Parasite","floor":28.0,"turns":4.0},{"damage":27,"enemies":"Chosen and Byrds","floor":29,"turns":5},{"damage":23,"enemies":"Gremlin Leader","floor":31,"turns":4},{"damage":1,"enemies":"Automaton","floor":33,"turns":6},{"damage":0,"enemies":"3 Shapes","floor":35,"turns":5},{"damage":3,"enemies":"Orb Walker","floor":37,"turns":2},{"damage":43,"enemies":"3 Darklings","floor":38,"turns":6},{"damage":8,"enemies":"Giant Head","floor":40,"turns":5},{"damage":21,"enemies":"Reptomancer","floor":42,"turns":6},{"damage":49,"enemies":"4 Shapes","floor":46,"turns":3}],"seed_played":"1242040460950753825","potions_obtained":[{"floor":2.0,"key":"DistilledChaos"},{"floor":3.0,"key":"SkillPotion"},{"floor":4.0,"key":"LiquidBronze"},{"floor":6.0,"key":"Block Potion"},{"floor":6.0,"key":"FearPotion"},{"floor":10.0,"key":"SpeedPotion"},{"floor":10.0,"key":"Explosive Potion"},{"floor":16.0,"key":"SteroidPotion"},{"floor":16.0,"key":"Energy Potion"},{"floor":18.0,"key":"BottledSpark"},{"floor":29,"key":"Swift Potion"},{"floor":31,"key":"Dexterity Potion"},{"floor":33,"key":"SkillPotion"},{"floor":33,"key":"Weak Potion"},{"floor":35,"key":"AttackPotion"},{"floor":38,"key":"Energy Potion"},{"floor":40,"key":"Energy Potion"},{"floor":42,"key":"SmokeBomb"}],"is_trial":false,"path_per_floor":["M","M","M","M","$","E","M","R","T","M","?","R","?","M","R","B",null,"M","?","$","?","?","?","E","R","T","R","M","M","R","E","R","B",null,"M","$","M","M","T","E","R","E","T","?","?","M"],"character_chosen":"MARISA","items_purchased":["AbsoluteMagnitude","EnergyFlow","GalacticHalo","Bag of Marbles","ShroomBag"],"campfire_rested":4,"item_purchase_floors":[5,5,5,20,36],"current_hp_per_floor":[67,60,60,53,53,23,12,12,12,10,3,23,23,23,23,23,57,40,62,62,62,62,62,5,34,34,43,33,6,35,12,21,20,56,56,68,67,28,28,24,56,41,41,41,41,0,0],"gold":315,"neow_bonus":"TWO_FIFTY_GOLD","is_daily":false,"chose_seed":false,"campfire_upgraded":4,"win_rate":0.0,"timestamp":1613223443,"path_taken":["M","M","?","M","$","E","M","R","T","M","?","R","?","M","R","BOSS","M","?","$","?","?","?","E","R","T","R","M","M","R","E","R","BOSS","M","$","?","M","?","E","R","E","T","?","?","?"],"items_purchased_type":["Card","Card","Card","Relic","Relic"],"build_version":"2020-12-22","purchased_purges":3,"victory":false,"max_hp_per_floor":[68,68,68,68,68,68,68,68,68,68,68,68,68,68,68,68,68,68,68,68,68,68,68,68,68,68,68,68,68,68,68,68,68,68,68,68,68,68,68,68,68,70,70,70,66,66,66],"card_choices":[{"not_picked":["UnstableBomb","ChargeUpSpray"],"picked":"WitchOfGreed","floor":1.0},{"not_picked":["PulseMagic","MeteoricShower","MachineGunSpark"],"picked":"SKIP","floor":2.0},{"not_picked":["DarkSpark","StarBarrage"],"picked":"Acceleration","floor":3.0},{"not_picked":["DeepEcoloBomb","ShootingEcho","PowerUp"],"picked":"SKIP","floor":4.0},{"not_picked":["NonDirectionalLaser","GalacticHalo","WitchLeyline"],"picked":"SKIP","floor":6.0},{"not_picked":["StarlightTyphoon","GalacticHalo","ShootingEcho"],"picked":"SKIP","floor":7.0},{"not_picked":["NonDirectionalLaser","UnstableBomb"],"picked":"MysteriousBeam","floor":10.0},{"not_picked":["GalacticHalo","AlicesGift","Orbital"],"picked":"SKIP","floor":10.0},{"not_picked":["ShootingEcho","SporeBomb"],"picked":"MillisecondPulsars","floor":14.0},{"not_picked":["AsteroidBelt","PowerUp","GravityBeat"],"picked":"SKIP","floor":14.0},{"not_picked":["MillisecondPulsars","FinalSpark"],"picked":"SuperNova","floor":16.0},{"not_picked":["Acceleration+1","NonDirectionalLaser+1"],"picked":"EventHorizon+1","floor":18.0},{"not_picked":["RefractionSpark","Acceleration"],"picked":"MagicAbsorber","floor":18.0},{"not_picked":["GravityBeat","MilkyWay","MeteoricShower"],"picked":"SKIP","floor":24.0},{"not_picked":["IllusionStar","AsteroidBelt","UnstableBomb"],"picked":"SKIP","floor":28.0},{"not_picked":["DC","IllusionStar","WitchOfGreed"],"picked":"SKIP","floor":28.0},{"not_picked":["GravityBeat+1","OortCloud"],"picked":"6A+1","floor":29},{"not_picked":["IllusionStar+1","PowerUp","LuminesStrike"],"picked":"SKIP","floor":29},{"not_picked":["LuminesStrike","MysteriousBeam+1","Singularity"],"picked":"SKIP","floor":31},{"not_picked":["SuperNova","MillisecondPulsars"],"picked":"EscapeVelocity","floor":33},{"not_picked":["NonDirectionalLaser+1","GasGiant","OrrerysSun+1"],"picked":"SKIP","floor":35},{"not_picked":["DC","SuperPerseids+1","MagicAbsorber"],"picked":"SKIP","floor":35},{"not_picked":["StarlightTyphoon","DarkSpark","OpenUniverse"],"picked":"SKIP","floor":37},{"not_picked":["GravityBeat","AlicesGift","PowerUp+1"],"picked":"SKIP","floor":37},{"not_picked":["UnstableBomb","OpenUniverse","GravityBeat"],"picked":"SKIP","floor":38},{"not_picked":["PowerUp+1","StarBarrage+1","LuminesStrike+1"],"picked":"SKIP","floor":38},{"not_picked":["PowerUp+1","ShootingEcho"],"picked":"GrandCross","floor":40},{"not_picked":["AlicesGift","DoubleSpark","MagicAbsorber"],"picked":"Singing Bowl","floor":42},{"not_picked":["Chrysalis","Mayhem"],"picked":"Master of Strategy","floor":44}],"player_experience":382791,"relics_obtained":[{"floor":6.0,"key":"Kunai"},{"floor":9.0,"key":"Prayer Wheel"},{"floor":24.0,"key":"Incense Burner"},{"floor":24.0,"key":"Bag of Preparation"},{"floor":26.0,"key":"MealTicket"},{"floor":31,"key":"Centennial Puzzle"},{"floor":39,"key":"Lantern"},{"floor":40,"key":"War Paint"},{"floor":40,"key":"Darkstone Periapt"},{"floor":42,"key":"Potion Belt"},{"floor":42,"key":"Singing Bowl"}],"event_choices":[{"cards_removed":["Strike_MRS"],"damage_healed":0.0,"max_hp_gain":0.0,"max_hp_loss":0.0,"gold_gain":0.0,"event_name":"Golden Wing","player_choice":"Card Removal","floor":11.0,"gold_loss":0.0,"damage_taken":7.0},{"damage_healed":0.0,"max_hp_gain":0.0,"max_hp_loss":0.0,"gold_gain":0.0,"event_name":"Liars Game","player_choice":"Ignored","floor":13.0,"gold_loss":0.0,"damage_taken":0.0},{"damage_healed":22.0,"max_hp_gain":0.0,"max_hp_loss":0.0,"gold_gain":0.0,"event_name":"The Library","player_choice":"Heal","floor":19.0,"gold_loss":0.0,"damage_taken":0.0},{"damage_healed":0.0,"max_hp_gain":0.0,"max_hp_loss":0.0,"gold_gain":0.0,"event_name":"Vampires","player_choice":"Ignored","floor":21.0,"gold_loss":0.0,"damage_taken":0.0},{"damage_healed":0.0,"max_hp_gain":0.0,"max_hp_loss":0.0,"gold_gain":0.0,"event_name":"The Mausoleum","player_choice":"Opened","floor":22.0,"gold_loss":0.0,"damage_taken":0.0,"relics_obtained":["Eternal Feather"],"cards_obtained":["Writhe"]},{"damage_healed":0.0,"max_hp_gain":0.0,"max_hp_loss":0.0,"gold_gain":0.0,"event_name":"Upgrade Shrine","player_choice":"Upgraded","floor":23.0,"gold_loss":0.0,"damage_taken":0.0,"cards_upgraded":["MillisecondPulsars"]},{"damage_healed":0,"gold_gain":0,"player_choice":"Memory 1","damage_taken":0,"max_hp_gain":0,"max_hp_loss":0,"event_name":"SensoryStone","floor":44,"gold_loss":0},{"damage_healed":0,"gold_gain":0,"player_choice":"Max HP","damage_taken":0,"max_hp_gain":0,"max_hp_loss":4,"event_name":"Winding Halls","floor":45,"gold_loss":0}],"is_beta":false,"boss_relics":[{"not_picked":["Busted Crown","Tiny House"],"picked":"Black Star"},{"not_picked":["Runic Pyramid","Velvet Choker"],"picked":"Fusion Hammer"}],"items_purged_floors":[5,20,36],"is_endless":false,"potions_floor_spawned":[3,6,10,16,31,33,38,40],"killed_by":"4 Shapes","ascension_level":8}}