{"host":"jvrojcijqdlksu05","time":1613207422,"event":{"mods":["BaseMod","Highlight Path","Minty Spire (QoL Compilation)","Relic Stats","StSLib"],"gold_per_floor":[114,126,126,53,67,96,96,96,123,157,173,173,237,249,249,347,347,364,375,300,315,315,315,315],"floor_reached":23,"language":"ENG","playtime":864,"items_purged":[],"score":211,"play_id":"fabcacde-ae14-4ecb-a04a-70d5a87e6953","local_time":"20210213011022","is_ascension_mode":true,"campfire_choices":[{"data":"True Grit","floor":7,"key":"SMITH"},{"data":"True Grit","floor":12,"key":"SMITH"},{"data":"Uppercut","floor":15,"key":"SMITH"}],"circlet_count":0,"master_deck":["Strike_R","Strike_R","Strike_R","Defend_R","Defend_R","Defend_R","Defend_R","Bash","True Grit+1","Dropkick","Uppercut+1","Rampage","True Grit+1","Spot Weakness","Double Tap","Battle Trance"],"relics":["Black Blood","NeowsBlessing","Bag of Marbles","StoneCalendar","Blue Candle","Singing Bowl"],"acts_visited":["Exordium","TheCity"],"potions_floor_usage":[13,13,18,23],"damage_taken":[{"damage":0,"enemies":"Cultist","floor":1,"turns":1},{"damage":0,"enemies":"Jaw Worm","floor":2,"turns":1},{"damage":0,"enemies":"2 Louse","floor":5,"turns":1},{"damage":42,"enemies":"3 Sentries","floor":6,"turns":10},{"damage":19,"enemies":"Lagavulin","floor":10,"turns":7},{"damage":3,"enemies":"Looter","floor":11,"turns":3},{"damage":15,"enemies":"Lagavulin Event","floor":13,"turns":5},{"damage":2,"enemies":"Blue Slaver","floor":14,"turns":3},{"damage":10,"enemies":"The Guardian","floor":16,"turns":9},{"damage":15,"enemies":"3 Byrds","floor":18,"turns":7},{"damage":12,"enemies":"Chosen","floor":19,"turns":5},{"damage":40,"enemies":"Sentry and Sphere","floor":21,"turns":7},{"damage":65,"enemies":"Slavers","floor":23,"turns":3}],"seed_played":"-502568432507679139","potions_obtained":[{"floor":5,"key":"SteroidPotion"},{"floor":11,"key":"ColorlessPotion"},{"floor":13,"key":"Dexterity Potion"},{"floor":16,"key":"Block Potion"}],"is_trial":false,"path_per_floor":["M","M","?","$","M","E","R","?","T","E","M","R","?","M","R","B",null,"M","M","?","M","T","E"],"character_chosen":"IRONCLAD","items_purchased":["Uppercut"],"campfire_rested":0,"item_purchase_floors":[4],"current_hp_per_floor":[80,80,73,73,79,43,43,48,48,35,38,38,29,33,33,29,85,82,82,82,54,54,0,0],"gold":315,"neow_bonus":"THREE_ENEMY_KILL","is_daily":false,"chose_seed":false,"campfire_upgraded":3,"win_rate":0.0,"timestamp":1613207422,"path_taken":["M","?","?","$","M","E","R","?","T","E","M","R","?","M","R","BOSS","M","M","?","M","?","E"],"items_purchased_type":["Card"],"build_version":"2020-12-22","purchased_purges":0,"victory":false,"max_hp_per_floor":[80,80,80,80,80,80,80,85,85,85,85,85,85,85,85,85,85,85,85,85,85,85,85,85],"relic_stats":{"Singing Bowl":0,"counters":[13,62],"Blue Candle":[0],"Black Blood":78,"StoneCalendar":[63],"obtain_stats":[{"NeowsBlessing":0,"Singing Bowl":22,"Blue Candle":13,"Black Blood":17,"StoneCalendar":10,"Bag of Marbles":6,"Burning Blood":0},{"NeowsBlessing":0,"Singing Bowl":12,"Blue Candle":7,"Black Blood":9,"StoneCalendar":5,"Bag of Marbles":4,"Burning Blood":0},{"NeowsBlessing":0,"Singing Bowl":59,"Blue Candle":28,"Black Blood":40,"StoneCalendar":20,"Bag of Marbles":13,"Burning Blood":0}]},"card_choices":[{"not_picked":["Pommel Strike","Warcry"],"picked":"True Grit","floor":1},{"not_picked":["True Grit","Shrug It Off"],"picked":"Dropkick","floor":2},{"not_picked":["Flex","Clash"],"picked":"Rampage","floor":5},{"not_picked":["Sever Soul","Fire Breathing"],"picked":"True Grit","floor":6},{"not_picked":["Body Slam","Sword Boomerang"],"picked":"Spot Weakness","floor":10},{"not_picked":["Sword Boomerang","Seeing Red","Exhume"],"picked":"SKIP","floor":11},{"not_picked":["Twin Strike","Evolve","Sword Boomerang"],"picked":"SKIP","floor":14},{"not_picked":["Juggernaut","Limit Break"],"picked":"Double Tap","floor":16},{"not_picked":["Uppercut","Thunderclap","Sword Boomerang"],"picked":"SKIP","floor":18},{"not_picked":["Body Slam","Rampage"],"picked":"Battle Trance","floor":19},{"not_picked":["Evolve","Warcry","Infernal Blade+1"],"picked":"SKIP","floor":21}],"player_experience":1321912,"relics_obtained":[{"floor":6,"key":"Bag of Marbles"},{"floor":10,"key":"StoneCalendar"},{"floor":13,"key":"Blue Candle"},{"floor":22,"key":"Singing Bowl"}],"event_choices":[{"cards_removed":["Strike_R"],"damage_healed":0,"gold_gain":0,"player_choice":"Card Removal","damage_taken":7,"max_hp_gain":0,"max_hp_loss":0,"event_name":"Golden Wing","floor":3,"gold_loss":0},{"damage_healed":0,"gold_gain":0,"player_choice":"Donut","damage_taken":0,"max_hp_gain":5,"max_hp_loss":0,"event_name":"Big Fish","floor":8,"gold_loss":0},{"damage_healed":0,"gold_gain":30,"player_choice":"Searched \u00272\u0027 times","damage_taken":0,"max_hp_gain":0,"max_hp_loss":0,"event_name":"Dead Adventurer","floor":13,"gold_loss":0},{"cards_removed":["Strike_R"],"damage_healed":0,"gold_gain":0,"player_choice":"Gave Gold","damage_taken":0,"max_hp_gain":0,"max_hp_loss":0,"event_name":"Beggar","floor":20,"gold_loss":75}],"is_beta":false,"boss_relics":[{"not_picked":["Snecko Eye","Ectoplasm"],"picked":"Black Blood"}],"items_purged_floors":[],"is_endless":false,"potions_floor_spawned":[5,11,13,16],"killed_by":"Slavers","ascension_level":1}}