{"host":"nc31xc38ptxi6d4c","time":1613189508,"event":{"mods":["BaseMod","Curses Come First","Evolution","Minty Spire (QoL Compilation)","StSLib"],"gold_per_floor":[116,132,53,53,53,89,89,89,136,157,173,209,134,134,134,259,259,284,284,184,259,272,272,147,160,237,237,251,285,303,303,303,429,429,443,443,443,293,316,316,141,160,160,180,180,204,224,242,242,242,242,242,42,73,73,73],"floor_reached":55,"language":"ENG","playtime":2416,"items_purged":["Defend_B","Defend_B","Rebound","Beam Cell","Dualcast","Doubt"],"score":662,"play_id":"b14868f4-6799-45c9-87b5-98bac89bfd3a","local_time":"20210212221148","is_ascension_mode":false,"campfire_choices":[{"data":"Defragment","floor":7,"key":"SMITH"},{"floor":15,"key":"REST"},{"floor":23,"key":"REST"},{"data":"Chaos","floor":27,"key":"SMITH"},{"floor":32,"key":"REST"},{"data":"Capacitor","floor":40,"key":"SMITH"},{"floor":49,"key":"RECALL"},{"data":"Defragment","floor":52,"key":"SMITH"}],"circlet_count":0,"master_deck":["Ball Lightning","Zap","Coolheaded","Defragment+1","Defragment+1","Cold Snap","Chaos+1","Seek","Force Field","Force Field","Capacitor+1","Blizzard","Glacier","Defragment+1","Madness","Madness","Parasite","Redo+1","Redo+1"],"relics":["Cracked Core","EVO:Axolotl","NeowsBlessing","Golden Idol","Meat on the Bone","DataDisk","Odd Mushroom","Nuclear Battery","Question Card","Empty Cage","Du-Vu Doll","Nunchaku"],"acts_visited":["Exordium","TheCity","TheBeyond","TheEnding"],"potions_floor_usage":[25,25,33,46,47,50,55,55],"damage_taken":[{"damage":0,"enemies":"2 Louse","floor":1,"turns":1},{"damage":0,"enemies":"Jaw Worm","floor":2,"turns":1},{"damage":0,"enemies":"3 Sentries","floor":6,"turns":1},{"damage":0,"enemies":"Small Slimes","floor":10,"turns":2},{"damage":1,"enemies":"Exordium Thugs","floor":11,"turns":3},{"damage":26,"enemies":"The Mushroom Lair","floor":12,"turns":3},{"damage":3,"enemies":"The Guardian","floor":16,"turns":8},{"damage":23,"enemies":"Shell Parasite","floor":18,"turns":5},{"damage":1,"enemies":"3 Byrds","floor":22,"turns":3},{"damage":0,"enemies":"Snake Plant","floor":25,"turns":3},{"damage":4,"enemies":"Shelled Parasite and Fungi","floor":28,"turns":4},{"damage":27,"enemies":"Slavers","floor":29,"turns":6},{"damage":0,"enemies":"Snecko","floor":30,"turns":4},{"damage":13,"enemies":"Automaton","floor":33,"turns":11},{"damage":3,"enemies":"3 Shapes","floor":35,"turns":4},{"damage":8,"enemies":"Orb Walker","floor":39,"turns":4},{"damage":7,"enemies":"Sphere and 2 Shapes","floor":42,"turns":6},{"damage":12,"enemies":"Writhing Mass","floor":44,"turns":5},{"damage":5,"enemies":"4 Shapes","floor":46,"turns":5},{"damage":10,"enemies":"3 Darklings","floor":47,"turns":5},{"damage":25,"enemies":"Jaw Worm Horde","floor":48,"turns":5},{"damage":16,"enemies":"Donu and Deca","floor":50,"turns":12},{"damage":70,"enemies":"Shield and Spear","floor":54,"turns":8},{"damage":32,"enemies":"The Heart","floor":55,"turns":2}],"seed_played":"706307142380786954","potions_obtained":[{"floor":1,"key":"LiquidMemories"},{"floor":18,"key":"LiquidMemories"},{"floor":30,"key":"Strength Potion"},{"floor":33,"key":"Energy Potion"},{"floor":35,"key":"PotionOfCapacity"},{"floor":46,"key":"Fruit Juice"},{"floor":47,"key":"PotionOfCapacity"},{"floor":54,"key":"PotionOfCapacity"}],"is_trial":false,"path_per_floor":["M","M","$","?","$","E","R","?","T","M","M","?","$","?","R","B",null,"M","?","$","?","M","R","$","M","T","R","M","E","M","?","R","B",null,"M","?","?","$","M","R","$","M","T","M","?","M","M","M","R","B",null,"R","$","E","B"],"character_chosen":"DEFECT","items_purchased":["Defragment"],"campfire_rested":3,"item_purchase_floors":[3],"current_hp_per_floor":[75,75,75,57,57,57,57,50,50,50,49,35,35,35,57,54,75,52,52,52,45,44,66,66,66,66,66,62,47,47,47,69,56,75,72,63,63,63,55,55,55,48,48,48,75,75,65,52,52,48,80,80,80,22,0,0],"gold":73,"neow_bonus":"THREE_ENEMY_KILL","is_daily":false,"chose_seed":false,"campfire_upgraded":4,"win_rate":0.0,"timestamp":1613189508,"path_taken":["M","M","$","?","$","E","R","?","T","M","M","?","?","?","R","BOSS","M","?","$","?","M","R","$","?","T","R","M","E","M","?","R","BOSS","M","?","?","$","?","R","$","M","T","M","?","M","M","M","R","BOSS","R","$","E","BOSS"],"items_purchased_type":["Card"],"build_version":"2020-12-22","purchased_purges":6,"victory":false,"max_hp_per_floor":[75,75,75,75,75,75,75,75,75,75,75,75,75,75,75,75,75,75,75,75,75,75,75,75,75,75,75,75,75,75,75,75,75,75,75,75,75,75,75,75,75,75,75,75,75,80,80,80,80,80,80,80,80,80,80,80],"card_choices":[{"not_picked":["Undo","Skim","Darkness"],"picked":"SKIP","floor":1},{"not_picked":["Barrage","Hologram"],"picked":"Coolheaded","floor":2},{"not_picked":["Compile Driver","FTL"],"picked":"Defragment","floor":6},{"not_picked":["Sweeping Beam","Barrage","Stack"],"picked":"SKIP","floor":10},{"not_picked":["Streamline","Melter"],"picked":"Cold Snap","floor":11},{"not_picked":["Stack","Streamline"],"picked":"Chaos","floor":12},{"not_picked":["Biased Cognition","Multi-Cast"],"picked":"Seek","floor":16},{"not_picked":["Consume+1","Coolheaded","Melter"],"picked":"SKIP","floor":18},{"not_picked":["Rebound","Loop"],"picked":"Force Field","floor":22},{"not_picked":["Compile Driver","Tempest","Skim"],"picked":"SKIP","floor":25},{"not_picked":["Coolheaded","Sweeping Beam+1"],"picked":"Capacitor","floor":28},{"not_picked":["Hologram","Coolheaded"],"picked":"Blizzard","floor":29},{"not_picked":["Coolheaded","Darkness","FTL+1"],"picked":"Glacier","floor":30},{"not_picked":["Chill+1","Redo","Barrage+1"],"picked":"Defragment","floor":35},{"not_picked":["Steam+1","Turbo","Streamline+1","Loop+1"],"picked":"SKIP","floor":39},{"not_picked":["Leap","Streamline+1","Rebound","Stack"],"picked":"SKIP","floor":42},{"not_picked":["Steam","Leap","Machine Learning","Turbo"],"picked":"SKIP","floor":44},{"not_picked":["Sweeping Beam","Heatsinks","Double Energy+1","Doom and Gloom"],"picked":"SKIP","floor":46},{"not_picked":["Lockon+1","Undo+1","Coolheaded","Compile Driver"],"picked":"SKIP","floor":47},{"not_picked":["Compile Driver","Skim","BootSequence+1"],"picked":"Redo+1","floor":48},{"not_picked":["Machine Learning","Gash+1","Recycle+1"],"picked":"Redo+1","floor":54}],"player_experience":149241,"relics_obtained":[{"floor":6,"key":"Meat on the Bone"},{"floor":9,"key":"DataDisk"},{"floor":12,"key":"Odd Mushroom"},{"floor":29,"key":"Question Card"},{"floor":43,"key":"Du-Vu Doll"},{"floor":54,"key":"Nunchaku"}],"event_choices":[{"damage_healed":0,"gold_gain":0,"player_choice":"Take Damage","damage_taken":18,"relics_obtained":["Golden Idol"],"max_hp_gain":0,"max_hp_loss":0,"event_name":"Golden Idol","floor":4,"gold_loss":0},{"cards_removed":["Defend_B"],"damage_healed":0,"gold_gain":0,"player_choice":"Card Removal","damage_taken":7,"max_hp_gain":0,"max_hp_loss":0,"event_name":"Golden Wing","floor":8,"gold_loss":0},{"damage_healed":0,"gold_gain":0,"player_choice":"Fought Mushrooms","damage_taken":0,"max_hp_gain":0,"max_hp_loss":0,"event_name":"Mushrooms","floor":12,"gold_loss":0},{"damage_healed":0,"gold_gain":0,"player_choice":"Upgraded","damage_taken":0,"max_hp_gain":0,"max_hp_loss":0,"event_name":"Upgrade Shrine","floor":14,"gold_loss":0,"cards_upgraded":["Defragment"]},{"damage_healed":0,"gold_gain":0,"player_choice":"Read","damage_taken":0,"max_hp_gain":0,"max_hp_loss":0,"event_name":"The Library","floor":19,"gold_loss":0,"cards_obtained":["Force Field"]},{"damage_healed":0,"gold_gain":75,"player_choice":"Touch","damage_taken":7,"max_hp_gain":0,"max_hp_loss":0,"event_name":"FaceTrader","floor":21,"gold_loss":0},{"damage_healed":0,"gold_gain":0,"player_choice":"Ignored","damage_taken":0,"max_hp_gain":0,"max_hp_loss":0,"event_name":"Vampires","floor":31,"gold_loss":0},{"damage_healed":0,"gold_gain":0,"player_choice":"Embrace Madness","damage_taken":9,"max_hp_gain":0,"max_hp_loss":0,"event_name":"Winding Halls","floor":36,"gold_loss":0,"cards_obtained":["Madness","Madness"]},{"damage_healed":0,"gold_gain":0,"cards_transformed":["Sweeping Beam"],"player_choice":"Transformed","damage_taken":0,"max_hp_gain":0,"max_hp_loss":0,"event_name":"Transmorgrifier","floor":37,"gold_loss":0,"cards_obtained":["Beam Cell"]},{"damage_healed":27,"gold_gain":0,"player_choice":"Heal","damage_taken":0,"max_hp_gain":0,"max_hp_loss":0,"event_name":"MindBloom","floor":45,"gold_loss":0,"cards_obtained":["Doubt"]}],"is_beta":false,"boss_relics":[{"not_picked":["Pandora\u0027s Box","Black Star"],"picked":"Nuclear Battery"},{"not_picked":["Coffee Dripper","SacredBark"],"picked":"Empty Cage"}],"items_purged_floors":[13,20,24,38,41,53],"is_endless":false,"potions_floor_spawned":[1,18,30,33,35,46,47,54],"killed_by":"The Heart","ascension_level":0}}