{"host":"6ggzka4dag2kvku2","time":1613220260,"event":{"mods":["AchievementEnabler","BaseMod","DeckTracker","Minty Spire (QoL Compilation)","Permanent Neow","Quick Restart","SuperFastMode"],"gold_per_floor":[413,413,53,68,82,82,113,41,92,107,135,158,20,34,34,34,34],"floor_reached":16,"language":"KOR","playtime":1083,"items_purged":["Strike_B","Strike_B"],"score":132,"play_id":"220be4cf-110c-4681-8482-59770f53c0b4","local_time":"20210213214420","is_ascension_mode":true,"campfire_choices":[{"data":"Dualcast","floor":6,"key":"SMITH"},{"data":"Blizzard","floor":15,"key":"SMITH"}],"circlet_count":0,"master_deck":["Strike_B+1","Strike_B","Defend_B","Defend_B","Defend_B+1","Defend_B","Zap","Dualcast+1","Conserve Battery","Core Surge","Blizzard+1","Coolheaded","Secret Weapon","Steam+1","Hologram","Cold Snap+1","Defragment","Capacitor","Defragment"],"relics":["Cracked Core","Old Coin","Orichalcum","Whetstone","War Paint","Ancient Tea Set"],"acts_visited":["Exordium"],"potions_floor_usage":[7],"damage_taken":[{"damage":2,"enemies":"2 Louse","floor":1,"turns":3},{"damage":0,"enemies":"Cultist","floor":4,"turns":3},{"damage":0,"enemies":"Small Slimes","floor":5,"turns":3},{"damage":31,"enemies":"3 Sentries","floor":7,"turns":10},{"damage":0,"enemies":"Red Slaver","floor":10,"turns":4},{"damage":12,"enemies":"Lagavulin","floor":11,"turns":8},{"damage":1,"enemies":"3 Louse","floor":14,"turns":4},{"damage":30,"enemies":"The Guardian","floor":16,"turns":2}],"seed_played":"-2200752210692198390","potions_obtained":[{"floor":1,"key":"CultistPotion"},{"floor":4,"key":"CultistPotion"},{"floor":14,"key":"FearPotion"}],"is_trial":false,"path_per_floor":["M","?","$","M","M","R","E","$","T","M","E","T","$","M","R","B"],"character_chosen":"DEFECT","items_purchased":["Blizzard","Coolheaded","Secret Weapon","Defragment","Capacitor"],"campfire_rested":0,"item_purchase_floors":[3,3,3,8,13],"current_hp_per_floor":[66,66,66,66,66,66,35,35,35,35,23,23,23,22,22,0,0],"gold":34,"neow_bonus":"ONE_RARE_RELIC","is_daily":false,"chose_seed":false,"campfire_upgraded":2,"win_rate":0.0,"timestamp":1613220260,"path_taken":["M","?","$","M","?","R","E","$","T","M","E","?","$","M","R","BOSS"],"items_purchased_type":["Card","Card","Card","Card","Card"],"build_version":"2020-12-22","purchased_purges":2,"victory":false,"max_hp_per_floor":[68,68,68,68,68,68,68,68,68,68,68,68,68,68,68,68,68],"card_choices":[{"not_picked":["Turbo","Gash"],"picked":"Conserve Battery","floor":1},{"not_picked":["Lockon","Turbo"],"picked":"Steam","floor":4},{"not_picked":["Undo","Hello World"],"picked":"Hologram","floor":5},{"not_picked":["Aggregate","Genetic Algorithm"],"picked":"Cold Snap","floor":7},{"not_picked":["Redo","Coolheaded","Static Discharge"],"picked":"SKIP","floor":10},{"not_picked":["Aggregate","Static Discharge","Undo"],"picked":"SKIP","floor":11},{"not_picked":["Rebound","Tempest"],"picked":"Defragment","floor":14}],"player_experience":173191,"relics_obtained":[{"floor":7,"key":"Orichalcum"},{"floor":9,"key":"Whetstone"},{"floor":11,"key":"War Paint"},{"floor":12,"key":"Ancient Tea Set"}],"event_choices":[{"damage_healed":0,"gold_gain":0,"player_choice":"1 cards matched","damage_taken":0,"max_hp_gain":0,"max_hp_loss":0,"event_name":"Match and Keep!","floor":2,"gold_loss":0,"cards_obtained":["Core Surge"]}],"is_beta":false,"boss_relics":[],"items_purged_floors":[3,13],"is_endless":false,"potions_floor_spawned":[1,4,14],"killed_by":"The Guardian","ascension_level":4}}