{"host":"z7iqwv4hfwwvhc2n","time":1613230455,"event":{"mods":["2.2 Compatiblity","BaseMod","Better Note","Better Third Choice","BetterRewards","Bossed Relics","Minty Spire (QoL Compilation)","Permanent Neow","Relic Filter","Relic Sorter","Shop Mod","StSLib","SuperFastMode","The Cursed"],"gold_per_floor":[119,0,71,146,163,163,192,192,192,220,220,251,266,285,285,383,383,395,395,375,385,0,0,25,44,44,44,64,99,131,163,163,264,264,284,284,303,317,334,334,334,334],"floor_reached":41,"language":"JPN","playtime":2400,"items_purged":[],"score":748,"play_id":"150a9824-5804-4965-9227-2c34bebe5251","local_time":"20210214003415","is_ascension_mode":true,"campfire_choices":[{"data":"Enlightenment","floor":6.0,"key":"SMITH"},{"floor":8.0,"key":"REST"},{"floor":11.0,"key":"REST"},{"floor":15.0,"key":"REST"},{"data":"Bash","floor":23.0,"key":"SMITH"},{"data":"Clash","floor":27.0,"key":"SMITH"},{"data":"Bludgeon","floor":32.0,"key":"SMITH"},{"floor":40,"key":"REST"}],"circlet_count":0,"master_deck":["Strike_R","Strike_R","Strike_R","Strike_R","Strike_R","Defend_R","Defend_R","Defend_R","Defend_R","Bash+1","Clash+1","Iron Wave","Enlightenment+1","Twin Strike","Clash","Headbutt","Bludgeon+1","Shockwave","Flex","Bludgeon","Dual Wield+1","Seeing Red","Dramatic Entrance","Flame Barrier+1","Seeing Red","Headbutt","Rage","Perfected Strike","Flex","Corruption","Iron Wave","Cleave","Feel No Pain","True Grit","Doubt","Sword Boomerang+1","Seeing Red","Twin Strike+1","Clash","Sword Boomerang+1","Perfected Strike+1"],"relics":["Burning Blood","HandDrill","Ornamental Fan","Shuriken","Unceasing Top","Ice Cream","SlaversCollar","Bird Faced Urn","WingedGreaves","Thread and Needle","Lizard Tail","Prayer Wheel","Ginger","Black Star"],"acts_visited":["Exordium","TheCity","TheBeyond"],"potions_floor_usage":[39],"damage_taken":[{"damage":6.0,"enemies":"2 Louse","floor":1.0,"turns":2.0},{"damage":1.0,"enemies":"Jaw Worm","floor":5.0,"turns":3.0},{"damage":51.0,"enemies":"3 Sentries","floor":7.0,"turns":11.0},{"damage":21.0,"enemies":"Gremlin Nob","floor":10.0,"turns":4.0},{"damage":16.0,"enemies":"3 Sentries","floor":12.0,"turns":10.0},{"damage":6.0,"enemies":"Small Slimes","floor":13.0,"turns":2.0},{"damage":10.0,"enemies":"Exordium Wildlife","floor":14.0,"turns":4.0},{"damage":20.0,"enemies":"Hexaghost","floor":16.0,"turns":7.0},{"damage":6.0,"enemies":"Spheric Guardian","floor":18.0,"turns":3.0},{"damage":9.0,"enemies":"Shell Parasite","floor":21.0,"turns":4.0},{"damage":0.0,"enemies":"Book of Stabbing","floor":24.0,"turns":3.0},{"damage":6.0,"enemies":"Snecko","floor":25.0,"turns":4.0},{"damage":3.0,"enemies":"Shelled Parasite and Fungi","floor":28.0,"turns":2.0},{"damage":8.0,"enemies":"Slavers","floor":29.0,"turns":4.0},{"damage":21.0,"enemies":"Gremlin Leader","floor":30.0,"turns":5.0},{"damage":0.0,"enemies":"Slavers","floor":31.0,"turns":2.0},{"damage":77.0,"enemies":"Automaton","floor":33.0,"turns":8.0},{"damage":17.0,"enemies":"3 Darklings","floor":35.0,"turns":4.0},{"damage":3,"enemies":"3 Shapes","floor":37,"turns":3},{"damage":112,"enemies":"Maw","floor":38,"turns":11},{"damage":28,"enemies":"Spire Growth","floor":39,"turns":5},{"damage":64,"enemies":"Reptomancer","floor":41,"turns":3}],"seed_played":"-6557808986742964118","potions_obtained":[{"floor":7.0,"key":"Swift Potion"},{"floor":10.0,"key":"EssenceOfSteel"},{"floor":13.0,"key":"LiquidBronze"},{"floor":14.0,"key":"Weak Potion"},{"floor":20.0,"key":"SmokeBomb"},{"floor":25.0,"key":"DistilledChaos"},{"floor":29.0,"key":"BloodPotion"},{"floor":30.0,"key":"SteroidPotion"},{"floor":31.0,"key":"FairyPotion"},{"floor":38,"key":"AttackPotion"}],"is_trial":false,"path_per_floor":["M","?","?","?","M","R","E","R","T","E","R","E","M","M","R","B",null,"M","?","?","M","$","R","E","M","T","R","M","E","E","E","R","B",null,"M","?","M","M","M","R","E"],"character_chosen":"IRONCLAD","items_purchased":["HandDrill","Clash","Bird Faced Urn","Dramatic Entrance"],"campfire_rested":4,"item_purchase_floors":[0,0,22,22],"current_hp_per_floor":[80,86,86,75,80,80,35,60,60,45,70,60,60,56,81,67,86,86,86,86,83,83,83,86,86,86,86,86,84,69,75,75,21,86,75,75,80,51,33,58,0,0],"gold":334,"neow_bonus":"","is_daily":false,"chose_seed":false,"campfire_upgraded":4,"win_rate":0.0,"timestamp":1613230455,"path_taken":["M","?","?","?","?","R","E","R","T","E","R","E","M","M","R","BOSS","M","?","?","M","$","R","E","M","T","R","?","E","E","E","R","BOSS","M","?","M","M","?","R","E"],"items_purchased_type":["Relic","Card","Relic","Card"],"build_version":"2020-12-22","purchased_purges":0,"victory":false,"max_hp_per_floor":[80,86,86,86,86,86,86,86,86,86,86,86,86,86,86,86,86,86,86,86,86,86,86,86,86,86,86,86,86,86,86,86,86,86,86,86,86,86,86,86,86,86],"card_choices":[{"not_picked":["Pommel Strike","Perfected Strike"],"picked":"Iron Wave","floor":1.0},{"not_picked":["Shrug It Off","Wild Strike"],"picked":"Twin Strike","floor":5.0},{"not_picked":["True Grit","Brutality"],"picked":"Clash","floor":7.0},{"not_picked":["Blood for Blood","True Grit"],"picked":"Headbutt","floor":10.0},{"not_picked":["Armaments","Shockwave"],"picked":"Bludgeon","floor":12.0},{"not_picked":["Clothesline","Metallicize"],"picked":"Shockwave","floor":13.0},{"not_picked":["Whirlwind","Thunderclap"],"picked":"Flex","floor":14.0},{"not_picked":["Fiend Fire","Exhume"],"picked":"Bludgeon","floor":16.0},{"not_picked":["Perfected Strike","Iron Wave"],"picked":"Dual Wield+1","floor":18.0},{"not_picked":["Dark Embrace","Warcry"],"picked":"Seeing Red","floor":21.0},{"not_picked":["Battle Trance","Blood for Blood"],"picked":"Flame Barrier+1","floor":24.0},{"not_picked":["Armaments","Second Wind"],"picked":"Seeing Red","floor":25.0},{"not_picked":["Blood for Blood","Evolve"],"picked":"Headbutt","floor":28.0},{"not_picked":["Iron Wave+1","Power Through"],"picked":"Rage","floor":29.0},{"not_picked":["Heavy Blade","Sword Boomerang+1"],"picked":"Perfected Strike","floor":30.0},{"not_picked":["Clothesline","Twin Strike"],"picked":"Flex","floor":31.0},{"not_picked":["Bludgeon","Double Tap"],"picked":"Corruption","floor":33.0},{"not_picked":["Rupture+1","Sever Soul"],"picked":"Iron Wave","floor":35},{"not_picked":["Heavy Blade+1","Fire Breathing"],"picked":"Cleave","floor":35},{"not_picked":["Sever Soul+1","Pummel"],"picked":"Sword Boomerang+1","floor":37},{"not_picked":["Burning Pact+1","Power Through"],"picked":"Seeing Red","floor":37},{"not_picked":["True Grit+1","Burning Pact+1"],"picked":"Twin Strike+1","floor":38},{"not_picked":["Sword Boomerang+1","Clothesline"],"picked":"Clash","floor":38},{"not_picked":["Thunderclap","Combust+1"],"picked":"Sword Boomerang+1","floor":39},{"not_picked":["Carnage","Wild Strike"],"picked":"Perfected Strike+1","floor":39}],"player_experience":38258,"relics_obtained":[{"floor":7.0,"key":"Ornamental Fan"},{"floor":9.0,"key":"Shuriken"},{"floor":10.0,"key":"Unceasing Top"},{"floor":12.0,"key":"Ice Cream"},{"floor":24.0,"key":"WingedGreaves"},{"floor":26.0,"key":"Thread and Needle"},{"floor":29.0,"key":"Lizard Tail"},{"floor":30.0,"key":"Prayer Wheel"},{"floor":31.0,"key":"Ginger"}],"event_choices":[{"damage_healed":0.0,"max_hp_gain":0.0,"max_hp_loss":0.0,"gold_gain":0.0,"event_name":"betterThird:BetterSerpent","player_choice":"RENOUNCE","floor":2.0,"gold_loss":119.0,"damage_taken":119.0,"cards_obtained":["Enlightenment"]},{"damage_healed":0.0,"max_hp_gain":0.0,"max_hp_loss":0.0,"gold_gain":71.0,"event_name":"Golden Wing","player_choice":"Gained Gold","floor":3.0,"gold_loss":0.0,"damage_taken":0.0},{"damage_healed":0.0,"max_hp_gain":0.0,"max_hp_loss":0.0,"gold_gain":75.0,"event_name":"betterThird:BetterGoop","player_choice":"Gold","floor":4.0,"gold_loss":0.0,"damage_taken":11.0},{"cards_removed":["Strike_R"],"damage_healed":0.0,"max_hp_gain":0.0,"max_hp_loss":0.0,"gold_gain":0.0,"event_name":"betterNote:BetterNote","player_choice":"Give","floor":19.0,"gold_loss":0.0,"damage_taken":0.0,"cards_obtained":["None"]},{"damage_healed":0.0,"max_hp_gain":0.0,"max_hp_loss":0.0,"gold_gain":0.0,"event_name":"The Woman in Blue","player_choice":"Bought 1 Potion","floor":20.0,"gold_loss":0.0,"damage_taken":0.0},{"damage_healed":0,"gold_gain":0,"player_choice":"3 cards matched","damage_taken":0,"max_hp_gain":0,"max_hp_loss":0,"event_name":"Match and Keep!","floor":36,"gold_loss":0,"cards_obtained":["Feel No Pain","True Grit","Doubt"]},{"damage_healed":0,"gold_gain":0,"player_choice":"3 cards matched","damage_taken":0,"max_hp_gain":0,"max_hp_loss":0,"event_name":"Match and Keep!","floor":36,"gold_loss":0,"cards_obtained":["Feel No Pain","True Grit","Doubt"]}],"is_beta":false,"boss_relics":[{"not_picked":["Astrolabe","Runic Cube"],"picked":"SlaversCollar"},{"not_picked":["Circlet","Circlet"],"picked":"Black Star"}],"items_purged_floors":[],"is_endless":false,"potions_floor_spawned":[7,10,13,14,25,29,30,31,38],"killed_by":"Reptomancer","ascension_level":1}}