{"host":"79dbh3wlumrqhgu5","time":1613238608,"event":{"mods":["BaseMod","Block Reminder","Colored Map","Colored Powertips","Dark Map","Minty Spire (QoL Compilation)","Permanent Neow","Quick Restart"],"gold_per_floor":[112,112,125,200,210,210,242,257,257,283,283,311,311,32,32,127,127,143,243,260,271,290,290,322,322,390,390,390,418,429,446,446,546,546,563,574,627,187,198,198,223,223,223,223,1,1,20,32,32,32],"floor_reached":51,"language":"ENG","playtime":11416,"items_purged":["Strike_G","A Thousand Cuts"],"score":872,"play_id":"f3a0d673-ea1c-443c-8b2f-4b063c9ea9e7","local_time":"20210213125008","is_ascension_mode":true,"campfire_choices":[{"data":"Unload","floor":6.0,"key":"SMITH"},{"floor":11,"key":"REST"},{"floor":13,"key":"DIG"},{"floor":15,"key":"REST"},{"floor":23,"key":"DIG"},{"data":"1","floor":25,"key":"LIFT"},{"floor":27,"key":"DIG"},{"data":"2","floor":32,"key":"LIFT"},{"data":"3","floor":40,"key":"LIFT"},{"floor":44,"key":"DIG"},{"floor":46,"key":"DIG"},{"floor":49,"key":"DIG"}],"circlet_count":0,"master_deck":["Strike_G","Strike_G","Strike_G","Strike_G","Defend_G","Defend_G+1","Defend_G","Defend_G","Defend_G","Survivor+1","Neutralize","Unload+1","Deadly Poison","Backflip","Venomology","Expertise+1","Backstab","Deadly Poison+1","CurseOfTheBell","Backflip+1","Prepared+1","Deflect+1","Tactician+1","Bandage Up+1","Infinite Blades+1","Night Terror+1","Well Laid Plans+1","Tools of the Trade+1","Deadly Poison+1","Blade Dance+1","Deflect+1","Secret Technique+1","Bouncing Flask+1","Catalyst+1","Parasite","Adrenaline+1"],"relics":["Ring of the Snake","Matryoshka","Toxic Egg 2","Kunai","Mummified Hand","Pantograph","Shovel","Girya","TwistedFunnel","Calling Bell","TungstenRod","Frozen Egg 2","War Paint","Bag of Marbles","Pocketwatch","Bag of Preparation","HornCleat","Gambling Chip","MealTicket","Runic Pyramid","Mango","Lee\u0027s Waffle","Ninja Scroll","InkBottle","Smiling Mask","Snake Skull","Bottled Lightning","Nunchaku"],"acts_visited":["Exordium","TheCity","TheBeyond"],"potions_floor_usage":[10,10,12,12,16,16,16,18,21,22,22,24,24,29,31,33,33,33,37,39,39,41,41,48,50,50,50],"damage_taken":[{"damage":0.0,"enemies":"2 Louse","floor":1.0,"turns":3.0},{"damage":0.0,"enemies":"Small Slimes","floor":3.0,"turns":3.0},{"damage":0.0,"enemies":"Cultist","floor":5.0,"turns":3.0},{"damage":35.0,"enemies":"Gremlin Nob","floor":7.0,"turns":5.0},{"damage":0.0,"enemies":"3 Louse","floor":8.0,"turns":4.0},{"damage":8,"enemies":"3 Sentries","floor":10,"turns":5},{"damage":11,"enemies":"Gremlin Nob","floor":12,"turns":4},{"damage":60,"enemies":"Slime Boss","floor":16,"turns":16},{"damage":15,"enemies":"Spheric Guardian","floor":18,"turns":6},{"damage":5,"enemies":"Shell Parasite","floor":20,"turns":5},{"damage":0,"enemies":"Sentry and Sphere","floor":21,"turns":5},{"damage":0,"enemies":"Cultist and Chosen","floor":22,"turns":6},{"damage":0,"enemies":"Slavers","floor":24,"turns":7},{"damage":10,"enemies":"Gremlin Leader","floor":29,"turns":6},{"damage":0,"enemies":"Chosen and Byrds","floor":30,"turns":4},{"damage":3,"enemies":"Centurion and Healer","floor":31,"turns":9},{"damage":27,"enemies":"Collector","floor":33,"turns":8},{"damage":2,"enemies":"3 Darklings","floor":35,"turns":6},{"damage":0,"enemies":"Orb Walker","floor":36,"turns":3},{"damage":19,"enemies":"2 Orb Walkers","floor":37,"turns":6},{"damage":3,"enemies":"Transient","floor":39,"turns":5},{"damage":48,"enemies":"Reptomancer","floor":41,"turns":6},{"damage":3,"enemies":"Writhing Mass","floor":47,"turns":3},{"damage":6,"enemies":"3 Darklings","floor":48,"turns":3},{"damage":49,"enemies":"Donu and Deca","floor":50,"turns":7}],"seed_played":"-8733569297904939692","potions_obtained":[{"floor":3.0,"key":"GamblersBrew"},{"floor":8.0,"key":"EssenceOfSteel"},{"floor":12,"key":"Ancient Potion"},{"floor":16,"key":"SteroidPotion"},{"floor":20,"key":"FearPotion"},{"floor":29,"key":"Weak Potion"},{"floor":30,"key":"Fire Potion"},{"floor":33,"key":"LiquidBronze"},{"floor":35,"key":"SkillPotion"},{"floor":36,"key":"PowerPotion"},{"floor":47,"key":"LiquidBronze"}],"is_trial":false,"path_per_floor":["M","?","M","?","M","R","E","M","T","E","R","E","R","$","R","B",null,"M","?","M","M","M","R","E","R","T","R","?","E","M","M","R","B",null,"M","M","?","$","M","R","E","?","T","R","$","R","M","M","R","B",null],"character_chosen":"THE_SILENT","items_purchased":["TwistedFunnel","Deadly Poison+1","Lee\u0027s Waffle","Secret Technique+1","Catalyst+1","Snake Skull"],"campfire_rested":2,"item_purchase_floors":[14,14,38,38,45,45],"current_hp_per_floor":[70,67,67,56,56,56,21,21,21,13,34,35,35,35,56,10,70,55,55,50,50,50,50,50,50,50,50,40,36,42,63,63,49,70,68,70,65,91,88,88,44,44,44,44,59,59,62,56,56,38],"gold":32,"neow_bonus":"ONE_RANDOM_RARE_CARD","is_daily":false,"chose_seed":false,"campfire_upgraded":1,"win_rate":0.0,"timestamp":1613238608,"path_taken":["M","?","M","?","M","R","E","M","T","E","R","E","R","$","R","BOSS","M","?","M","?","M","R","E","R","T","R","?","E","M","M","R","BOSS","M","?","?","$","M","R","E","?","T","R","$","R","M","M","R","BOSS"],"items_purchased_type":["Relic","Card","Relic","Card","Card","Relic"],"build_version":"2020-12-22","purchased_purges":2,"victory":true,"max_hp_per_floor":[70,70,70,70,70,70,70,70,70,70,70,70,70,70,70,70,70,70,70,70,70,70,70,70,70,70,70,70,70,70,70,70,70,70,70,70,84,91,91,91,91,91,91,91,91,91,91,91,91,91],"card_choices":[{"not_picked":["Dagger Throw","Expertise"],"picked":"Deadly Poison","floor":1.0},{"not_picked":["Slice","Eviscerate"],"picked":"Backflip","floor":3.0},{"not_picked":["Flying Knee","Outmaneuver"],"picked":"Venomology","floor":5.0},{"not_picked":["Dagger Spray","Acrobatics+1","Flying Knee"],"picked":"SKIP","floor":7.0},{"not_picked":["Dagger Throw","Eviscerate"],"picked":"Expertise+1","floor":8.0},{"not_picked":["Dodge and Roll+1","Flying Knee"],"picked":"Backstab","floor":10},{"not_picked":["Heel Hook","Prepared+1","Dagger Spray"],"picked":"SKIP","floor":12},{"not_picked":["Phantasmal Killer+1","Doppelganger+1"],"picked":"A Thousand Cuts","floor":16},{"not_picked":["Poisoned Stab","Dodge and Roll+1"],"picked":"Backflip+1","floor":18},{"not_picked":["Bane","Dagger Spray"],"picked":"Prepared+1","floor":20},{"not_picked":["Underhanded Strike","Predator+1","Endless Agony"],"picked":"SKIP","floor":21},{"not_picked":["Eviscerate","Bane"],"picked":"Deflect+1","floor":22},{"not_picked":["PiercingWail+1","Masterful Stab"],"picked":"Tactician+1","floor":24},{"not_picked":["Eviscerate","Sucker Punch"],"picked":"Infinite Blades+1","floor":29},{"not_picked":["Predator+1","Bane"],"picked":"Night Terror+1","floor":30},{"not_picked":["Dagger Throw","Footwork+1"],"picked":"Well Laid Plans+1","floor":31},{"not_picked":["Wraith Form v2+1","A Thousand Cuts+1"],"picked":"Tools of the Trade+1","floor":33},{"not_picked":["Backstab","Deflect+1"],"picked":"Deadly Poison+1","floor":35},{"not_picked":["Dagger Spray+1","Dagger Throw"],"picked":"Blade Dance+1","floor":36},{"not_picked":["Dodge and Roll+1","Underhanded Strike"],"picked":"Deflect+1","floor":37},{"not_picked":["Leg Sweep+1","Dagger Spray+1"],"picked":"Bouncing Flask+1","floor":39},{"not_picked":["Flying Knee+1","Slice+1","Well Laid Plans+1"],"picked":"SKIP","floor":41},{"not_picked":["Blade Dance+1","Heel Hook","Finisher"],"picked":"SKIP","floor":47},{"not_picked":["Backflip+1","Sucker Punch"],"picked":"Adrenaline+1","floor":48}],"player_experience":50236,"relics_obtained":[{"floor":7.0,"key":"Toxic Egg 2"},{"floor":9.0,"key":"Kunai"},{"floor":9.0,"key":"Mummified Hand"},{"floor":10,"key":"Pantograph"},{"floor":12,"key":"Shovel"},{"floor":13,"key":"Girya"},{"floor":17,"key":"TungstenRod"},{"floor":17,"key":"Frozen Egg 2"},{"floor":17,"key":"War Paint"},{"floor":23,"key":"Bag of Marbles"},{"floor":24,"key":"Pocketwatch"},{"floor":26,"key":"Bag of Preparation"},{"floor":26,"key":"HornCleat"},{"floor":27,"key":"Gambling Chip"},{"floor":29,"key":"MealTicket"},{"floor":37,"key":"Mango"},{"floor":41,"key":"Ninja Scroll"},{"floor":43,"key":"InkBottle"},{"floor":44,"key":"Smiling Mask"},{"floor":46,"key":"Bottled Lightning"},{"floor":49,"key":"Nunchaku"}],"event_choices":[{"damage_healed":0.0,"max_hp_gain":0.0,"max_hp_loss":0.0,"gold_gain":0.0,"event_name":"Scrap Ooze","player_choice":"Success","floor":2.0,"gold_loss":0.0,"damage_taken":3.0,"relics_obtained":["Matryoshka"]},{"damage_healed":0.0,"max_hp_gain":0.0,"max_hp_loss":0.0,"gold_gain":75.0,"event_name":"World of Goop","player_choice":"Gather Gold","floor":4.0,"gold_loss":0.0,"damage_taken":11.0},{"damage_healed":0,"gold_gain":100,"player_choice":"Pray","damage_taken":0,"max_hp_gain":0,"max_hp_loss":0,"event_name":"Golden Shrine","floor":19,"gold_loss":0},{"damage_healed":0,"gold_gain":0,"player_choice":"CARD ","damage_taken":12,"max_hp_gain":0,"max_hp_loss":0,"event_name":"Knowing Skull","floor":28,"potions_obtained":[],"gold_loss":0,"cards_obtained":["Bandage Up"]},{"damage_healed":0,"gold_gain":0,"player_choice":"Fight","damage_taken":0,"max_hp_gain":0,"max_hp_loss":0,"event_name":"Mysterious Sphere","floor":37,"gold_loss":0},{"damage_healed":0,"gold_gain":0,"player_choice":"Ignored","damage_taken":0,"max_hp_gain":0,"max_hp_loss":0,"event_name":"Tomb of Lord Red Mask","floor":42,"gold_loss":0}],"is_beta":false,"boss_relics":[{"not_picked":["SacredBark","Busted Crown"],"picked":"Calling Bell"},{"not_picked":["Runic Dome","Tiny House"],"picked":"Runic Pyramid"}],"items_purged_floors":[14,38],"is_endless":false,"potions_floor_spawned":[3,8,12,16,20,29,30,33,35,36,37,47],"ascension_level":1}}