{"host":"mwb0clku6crgv6yl","time":1613186632,"event":{"mods":["AchievementEnabler","BaseMod","Highlight Path","Koishi","Minty Spire (QoL Compilation)","Replay The Spire","StSLib","The Construct","The Cursed","The Gatherer","The Hierophant"],"gold_per_floor":[117,81,92,92,92,112,130,164,210,210,225,239,272,272,272,369,369,386,406,36,36,36,50,50,50,50],"floor_reached":25,"language":"ZHS","playtime":1196,"items_purged":["Languid"],"score":309,"play_id":"70555e77-d0c1-489c-a3d2-201c94294ffc","local_time":"20210213112352","is_ascension_mode":true,"campfire_choices":[{"floor":10.0,"key":"REST"},{"floor":15.0,"key":"REST"}],"circlet_count":0,"master_deck":["TheCursedMod:Strike_TheCursed","TheCursedMod:Strike_TheCursed","TheCursedMod:Strike_TheCursed","TheCursedMod:Strike_TheCursed","TheCursedMod:Defend_TheCursed","TheCursedMod:Defend_TheCursed","TheCursedMod:Defend_TheCursed","TheCursedMod:CursedWand","TheCursedMod:CleanUpWorkshop","TheCursedMod:Dregs","TheCursedMod:Stigma","TheCursedMod:SaltUponWound","TheCursedMod:AshesToAshes","TheCursedMod:CursedStaff","TheCursedMod:ReleasedStrength","TheCursedMod:WearCloak","TheCursedMod:Obscuration","TheCursedMod:AntiAging","ReplayTheSpireMod:IOU","Amnesia","TheCursedMod:WearCloak+1","TheCursedMod:SpitefulPray+1","TheCursedMod:SpitefulStrike","TheCursedMod:Obscuration+1"],"relics":["Busted Crown","Sundial","Happy Flower","Bag of Marbles","Replay:Ancient Bell","Pen Nib","Toxic Egg 2","Incense Burner","TheCursedMod:PinkPellets"],"acts_visited":["Exordium","TheCity"],"potions_floor_usage":[],"damage_taken":[{"damage":6.0,"enemies":"Cultist","floor":1.0,"turns":4.0},{"damage":7.0,"enemies":"Jaw Worm","floor":3.0,"turns":3.0},{"damage":0.0,"enemies":"2 Louse","floor":6.0,"turns":3.0},{"damage":19.0,"enemies":"Blue Slaver","floor":7.0,"turns":4.0},{"damage":32.0,"enemies":"Lagavulin","floor":8.0,"turns":5.0},{"damage":7.0,"enemies":"Exordium Wildlife","floor":11.0,"turns":3.0},{"damage":1.0,"enemies":"Red Slaver","floor":12.0,"turns":3.0},{"damage":17.0,"enemies":"Gremlin Nob","floor":13.0,"turns":4.0},{"damage":19.0,"enemies":"Fading Forest","floor":16.0,"turns":11.0},{"damage":38.0,"enemies":"Chosen","floor":18.0,"turns":6.0},{"damage":17.0,"enemies":"Spheric Guardian","floor":19.0,"turns":5.0},{"damage":0,"enemies":"Snake Plant","floor":23,"turns":1},{"damage":10,"enemies":"Slavers","floor":25,"turns":1}],"seed_played":"-8215185035359980628","potions_obtained":[{"floor":3.0,"key":"Adrenaline Potion"},{"floor":6.0,"key":"LiquidBronze"},{"floor":7.0,"key":"FearPotion"},{"floor":13.0,"key":"Energy Potion"},{"floor":16.0,"key":"SteroidPotion"},{"floor":19.0,"key":"Flashbang"}],"is_trial":false,"path_per_floor":["M","$","M","?","$","M","M","E","T","R","M","M","E","?","R","B",null,"M","M","$","PTL","PTL","M","$","E"],"character_chosen":"THE_CURSED","items_purchased":["TheCursedMod:SaltUponWound","TheCursedMod:SpitefulPray+1","TheCursedMod:PinkPellets","TheCursedMod:SpitefulStrike","TheCursedMod:Obscuration+1"],"campfire_rested":2,"item_purchase_floors":[2,20,20,20,20],"current_hp_per_floor":[62,62,55,55,55,55,36,4,4,26,19,18,1,1,23,14,61,25,8,8,8,8,8,8,0,0],"gold":50,"neow_bonus":"BOSS_RELIC","is_daily":false,"chose_seed":false,"campfire_upgraded":0,"win_rate":0.0,"timestamp":1613186632,"path_taken":["M","$","M","?","$","M","M","E","T","R","?","M","E","?","R","BOSS","M","M","$","PTL","PTL","M","$","E"],"items_purchased_type":["Card","Card","Relic","Card","Card"],"build_version":"2020-12-22","purchased_purges":1,"victory":false,"max_hp_per_floor":[75,75,75,75,75,75,75,75,75,75,75,75,75,75,75,77,77,79,79,79,79,79,79,79,79,79],"card_choices":[{"not_picked":[],"picked":"TheCursedMod:Stigma","floor":1.0},{"not_picked":[],"picked":"TheCursedMod:AshesToAshes","floor":3.0},{"not_picked":["TheCursedMod:Stretching"],"picked":"SKIP","floor":6.0},{"not_picked":[],"picked":"TheCursedMod:CursedStaff","floor":7.0},{"not_picked":[],"picked":"TheCursedMod:ReleasedStrength","floor":8.0},{"not_picked":[],"picked":"TheCursedMod:WearCloak","floor":11.0},{"not_picked":[],"picked":"TheCursedMod:Obscuration","floor":12.0},{"not_picked":["TheCursedMod:ReleasedStrength"],"picked":"SKIP","floor":13.0},{"not_picked":[],"picked":"ReplayTheSpireMod:IOU","floor":17.0},{"not_picked":[],"picked":"Amnesia","floor":17.0},{"not_picked":[],"picked":"Languid","floor":17.0},{"not_picked":[],"picked":"TheCursedMod:WearCloak+1","floor":18.0},{"not_picked":["TheCursedMod:ReleasedStrength+1"],"picked":"SKIP","floor":19.0},{"not_picked":["TheCursedMod:Stretching+1"],"picked":"SKIP","floor":23}],"player_experience":305682,"relics_obtained":[{"floor":8.0,"key":"Sundial"},{"floor":9.0,"key":"Happy Flower"},{"floor":13.0,"key":"Bag of Marbles"}],"event_choices":[{"damage_healed":0.0,"max_hp_gain":0.0,"max_hp_loss":0.0,"gold_gain":0.0,"event_name":"The Woman in Blue","player_choice":"Bought 0 Potions","floor":4.0,"gold_loss":0.0,"damage_taken":0.0},{"damage_healed":0.0,"max_hp_gain":0.0,"max_hp_loss":0.0,"gold_gain":0.0,"cards_transformed":["TheCursedMod:Defend_TheCursed"],"event_name":"Transmorgrifier","player_choice":"Transformed","floor":14.0,"gold_loss":0.0,"damage_taken":0.0,"cards_obtained":["TheCursedMod:AntiAging"]}],"is_beta":false,"boss_relics":[{"not_picked":["Snecko Eye","Sozu"],"picked":"Replay:Ancient Bell"},{"not_picked":["Replay:Mystery Machine","Centennial Puzzle"],"picked":"Pen Nib"},{"not_picked":["Question Card","Divine Protection"],"picked":"Toxic Egg 2"},{"not_picked":["Bird Faced Urn","construct:RocketBooster"],"picked":"Incense Burner"}],"items_purged_floors":[20],"is_endless":false,"potions_floor_spawned":[3,6,7,13,16,19,23],"killed_by":"Slavers","ascension_level":9}}