{"host":"wuernuywc9gl215o","time":1613247445,"event":{"mods":["2.2 Compatiblity","AchievementEnabler","BaseMod","Bestiary","Block Reminder","Displayed Cursed Tome","Highlight Path","Key Reminder","Minty Spire (QoL Compilation)","Permanent Neow","Potion Indicator Mod","Quick Restart","Rare Cards Sparkle","Relic Stats","ojb\u0027s Info Mod"],"gold_per_floor":[117,142,152,165,179,179,211,226,226,246,257,257,289,304,304,383,383,399,412,412,327,327,51,83,83,83,101,101,101,129,141,141,141,141],"floor_reached":33,"language":"ENG","playtime":2543,"items_purged":[],"score":598,"play_id":"9261aa6d-6b0b-4760-ace1-136f866be03c","local_time":"20210213201725","is_ascension_mode":true,"campfire_choices":[{"data":"Uppercut","floor":6.0,"key":"SMITH"},{"data":"Whirlwind","floor":12.0,"key":"SMITH"},{"data":"Armaments","floor":15.0,"key":"SMITH"},{"data":"True Grit","floor":25.0,"key":"SMITH"},{"data":"Spot Weakness","floor":29.0,"key":"SMITH"},{"data":"Dual Wield","floor":32.0,"key":"SMITH"}],"circlet_count":0,"master_deck":["AscendersBane","Strike_R","Strike_R+1","Defend_R","Defend_R","Defend_R","Defend_R","Bash+1","Iron Wave","Spot Weakness+1","Uppercut+1","Armaments+1","Whirlwind+1","Power Through","Double Tap","Feel No Pain","Reaper+1","Seeing Red+1","Thunderclap+1","Sentinel+1","True Grit+1","Inflame+1","Flash of Steel+1","Sword Boomerang+1","Heavy Blade+1","Corruption","Dual Wield+1"],"relics":["Coffee Dripper","Whetstone","Magic Flower","Molten Egg 2","Ancient Tea Set","Astrolabe","Dream Catcher","Lee\u0027s Waffle","Paper Frog","Mummified Hand","Nilry\u0027s Codex","Nunchaku"],"acts_visited":["Exordium","TheCity"],"potions_floor_usage":[],"damage_taken":[{"damage":1.0,"enemies":"Cultist","floor":1.0,"turns":3.0},{"damage":2.0,"enemies":"2 Louse","floor":3.0,"turns":3.0},{"damage":2.0,"enemies":"Jaw Worm","floor":4.0,"turns":2.0},{"damage":4.0,"enemies":"Blue Slaver","floor":5.0,"turns":2.0},{"damage":5.0,"enemies":"Gremlin Nob","floor":7.0,"turns":3.0},{"damage":2.0,"enemies":"2 Fungi Beasts","floor":8.0,"turns":3.0},{"damage":7.0,"enemies":"Gremlin Gang","floor":10.0,"turns":3.0},{"damage":1.0,"enemies":"3 Louse","floor":11.0,"turns":2.0},{"damage":7.0,"enemies":"Lagavulin","floor":13.0,"turns":4.0},{"damage":1.0,"enemies":"2 Fungi Beasts","floor":14.0,"turns":3.0},{"damage":11.0,"enemies":"Slime Boss","floor":16.0,"turns":8.0},{"damage":0.0,"enemies":"Chosen","floor":18.0,"turns":3.0},{"damage":23.0,"enemies":"Shell Parasite","floor":19.0,"turns":6.0},{"damage":40.0,"enemies":"Gremlin Leader","floor":24.0,"turns":6.0},{"damage":11.0,"enemies":"Chosen and Byrds","floor":27.0,"turns":4.0},{"damage":36.0,"enemies":"Slavers","floor":30.0,"turns":5.0},{"damage":15.0,"enemies":"3 Cultists","floor":31.0,"turns":4.0},{"damage":76,"enemies":"Automaton","floor":33,"turns":8}],"seed_played":"5750454343970295966","potions_obtained":[{"floor":1.0,"key":"PowerPotion"},{"floor":5.0,"key":"Energy Potion"},{"floor":7.0,"key":"LiquidMemories"},{"floor":11.0,"key":"Fire Potion"},{"floor":16.0,"key":"Ancient Potion"},{"floor":24.0,"key":"Dexterity Potion"},{"floor":30.0,"key":"SkillPotion"}],"is_trial":false,"path_per_floor":["M","T","M","M","M","R","E","M","T","M","M","R","E","M","R","B",null,"M","M","?","?","?","$","E","R","T","M","?","R","E","M","R","B"],"character_chosen":"IRONCLAD","items_purchased":["Lee\u0027s Waffle","Flash of Steel+1"],"campfire_rested":0,"item_purchase_floors":[23,23],"current_hp_per_floor":[67,67,65,63,59,59,54,52,52,45,44,44,37,36,36,25,63,74,69,48,48,48,87,47,47,47,45,24,24,34,19,19,0,0],"gold":141,"neow_bonus":"BOSS_RELIC","is_daily":false,"chose_seed":false,"campfire_upgraded":6,"win_rate":0.0,"timestamp":1613247445,"path_taken":["M","?","M","M","M","R","E","M","T","M","M","R","E","M","R","BOSS","M","M","?","?","?","?","E","R","T","M","?","R","E","?","R","BOSS"],"items_purchased_type":["Relic","Card"],"build_version":"2020-12-22","purchased_purges":0,"victory":false,"max_hp_per_floor":[75,75,75,75,75,75,75,75,75,75,75,75,75,75,75,75,75,75,75,80,80,80,87,87,87,87,87,87,87,87,87,87,87,87],"relic_stats":{"Dream Catcher":0,"Lee\u0027s Waffle":39,"Nunchaku":[2],"counters":[18,72],"Mummified Hand":[9],"Astrolabe":["Seeing Red","Thunderclap","Sentinel"],"Magic Flower":[46],"Whetstone":["Strike_R","Bash"],"obtain_stats":[{"Lee\u0027s Waffle":23,"Nilry\u0027s Codex":28,"Astrolabe":17,"Magic Flower":7,"Whetstone":2,"Ancient Tea Set":13,"Burning Blood":0,"Dream Catcher":21,"Nunchaku":30,"Mummified Hand":26,"Molten Egg 2":9,"Coffee Dripper":0,"Paper Frog":24},{"Lee\u0027s Waffle":13,"Nilry\u0027s Codex":15,"Astrolabe":11,"Magic Flower":5,"Whetstone":1,"Ancient Tea Set":9,"Burning Blood":0,"Dream Catcher":13,"Nunchaku":16,"Mummified Hand":14,"Molten Egg 2":6,"Coffee Dripper":0,"Paper Frog":14},{"Lee\u0027s Waffle":45,"Nilry\u0027s Codex":55,"Astrolabe":36,"Magic Flower":13,"Whetstone":3,"Ancient Tea Set":25,"Burning Blood":0,"Dream Catcher":45,"Nunchaku":60,"Mummified Hand":51,"Molten Egg 2":16,"Coffee Dripper":0,"Paper Frog":51}]},"card_choices":[{"not_picked":["Bloodletting","Reckless Charge"],"picked":"Iron Wave","floor":1.0},{"not_picked":["Dual Wield","Armaments"],"picked":"Spot Weakness","floor":3.0},{"not_picked":["Heavy Blade","Iron Wave"],"picked":"Uppercut","floor":4.0},{"not_picked":["Perfected Strike","Dual Wield","Flex"],"picked":"SKIP","floor":5.0},{"not_picked":["Wild Strike","Infernal Blade"],"picked":"Armaments","floor":7.0},{"not_picked":["Hemokinesis","Armaments"],"picked":"Whirlwind","floor":8.0},{"not_picked":["Clash+1","Searing Blow+1","Uppercut+1"],"picked":"SKIP","floor":10.0},{"not_picked":["Anger+1","Rupture"],"picked":"Power Through","floor":11.0},{"not_picked":["Evolve","Rupture"],"picked":"Double Tap","floor":13.0},{"not_picked":["Body Slam+1","Flex"],"picked":"Feel No Pain","floor":14.0},{"not_picked":["Barricade","Offering"],"picked":"Reaper+1","floor":16.0},{"not_picked":["Clash+1","Armaments+1"],"picked":"True Grit","floor":18.0},{"not_picked":["Clothesline+1","Anger+1"],"picked":"Inflame+1","floor":19.0},{"not_picked":["Immolate+1","Bloodletting"],"picked":"Sword Boomerang+1","floor":24.0},{"not_picked":["Pommel Strike+1","Searing Blow+1"],"picked":"Heavy Blade+1","floor":27.0},{"not_picked":["Iron Wave+1","Rupture"],"picked":"Corruption","floor":30.0},{"not_picked":["Searing Blow+1","Clash+1"],"picked":"Dual Wield","floor":31.0}],"player_experience":940157,"relics_obtained":[{"floor":2.0,"key":"Whetstone"},{"floor":7.0,"key":"Magic Flower"},{"floor":9.0,"key":"Molten Egg 2"},{"floor":13.0,"key":"Ancient Tea Set"},{"floor":24.0,"key":"Paper Frog"},{"floor":26.0,"key":"Mummified Hand"},{"floor":30.0,"key":"Nunchaku"}],"event_choices":[{"damage_healed":0.0,"max_hp_gain":5.0,"max_hp_loss":0.0,"gold_gain":0.0,"event_name":"Forgotten Altar","player_choice":"Shed Blood","floor":20.0,"gold_loss":0.0,"damage_taken":26.0},{"damage_healed":0.0,"max_hp_gain":0.0,"max_hp_loss":0.0,"gold_gain":0.0,"event_name":"Addict","player_choice":"Obtained Relic","floor":21.0,"gold_loss":85.0,"damage_taken":0.0,"relics_obtained":["Dream Catcher"]},{"damage_healed":0.0,"max_hp_gain":0.0,"max_hp_loss":0.0,"gold_gain":0.0,"event_name":"Ghosts","player_choice":"Ignored","floor":22.0,"gold_loss":0.0,"damage_taken":0.0},{"damage_healed":0.0,"max_hp_gain":0.0,"max_hp_loss":0.0,"gold_gain":0.0,"event_name":"Cursed Tome","player_choice":"Obtained Book","floor":28.0,"gold_loss":0.0,"damage_taken":21.0}],"is_beta":false,"boss_relics":[{"not_picked":["Tiny House","Philosopher\u0027s Stone"],"picked":"Astrolabe"}],"items_purged_floors":[],"is_endless":false,"potions_floor_spawned":[1,5,7,11,13,16,24,30],"killed_by":"Automaton","ascension_level":20}}