{"host":"jz4ul6vrcxqkcr33","time":1613182249,"event":{"mods":["BaseMod","Minty Spire (QoL Compilation)","StSLib"],"gold_per_floor":[114,133,133,133,146,146,184,184,210,224,244,277,277,301,301,422,422,437,457,372,385,8,8,8,8,34,64,98,98,150,50,50,188,233,261,261,286,320,345,345,57,57,83,83,83,115,164,186,186,186,186],"floor_reached":50,"language":"ENG","playtime":1969,"items_purged":["Strike_R","Strike_R"],"score":718,"play_id":"cc3fdff9-4cfa-47be-899b-0b3e156086ff","local_time":"20210212211049","is_ascension_mode":true,"campfire_choices":[{"data":"Searing Blow","floor":6.0,"key":"SMITH"},{"data":"Searing Blow+1","floor":13.0,"key":"SMITH"},{"data":"Searing Blow+2","floor":15.0,"key":"SMITH"},{"data":"Searing Blow+3","floor":23.0,"key":"SMITH"},{"data":"Searing Blow+4","floor":25.0,"key":"SMITH"},{"data":"Searing Blow+5","floor":32.0,"key":"SMITH"},{"data":"Searing Blow+6","floor":40.0,"key":"SMITH"},{"data":"Searing Blow+7","floor":42.0,"key":"SMITH"},{"data":"Searing Blow+8","floor":44.0,"key":"SMITH"},{"floor":49,"key":"RECALL"}],"circlet_count":0,"master_deck":["Bash","Searing Blow+9","Cleave","Fiend Fire","Feel No Pain","Armaments","Feel No Pain","Disarm","Pummel","Battle Trance","Corruption","Infernal Blade+1","Armaments+1","Searing Blow+3","Spot Weakness","Inflame","Fiend Fire","Limit Break","Ghostly Armor","Shockwave","Searing Blow","Twin Strike","Reckless Charge","Rage+1","Heavy Blade+1","Armaments","Dark Embrace","Warcry+1","Infernal Blade+1"],"relics":["Burning Blood","Peace Pipe","Golden Idol","Omamori","Akabeko","Boot","Coffee Dripper","CeramicFish","Pen Nib","DollysMirror","Meat on the Bone","Red Skull","Pandora\u0027s Box","Strawberry","Strange Spoon","PreservedInsect","Blood Vial"],"acts_visited":["Exordium","TheCity","TheBeyond"],"potions_floor_usage":[48,50],"damage_taken":[{"damage":23.0,"enemies":"Jaw Worm","floor":1.0,"turns":5.0},{"damage":1.0,"enemies":"Cultist","floor":2.0,"turns":4.0},{"damage":1.0,"enemies":"2 Louse","floor":5.0,"turns":3.0},{"damage":13.0,"enemies":"3 Sentries","floor":7.0,"turns":10.0},{"damage":0.0,"enemies":"Lots of Slimes","floor":10.0,"turns":1.0},{"damage":11.0,"enemies":"Large Slime","floor":11.0,"turns":6.0},{"damage":12.0,"enemies":"Lagavulin","floor":12.0,"turns":6.0},{"damage":1.0,"enemies":"Blue Slaver","floor":14.0,"turns":2.0},{"damage":50.0,"enemies":"Slime Boss","floor":16.0,"turns":12.0},{"damage":4.0,"enemies":"Shell Parasite","floor":18.0,"turns":4.0},{"damage":7.0,"enemies":"2 Thieves","floor":19.0,"turns":4.0},{"damage":6.0,"enemies":"Snake Plant","floor":21.0,"turns":5.0},{"damage":16.0,"enemies":"Shelled Parasite and Fungi","floor":27.0,"turns":4.0},{"damage":17.0,"enemies":"Centurion and Healer","floor":28.0,"turns":3.0},{"damage":11.0,"enemies":"Book of Stabbing","floor":30.0,"turns":4.0},{"damage":18.0,"enemies":"Champ","floor":33.0,"turns":7.0},{"damage":27.0,"enemies":"3 Darklings","floor":35.0,"turns":8.0},{"damage":11.0,"enemies":"3 Shapes","floor":37.0,"turns":5.0},{"damage":16.0,"enemies":"Writhing Mass","floor":38.0,"turns":4.0},{"damage":19.0,"enemies":"Sphere and 2 Shapes","floor":39.0,"turns":3.0},{"damage":16.0,"enemies":"Spire Growth","floor":46.0,"turns":2.0},{"damage":0.0,"enemies":"Reptomancer","floor":47.0,"turns":3.0},{"damage":23,"enemies":"Maw","floor":48,"turns":5},{"damage":61,"enemies":"Time Eater","floor":50,"turns":4}],"seed_played":"-4880312405264022209","potions_obtained":[{"floor":2.0,"key":"Energy Potion"},{"floor":5.0,"key":"Fire Potion"},{"floor":7.0,"key":"ElixirPotion"},{"floor":16.0,"key":"Swift Potion"},{"floor":18.0,"key":"EssenceOfSteel"},{"floor":21.0,"key":"BlessingOfTheForge"},{"floor":33.0,"key":"FearPotion"},{"floor":35.0,"key":"SkillPotion"},{"floor":38.0,"key":"Ancient Potion"},{"floor":46.0,"key":"Swift Potion"},{"floor":48,"key":"LiquidMemories"}],"is_trial":false,"path_per_floor":["M","M","?","?","M","R","E","?","T","M","M","E","R","M","R","B",null,"M","M","?","M","$","R","?","R","T","M","M","$","E","$","R","B",null,"M","?","M","M","M","R","$","R","T","R","?","M","E","M","R","B"],"character_chosen":"IRONCLAD","items_purchased":["Pen Nib","DollysMirror","Strawberry","Strange Spoon"],"campfire_rested":0,"item_purchase_floors":[22,22,41,41],"current_hp_per_floor":[55,60,60,60,65,65,58,58,58,64,59,53,53,58,58,14,54,56,55,55,55,55,55,55,55,55,45,46,46,41,41,41,41,61,40,40,47,49,48,48,55,55,55,55,74,64,70,55,55,0,0],"gold":186,"neow_bonus":"ONE_RARE_RELIC","is_daily":false,"chose_seed":false,"campfire_upgraded":9,"win_rate":0.0,"timestamp":1613182249,"path_taken":["M","M","?","?","?","R","E","?","T","M","M","E","R","M","R","BOSS","M","?","?","M","$","R","?","R","T","M","M","?","E","$","R","BOSS","M","?","M","M","M","R","$","R","T","R","?","?","E","M","R","BOSS"],"items_purchased_type":["Relic","Relic","Relic","Relic"],"build_version":"2020-12-13","purchased_purges":2,"victory":false,"max_hp_per_floor":[72,72,67,67,67,67,67,67,67,67,67,67,67,67,67,67,67,67,67,67,67,67,67,67,67,67,67,67,67,67,67,67,67,67,67,67,67,67,67,67,74,74,74,74,74,74,74,74,74,74,74],"card_choices":[{"not_picked":["Warcry","Feel No Pain"],"picked":"Searing Blow","floor":1.0},{"not_picked":["Searing Blow","Warcry"],"picked":"Cleave","floor":2.0},{"not_picked":["Sword Boomerang","Carnage"],"picked":"Feel No Pain","floor":5.0},{"not_picked":["Heavy Blade","Pummel"],"picked":"Armaments","floor":7.0},{"not_picked":["Flex","Burning Pact"],"picked":"Feel No Pain","floor":10.0},{"not_picked":["Armaments","Pummel"],"picked":"Disarm","floor":11.0},{"not_picked":["Ghostly Armor","Rampage"],"picked":"Pummel","floor":12.0},{"not_picked":["Thunderclap","Armaments"],"picked":"Battle Trance","floor":14.0},{"not_picked":["Brutality","Impervious"],"picked":"Corruption","floor":16.0},{"not_picked":["Clash","Rupture+1"],"picked":"Infernal Blade+1","floor":18.0},{"not_picked":["Flex","Twin Strike"],"picked":"Armaments+1","floor":19.0},{"not_picked":["Blood for Blood","Body Slam","Pummel"],"picked":"SKIP","floor":21.0},{"not_picked":["Sword Boomerang","Shrug It Off"],"picked":"Spot Weakness","floor":27.0},{"not_picked":["True Grit","Pommel Strike"],"picked":"Inflame","floor":28.0},{"not_picked":["Burning Pact","Cleave"],"picked":"Fiend Fire","floor":30.0},{"not_picked":["Bludgeon","Demon Form"],"picked":"Limit Break","floor":33.0},{"not_picked":["Warcry","Clothesline+1"],"picked":"Rage+1","floor":35.0},{"not_picked":["Body Slam+1","Perfected Strike","Inflame"],"picked":"SKIP","floor":37.0},{"not_picked":["Blood for Blood+1","Anger+1"],"picked":"Heavy Blade+1","floor":38.0},{"not_picked":["Entrench+1","Warcry"],"picked":"Armaments","floor":39.0},{"not_picked":["Second Wind+1","Body Slam+1"],"picked":"Dark Embrace","floor":46.0},{"not_picked":["Blood for Blood","Pummel+1"],"picked":"Warcry+1","floor":47.0},{"not_picked":["Body Slam","Sword Boomerang+1"],"picked":"Infernal Blade+1","floor":48}],"player_experience":235688,"relics_obtained":[{"floor":7.0,"key":"Omamori"},{"floor":9.0,"key":"Akabeko"},{"floor":12.0,"key":"Boot"},{"floor":30.0,"key":"Red Skull"},{"floor":43.0,"key":"PreservedInsect"},{"floor":47.0,"key":"Blood Vial"}],"event_choices":[{"damage_healed":0.0,"max_hp_gain":0.0,"max_hp_loss":5.0,"gold_gain":0.0,"event_name":"Golden Idol","player_choice":"Lose Max HP","floor":3.0,"gold_loss":0.0,"damage_taken":0.0,"relics_obtained":["Golden Idol"]},{"damage_healed":0.0,"max_hp_gain":0.0,"max_hp_loss":0.0,"gold_gain":0.0,"cards_transformed":["Strike_R"],"event_name":"Transmorgrifier","player_choice":"Transformed","floor":4.0,"gold_loss":0.0,"damage_taken":0.0,"cards_obtained":["Fiend Fire"]},{"cards_removed":["Strike_R"],"damage_healed":0.0,"max_hp_gain":0.0,"max_hp_loss":0.0,"gold_gain":0.0,"event_name":"Bonfire Elementals","player_choice":"Offered Basic","floor":8.0,"gold_loss":0.0,"damage_taken":0.0},{"damage_healed":0.0,"max_hp_gain":0.0,"max_hp_loss":0.0,"gold_gain":0.0,"event_name":"Addict","player_choice":"Obtained Relic","floor":20.0,"gold_loss":85.0,"damage_taken":0.0,"relics_obtained":["CeramicFish"]},{"damage_healed":0.0,"max_hp_gain":0.0,"max_hp_loss":0.0,"gold_gain":0.0,"event_name":"The Mausoleum","player_choice":"Opened","floor":24.0,"gold_loss":0.0,"damage_taken":0.0,"relics_obtained":["Meat on the Bone"]},{"damage_healed":0.0,"max_hp_gain":0.0,"max_hp_loss":0.0,"gold_gain":0.0,"event_name":"Tomb of Lord Red Mask","player_choice":"Ignored","floor":36.0,"gold_loss":0.0,"damage_taken":0.0},{"damage_healed":19.0,"max_hp_gain":0.0,"max_hp_loss":0.0,"gold_gain":0.0,"event_name":"Wheel of Change","player_choice":"Full Heal","floor":45.0,"gold_loss":0.0,"damage_taken":0.0}],"is_beta":false,"boss_relics":[{"not_picked":["Calling Bell","Black Star"],"picked":"Coffee Dripper"},{"not_picked":["Runic Dome","Runic Pyramid"],"picked":"Pandora\u0027s Box"}],"items_purged_floors":[22,31],"is_endless":false,"potions_floor_spawned":[2,5,7,16,18,21,33,35,38,46,48],"killed_by":"Time Eater","ascension_level":5}}