{"host":"bvp2uifzy1c463d9","time":1613200046,"event":{"mods":["AchievementEnabler","BaseMod","Block Reminder","Bossed Relics","ChefMod","Colored Map","Colored Powertips","Energized Spire","Hermit","Highlight Path","Hubris","Infinite Spire","Minty Spire (QoL Compilation)","Random Character Button","Relic Sorter","Relic Stats","Reliquary","Replay The Spire","StSLib","The Blue Laboratory","The Jungle","The Servant 0.9.4","Wandering Minibosses"],"gold_per_floor":[115,133,133,133,153,153,153,153],"floor_reached":7,"language":"ENG","playtime":185,"items_purged":[],"score":45,"play_id":"6bdc0af8-c3bf-4bfe-be4f-66a2e5d18782","local_time":"20210213010726","is_ascension_mode":true,"campfire_choices":[{"data":"hermit:Vantage","floor":6,"key":"SMITH"}],"circlet_count":0,"master_deck":["hermit:Strike_Hermit","hermit:Strike_Hermit","hermit:Strike_Hermit","hermit:Strike_Hermit","hermit:Defend_Hermit","hermit:Defend_Hermit","hermit:Defend_Hermit","hermit:Defend_Hermit","hermit:Snapshot","hermit:Covet","hermit:LuckOfTheDraw","hermit:Vantage+1","hermit:Dive"],"relics":["reliquary:KinkedSpring"],"acts_visited":["Exordium"],"potions_floor_usage":[],"damage_taken":[{"damage":1,"enemies":"Cultist","floor":1,"turns":3},{"damage":11,"enemies":"Small Slimes","floor":2,"turns":3},{"damage":3,"enemies":"2 Louse","floor":5,"turns":2},{"damage":0,"enemies":"Lagavulin","floor":7,"turns":2}],"seed_played":"3046003121700827370","potions_obtained":[{"floor":2,"key":"SpeedPotion"}],"is_trial":false,"path_per_floor":["M","M","$","?","M","R","E"],"character_chosen":"HERMIT","items_purchased":[],"campfire_rested":0,"item_purchase_floors":[],"current_hp_per_floor":[74,63,63,63,60,60,60,60],"gold":153,"neow_bonus":"BOSS_RELIC","is_daily":false,"chose_seed":false,"campfire_upgraded":1,"win_rate":0.0,"timestamp":1613200046,"path_taken":["M","?","$","?","?","R","E"],"items_purchased_type":[],"build_version":"2020-12-22","purchased_purges":0,"victory":false,"max_hp_per_floor":[75,75,75,75,75,75,75,75],"relic_stats":{"counters":[4,10],"obtain_stats":[{"reliquary:KinkedSpring":0,"hermit:Momento":0},{"reliquary:KinkedSpring":0,"hermit:Momento":0},{"reliquary:KinkedSpring":0,"hermit:Momento":0}]},"card_choices":[{"not_picked":["hermit:Desperado","hermit:BigShot"],"picked":"hermit:LuckOfTheDraw","floor":1},{"not_picked":["hermit:ItchyTrigger","hermit:SprayPray"],"picked":"hermit:Vantage","floor":2},{"not_picked":["hermit:ShadowCloak","hermit:Virtue"],"picked":"hermit:Dive","floor":5}],"player_experience":331406,"relics_obtained":[],"event_choices":[{"damage_healed":0,"gold_gain":0,"player_choice":"Ignored","damage_taken":0,"max_hp_gain":0,"max_hp_loss":0,"event_name":"Purifier","floor":4,"gold_loss":0}],"is_beta":false,"boss_relics":[],"items_purged_floors":[],"is_endless":false,"potions_floor_spawned":[2],"killed_by":"Lagavulin","ascension_level":2}}