{"host":"kh6fvhxn285ncg0o","time":1613252652,"event":{"mods":["Act Like it!","BaseMod","Colored Map","Friendly Minions","Keyboard Shortcuts","Minty Spire (QoL Compilation)","Quick Restart","Relic Stats","StSLib","SuperFastMode","UnlockEverythingMod"],"gold_per_floor":[118,193,193,193,218,218,244,244,244,273,290,319,330,170,170,248,248,261,271,297,308,325,357,357,392,392,392,392,412,155,189,189,189,189,204,204,219,238,251,284,76,105,160,160,174,202,127,154,154,154,154,154,154,48,83,83],"floor_reached":57,"language":"KOR","playtime":1688,"items_purged":["Strike_R","Defend_R","Reaper","Defend_R"],"score":3792,"play_id":"eb97eea7-632b-4cb5-9cea-91ce214489da","local_time":"20210214064412","is_ascension_mode":true,"campfire_choices":[{"data":"Hemokinesis","floor":6.0,"key":"SMITH"},{"data":"Fiend Fire","floor":8.0,"key":"SMITH"},{"data":"Strike_R","floor":15.0,"key":"PURGE"},{"data":"Strike_R","floor":24.0,"key":"PURGE"},{"data":"Hemokinesis+1","floor":32.0,"key":"PURGE"},{"data":"Body Slam","floor":44.0,"key":"SMITH"},{"floor":49.0,"key":"RECALL"},{"data":"Spot Weakness+1","floor":53.0,"key":"PURGE"}],"circlet_count":0,"master_deck":["AscendersBane","Defend_R","Defend_R","True Grit+1","Dark Embrace","Evolve+1","Battle Trance+1","Ghostly Armor+1","Reckless Charge","Offering+1","Second Wind+1","Body Slam+1","Seeing Red+1","Warcry+1","Power Through+1","Intimidate+1"],"relics":["Burning Blood","NeowsBlessing","Blood Vial","Bag of Marbles","Toxic Egg 2","Du-Vu Doll","Peace Pipe","Mark of Pain","Red Mask","Bronze Scales","Blue Candle","Ornamental Fan","TheAbacus","Question Card","SlaversCollar","Potion Belt","StrikeDummy","Smiling Mask","Self Forming Clay","Unceasing Top"],"acts_visited":["Exordium","TheCity","TheBeyond","TheEnding"],"potions_floor_usage":[56,56,56,56],"damage_taken":[{"damage":0.0,"enemies":"2 Louse","floor":1.0,"turns":1.0},{"damage":0.0,"enemies":"Gremlin Nob","floor":7.0,"turns":1.0},{"damage":0.0,"enemies":"3 Sentries","floor":10.0,"turns":2.0},{"damage":2.0,"enemies":"Small Slimes","floor":11.0,"turns":1.0},{"damage":22.0,"enemies":"Lagavulin","floor":12.0,"turns":4.0},{"damage":0.0,"enemies":"Cultist","floor":13.0,"turns":2.0},{"damage":68.0,"enemies":"Hexaghost","floor":16.0,"turns":8.0},{"damage":2.0,"enemies":"Chosen","floor":18.0,"turns":3.0},{"damage":33.0,"enemies":"3 Byrds","floor":19.0,"turns":5.0},{"damage":24.0,"enemies":"Masked Bandits","floor":20.0,"turns":4.0},{"damage":12.0,"enemies":"Snecko","floor":21.0,"turns":3.0},{"damage":3.0,"enemies":"Chosen and Byrds","floor":22.0,"turns":10.0},{"damage":10.0,"enemies":"Slavers","floor":23.0,"turns":5.0},{"damage":29.0,"enemies":"Book of Stabbing","floor":25.0,"turns":4.0},{"damage":2.0,"enemies":"Centurion and Healer","floor":29.0,"turns":3.0},{"damage":6.0,"enemies":"Gremlin Leader","floor":31.0,"turns":5.0},{"damage":6.0,"enemies":"Champ","floor":33.0,"turns":7.0},{"damage":7.0,"enemies":"3 Darklings","floor":35.0,"turns":4.0},{"damage":9.0,"enemies":"3 Shapes","floor":37.0,"turns":4.0},{"damage":3.0,"enemies":"Transient","floor":38.0,"turns":6.0},{"damage":6.0,"enemies":"Maw","floor":39.0,"turns":5.0},{"damage":7.0,"enemies":"Reptomancer","floor":40.0,"turns":2.0},{"damage":6.0,"enemies":"Giant Head","floor":42.0,"turns":4.0},{"damage":6.0,"enemies":"Sphere and 2 Shapes","floor":45.0,"turns":4.0},{"damage":1.0,"enemies":"Reptomancer","floor":46.0,"turns":2.0},{"damage":0.0,"enemies":"Giant Head","floor":48.0,"turns":3.0},{"damage":39.0,"enemies":"Time Eater","floor":50.0,"turns":5.0},{"damage":6.0,"enemies":"Awakened One","floor":51.0,"turns":4.0},{"damage":6.0,"enemies":"Shield and Spear","floor":55.0,"turns":1.0},{"damage":6,"enemies":"The Heart","floor":56,"turns":5}],"seed_played":"-4188021709248791066","potions_obtained":[{"floor":1.0,"key":"SkillPotion"},{"floor":11.0,"key":"EntropicBrew"},{"floor":13.0,"key":"Ancient Potion"},{"floor":18.0,"key":"SkillPotion"},{"floor":22.0,"key":"Fire Potion"},{"floor":25.0,"key":"Energy Potion"},{"floor":35.0,"key":"PowerPotion"},{"floor":42.0,"key":"ElixirPotion"},{"floor":46.0,"key":"LiquidMemories"},{"floor":48.0,"key":"ElixirPotion"},{"floor":55.0,"key":"HeartOfIron"}],"is_trial":false,"path_per_floor":["M","?","?","?","T","R","E","R","T","E","M","E","M","$","R","B",null,"M","M","?","M","M","E","R","E","T","?","?","M","$","E","R","B",null,"M","?","M","M","M","E","$","E","T","R","M","E","?","E","R","B","B",null,"R","$","E","B",null],"character_chosen":"IRONCLAD","items_purchased":["Dark Embrace","TheAbacus","Power Through+1","Swift Potion"],"campfire_rested":0,"item_purchase_floors":[14,30,41,54],"current_hp_per_floor":[74,63,63,56,56,56,64,64,64,72,75,59,67,67,67,22,62,68,50,34,30,49,60,60,39,39,39,33,53,53,75,75,75,75,75,75,75,75,75,75,75,75,75,75,75,75,75,75,75,42,44,67,67,67,69,71],"gold":83,"neow_bonus":"THREE_ENEMY_KILL","is_daily":false,"chose_seed":false,"campfire_upgraded":3,"win_rate":0.0,"timestamp":1613252652,"path_taken":["M","?","?","?","?","R","E","R","T","E","M","E","M","$","R","BOSS","M","M","?","M","M","E","R","E","T","?","?","M","$","E","R","BOSS","M","?","M","M","M","E","$","E","T","R","?","E","?","E","R","BOSS","BOSS","R","$","E","BOSS"],"items_purchased_type":["Card","Relic","Card","Potion"],"build_version":"2020-12-22","purchased_purges":4,"victory":true,"max_hp_per_floor":[75,75,75,75,75,75,75,75,75,75,75,75,75,75,75,75,75,75,75,75,75,75,75,75,75,75,75,75,75,75,75,75,75,75,75,75,75,75,75,75,75,75,75,75,75,75,75,75,75,75,75,75,75,75,75,75],"relic_stats":{"counters":[30,117],"Self Forming Clay":[18],"Blue Candle":[3],"Question Card":11,"Smiling Mask":100,"Burning Blood":134,"Blood Vial":34,"Peace Pipe":4,"TheAbacus":[948],"Ornamental Fan":[136],"Bronze Scales":[206],"obtain_stats":[{"Potion Belt":40,"NeowsBlessing":0,"Self Forming Clay":48,"Blue Candle":25,"Question Card":31,"Smiling Mask":46,"Burning Blood":0,"Blood Vial":5,"Du-Vu Doll":10,"Peace Pipe":12,"SlaversCollar":34,"TheAbacus":30,"Ornamental Fan":26,"Bronze Scales":23,"Mark of Pain":17,"Bag of Marbles":7,"Red Mask":20,"Toxic Egg 2":9,"StrikeDummy":42,"Unceasing Top":55},{"Potion Belt":22,"NeowsBlessing":0,"Self Forming Clay":26,"Blue Candle":14,"Question Card":16,"Smiling Mask":25,"Burning Blood":0,"Blood Vial":1,"Du-Vu Doll":3,"Peace Pipe":5,"SlaversCollar":17,"TheAbacus":15,"Ornamental Fan":14,"Bronze Scales":13,"Mark of Pain":7,"Bag of Marbles":2,"Red Mask":10,"Toxic Egg 2":2,"StrikeDummy":23,"Unceasing Top":29},{"Potion Belt":89,"NeowsBlessing":0,"Self Forming Clay":102,"Blue Candle":53,"Question Card":61,"Smiling Mask":99,"Burning Blood":0,"Blood Vial":1,"Du-Vu Doll":4,"Peace Pipe":9,"SlaversCollar":68,"TheAbacus":56,"Ornamental Fan":53,"Bronze Scales":49,"Mark of Pain":19,"Bag of Marbles":2,"Red Mask":31,"Toxic Egg 2":2,"StrikeDummy":93,"Unceasing Top":112}],"Unceasing Top":[28]},"card_choices":[{"not_picked":["Heavy Blade","Havoc"],"picked":"Hemokinesis","floor":1.0},{"not_picked":["Armaments","Pummel"],"picked":"Fiend Fire","floor":7.0},{"not_picked":["Twin Strike","Pummel"],"picked":"Spot Weakness+1","floor":11.0},{"not_picked":["Bloodletting+1","Anger"],"picked":"True Grit+1","floor":13.0},{"not_picked":["Brutality","Demon Form"],"picked":"Reaper","floor":16.0},{"not_picked":["Thunderclap","Disarm+1"],"picked":"Evolve+1","floor":18.0},{"not_picked":["Infernal Blade+1","Iron Wave"],"picked":"Battle Trance+1","floor":20.0},{"not_picked":["Anger+1","Iron Wave"],"picked":"Ghostly Armor+1","floor":21.0},{"not_picked":["Carnage","Corruption"],"picked":"Reckless Charge","floor":22.0},{"not_picked":["Perfected Strike","Sword Boomerang","Clothesline"],"picked":"SKIP","floor":23.0},{"not_picked":["Perfected Strike","Sword Boomerang","Clothesline"],"picked":"SKIP","floor":23.0},{"not_picked":["Thunderclap+1","Cleave","Whirlwind"],"picked":"SKIP","floor":25.0},{"not_picked":["Havoc+1","Clash"],"picked":"Offering+1","floor":29.0},{"not_picked":["Body Slam","Perfected Strike+1"],"picked":"Second Wind+1","floor":31.0},{"not_picked":["Heavy Blade","True Grit+1","Twin Strike"],"picked":"Body Slam","floor":35.0},{"not_picked":["Cleave","Headbutt","Wild Strike","Seeing Red+1"],"picked":"SKIP","floor":37.0},{"not_picked":["Reaper","Sword Boomerang","Headbutt","True Grit+1"],"picked":"SKIP","floor":38.0},{"not_picked":["Evolve","Wild Strike","Heavy Blade"],"picked":"Warcry+1","floor":39.0},{"not_picked":["Blood for Blood","Dark Embrace","Pummel","Battle Trance+1"],"picked":"SKIP","floor":40.0},{"not_picked":["Pommel Strike+1","Body Slam","Second Wind+1","Combust"],"picked":"SKIP","floor":42.0},{"not_picked":["Havoc+1","Pommel Strike","Perfected Strike","Pummel+1"],"picked":"SKIP","floor":45.0},{"not_picked":["Seeing Red+1","Hemokinesis","Corruption","Infernal Blade+1"],"picked":"SKIP","floor":46.0},{"not_picked":["Sword Boomerang","Flex+1","Clothesline","Thunderclap+1"],"picked":"SKIP","floor":48.0},{"not_picked":["Flex+1","Blood for Blood","Rampage"],"picked":"Intimidate+1","floor":55.0}],"player_experience":1393950,"relics_obtained":[{"floor":5.0,"key":"Blood Vial"},{"floor":7.0,"key":"Bag of Marbles"},{"floor":9.0,"key":"Toxic Egg 2"},{"floor":10.0,"key":"Du-Vu Doll"},{"floor":12.0,"key":"Peace Pipe"},{"floor":20.0,"key":"Red Mask"},{"floor":23.0,"key":"Bronze Scales"},{"floor":25.0,"key":"Blue Candle"},{"floor":26.0,"key":"Ornamental Fan"},{"floor":31.0,"key":"Question Card"},{"floor":40.0,"key":"Potion Belt"},{"floor":42.0,"key":"StrikeDummy"},{"floor":46.0,"key":"Smiling Mask"},{"floor":48.0,"key":"Self Forming Clay"},{"floor":55.0,"key":"Unceasing Top"}],"event_choices":[{"damage_healed":0.0,"max_hp_gain":0.0,"max_hp_loss":0.0,"gold_gain":75.0,"event_name":"World of Goop","player_choice":"Gather Gold","floor":2.0,"gold_loss":0.0,"damage_taken":11.0},{"cards_removed":["Strike_R"],"damage_healed":0.0,"max_hp_gain":0.0,"max_hp_loss":0.0,"gold_gain":0.0,"event_name":"Living Wall","player_choice":"Forget","floor":3.0,"gold_loss":0.0,"damage_taken":0.0},{"cards_removed":["Strike_R"],"damage_healed":0.0,"max_hp_gain":0.0,"max_hp_loss":0.0,"gold_gain":0.0,"event_name":"Golden Wing","player_choice":"Card Removal","floor":4.0,"gold_loss":0.0,"damage_taken":7.0},{"damage_healed":0.0,"max_hp_gain":0.0,"max_hp_loss":0.0,"gold_gain":0.0,"event_name":"Masked Bandits","player_choice":"Fought Bandits","floor":20.0,"gold_loss":0.0,"damage_taken":0.0},{"damage_healed":0.0,"max_hp_gain":0.0,"max_hp_loss":0.0,"gold_gain":0.0,"event_name":"Ghosts","player_choice":"Ignored","floor":27.0,"gold_loss":0.0,"damage_taken":0.0},{"damage_healed":0.0,"max_hp_gain":0.0,"max_hp_loss":0.0,"gold_gain":0.0,"event_name":"Knowing Skull","player_choice":"","floor":28.0,"potions_obtained":[],"gold_loss":0.0,"damage_taken":6.0,"cards_obtained":[]},{"damage_healed":0.0,"max_hp_gain":0.0,"max_hp_loss":0.0,"gold_gain":0.0,"cards_transformed":["Bash"],"event_name":"Transmorgrifier","player_choice":"Transformed","floor":36.0,"gold_loss":0.0,"damage_taken":0.0,"cards_obtained":["Seeing Red"]},{"cards_removed":["Fiend Fire"],"damage_healed":0.0,"max_hp_gain":0.0,"max_hp_loss":0.0,"gold_gain":0.0,"event_name":"Designer","player_choice":"Single Remove","floor":47.0,"gold_loss":75.0,"damage_taken":0.0}],"is_beta":false,"boss_relics":[{"not_picked":["SacredBark","Black Blood"],"picked":"Mark of Pain"},{"not_picked":["Pandora\u0027s Box","Busted Crown"],"picked":"SlaversCollar"}],"items_purged_floors":[14,30,41,54],"is_endless":false,"potions_floor_spawned":[1,11,13,18,22,25,29,33,35,37,42,46,48,55],"ascension_level":20}}