{"host":"ox77rn1xcurm2t5a","time":1613225268,"event":{"mods":["2.2 Compatiblity","AchievementEnabler","Act Like it!","Aspiration","BaseMod","Best Route Mod","Better Match","Better Note","Better Sensory Stone","Block Reminder","Colored Map","Colored Powertips","Conjunction","Conspire","Custom Start","Energized Spire","GifTheSpireLib","Gold Saver","Gremlin Skip","Halation","Highlight Path","Hubris","Infinite Spire","Minty Spire (QoL Compilation)","Pale of the Ancients","Quick Restart","Replay The Spire","Reworked Bosses","ShortenTheSpire","Spire Exporter","StSLib","Stuff the Spire","Wandering Minibosses"],"gold_per_floor":[623,642,312,312,332,365,383,369,369,369,52,85,97,97,97,193,193,206,206,206,305,318,318,349,361,429,72,72,105,105,133,133,236,236,250,250,302,302,352,385,385,403,428,456,479,479,511,511,511,521,521,521,185,215,271],"floor_reached":56,"language":"ENG","playtime":1825,"items_purged":["Defend_R","Defend_R","Defend_R"],"score":1558,"play_id":"465ddaf3-4e36-4ea9-b991-c70c966d64c5","local_time":"20210213160748","is_ascension_mode":true,"campfire_choices":[{"floor":10.0,"key":"RECALL"},{"data":"ReplayTheSpireMod:Brewmster","floor":15.0,"key":"SMITH"},{"data":"Rampage","floor":23.0,"key":"SMITH"},{"data":"Anger","floor":30.0,"key":"SMITH"},{"data":"Sword Boomerang","floor":32.0,"key":"SMITH"},{"data":"Perfected Strike","floor":41.0,"key":"SMITH"},{"data":"Perfected Strike","floor":46.0,"key":"SMITH"},{"data":"infinitespire:NeuralNetwork","floor":49.0,"key":"SMITH"},{"data":"Twin Strike","floor":52.0,"key":"SMITH"}],"circlet_count":0,"master_deck":["Strike_R","Strike_R","Strike_R","Strike_R","Strike_R","Bash+1","Flame Barrier+1","Perfected Strike+1","Twin Strike","ReplayTheSpireMod:Brewmster+1","Twin Strike+1","infinitespire:NeuralNetwork+1","Anger+1","Twin Strike+1","Perfected Strike+1","Rampage+1","hubris:DuctTapeCard"],"relics":["StuffTheSpire:Mouthbags","Pocketwatch","hubris:EmptyBottle","Mango","hubris:RunicObelisk","Black Star","StuffTheSpire:Barrel","ReplayFunnel","hubris:Potato","Blue Candle","StuffTheSpire:CocoNut","hubris:BottledRain","Onion Ring","ReplayTheSpireMod:Shallot","Blood Vial","energizedSpire:DeadBattery","hubris:Metronome","conspire:GlowingRock","wanderingMiniBosses:ThiefScarf","Burning Blood","aspiration:AnachronicSnailShell","hubris:DuctTape","infinitespire:Lucky Rock","halation:IllGainedPizza","hubris:BundleOfHerbs","infinitespire:WardingShard","ReplayTheSpireMod:TigerMarble","Happy Flower","halation:Sosunser","War Paint","infinitespire:ShieldingShard"],"acts_visited":["Exordium","TheCity","TheBeyond","TheEnding"],"potions_floor_usage":[55,55,55,55,55,55,55,55,55,55,55,55,55,55],"damage_taken":[{"damage":6.0,"enemies":"Cultist","floor":1.0,"turns":3.0},{"damage":8.0,"enemies":"2 Louse","floor":2.0,"turns":4.0},{"damage":0.0,"enemies":"Small Slimes","floor":5.0,"turns":2.0},{"damage":22.0,"enemies":"3 Sentries","floor":6.0,"turns":7.0},{"damage":1.0,"enemies":"Gremlin Gang","floor":7.0,"turns":4.0},{"damage":16.0,"enemies":"Exordium Wildlife","floor":8.0,"turns":5.0},{"damage":0.0,"enemies":"Gremlin Nob","floor":12.0,"turns":3.0},{"damage":8.0,"enemies":"Blue Slaver","floor":13.0,"turns":3.0},{"damage":26.0,"enemies":"Hexaghost","floor":16.0,"turns":9.0},{"damage":0.0,"enemies":"Chosen","floor":18.0,"turns":3.0},{"damage":0.0,"enemies":"2 Thieves","floor":22.0,"turns":4.0},{"damage":7.0,"enemies":"Book of Stabbing","floor":24.0,"turns":4.0},{"damage":0.0,"enemies":"Snecko","floor":25.0,"turns":3.0},{"damage":0.0,"enemies":"Shelled Parasite and Fungi","floor":28.0,"turns":1.0},{"damage":19.0,"enemies":"Gremlin Leader","floor":29.0,"turns":4.0},{"damage":38.0,"enemies":"Nightmare","floor":31.0,"turns":6.0},{"damage":8.0,"enemies":"bossMod:newChamp","floor":33.0,"turns":7.0},{"damage":0.0,"enemies":"Orb Walker","floor":35.0,"turns":3.0},{"damage":13.0,"enemies":"2 Orb Walkers","floor":37.0,"turns":2.0},{"damage":26.0,"enemies":"3 Darklings","floor":39.0,"turns":4.0},{"damage":0.0,"enemies":"R_Hoarder","floor":40.0,"turns":6.0},{"damage":0.0,"enemies":"Sphere and 2 Shapes","floor":42.0,"turns":2.0},{"damage":10.0,"enemies":"Reptomancer","floor":44.0,"turns":3.0},{"damage":1.0,"enemies":"Transient","floor":45.0,"turns":5.0},{"damage":0.0,"enemies":"Nemesis","floor":47.0,"turns":4.0},{"damage":2.0,"enemies":"bossMod:newShapes","floor":50.0,"turns":6.0},{"damage":9.0,"enemies":"Shield and Spear","floor":54.0,"turns":5.0},{"damage":64,"enemies":"The Heart","floor":55,"turns":7}],"seed_played":"-7400761607671598628","potions_obtained":[{"floor":5.0,"key":"Adrenaline Potion"},{"floor":6.0,"key":"BlessingOfTheForge"},{"floor":8.0,"key":"Adrenaline Potion"},{"floor":16.0,"key":"LiquidMemories"},{"floor":24.0,"key":"Fire Potion"},{"floor":25.0,"key":"BlessingOfTheForge"},{"floor":29.0,"key":"Explosive Potion"},{"floor":31.0,"key":"BloodPotion"},{"floor":39.0,"key":"Conjunction:LightningMarble"},{"floor":40.0,"key":"LiquidBronze"},{"floor":44.0,"key":"BloodPotion"},{"floor":45.0,"key":"Explosive Potion"},{"floor":47.0,"key":"Milkshake"}],"is_trial":false,"path_per_floor":["M","M","$","?","M","E","M","M","T","R","$","E","M","?","R","B",null,"M","?","AVR","?","M","R","E","M","T","$","M","E","R","NM","R","B",null,"M","AVR","?","?","M","E","R","M","T","E","M","R","E","?","R","B",null,"R","$","E","B",null],"character_chosen":"IRONCLAD","items_purchased":["StuffTheSpire:Mouthbags","Flame Barrier+1","Perfected Strike","ReplayTheSpireMod:Brewmster","hubris:EmptyBottle","StuffTheSpire:CocoNut","Happy Flower","halation:Sosunser","Adrenaline Potion"],"campfire_rested":0,"item_purchase_floors":[3,3,3,11,11,27,53,53,53],"current_hp_per_floor":[80,78,78,78,80,64,69,53,53,53,53,67,59,59,59,69,94,94,94,94,94,94,94,87,87,87,94,94,75,75,37,37,71,101,101,101,88,78,54,68,68,76,76,74,101,101,101,101,101,101,101,101,101,98,42],"gold":271,"neow_bonus":"RANDOM_EVENT","is_daily":false,"chose_seed":false,"campfire_upgraded":8,"win_rate":0.0,"timestamp":1613225268,"path_taken":["M","M","$","?","?","E","M","M","T","R","$","E","M","?","R","BOSS","M","?","AVR","?","M","R","E","M","T","$","M","E","R","NM","R","BOSS","M","AVR","?","?","M","E","R","M","T","E","?","R","E","?","R","BOSS","R","$","E","BOSS"],"items_purchased_type":["Relic","Card","Card","Card","Relic","Relic","Relic","Relic","Potion"],"build_version":"2020-12-22","purchased_purges":3,"victory":true,"max_hp_per_floor":[80,80,80,80,80,80,80,80,80,80,80,94,94,94,94,94,94,94,94,94,94,94,94,94,94,94,101,101,101,101,101,101,101,101,101,101,101,101,101,101,101,101,101,101,101,101,101,101,101,101,101,101,101,101,101],"card_choices":[{"not_picked":["ReplayTheSpireMod:Strike From Hell","Run Through","Armaments"],"picked":"SKIP","floor":1.0},{"not_picked":["Iron Wave","Fire Breathing"],"picked":"Rampage","floor":2.0},{"not_picked":["Warcry","StuffTheSpire:Incineration","Reckless Charge"],"picked":"SKIP","floor":5.0},{"not_picked":["Dark Embrace","Clothesline","Heavy Blade"],"picked":"SKIP","floor":6.0},{"not_picked":["StuffTheSpire:RockThrow","StuffTheSpire:Incineration"],"picked":"Sword Boomerang","floor":7.0},{"not_picked":["Pommel Strike","Headbutt"],"picked":"Twin Strike","floor":8.0},{"not_picked":["Shrug It Off","Headbutt"],"picked":"Twin Strike","floor":12.0},{"not_picked":["Double Tap","Dropkick","conspire:Charge"],"picked":"SKIP","floor":13.0},{"not_picked":["Body Slam","Havoc+1","StuffTheSpire:Slingshot"],"picked":"SKIP","floor":18.0},{"not_picked":["Run Through","ReplayTheSpireMod:Strike From Hell","Wild Strike"],"picked":"SKIP","floor":22.0},{"not_picked":["Berserk","Heavy Blade","Body Slam"],"picked":"SKIP","floor":24.0},{"not_picked":["StuffTheSpire:Slingshot+1","Run Through","StuffTheSpire:RagingBull"],"picked":"SKIP","floor":25.0},{"not_picked":["Sword Boomerang","Twin Strike"],"picked":"Anger","floor":29.0},{"not_picked":["StuffTheSpire:Slingshot","ReplayTheSpireMod:Limb From Limb+1","hubris:SharpeningStone+1"],"picked":"SKIP","floor":31.0},{"not_picked":["Massacre+1","hubris:ReadiedAction+1","Heavy Blade+1"],"picked":"SKIP","floor":35.0},{"not_picked":["StuffTheSpire:Slingshot","Run Through+1"],"picked":"Sword Boomerang+1","floor":39.0},{"not_picked":["StuffTheSpire:BloodClot+1","Armaments+1"],"picked":"Twin Strike+1","floor":40.0},{"not_picked":["Sword Boomerang+1","Battle Trance"],"picked":"Perfected Strike","floor":42.0},{"not_picked":["conspire:Purge","Combust","Headbutt+1"],"picked":"SKIP","floor":44.0},{"not_picked":["Clothesline","ReplayTheSpireMod:Stacked","True Grit+1"],"picked":"SKIP","floor":45.0},{"not_picked":["Wild Strike","ReplayTheSpireMod:Strike From Hell+1","StuffTheSpire:Pyroclast+1"],"picked":"SKIP","floor":47.0},{"not_picked":["Body Slam","StuffTheSpire:BloodClot","Burning Pact+1"],"picked":"SKIP","floor":54.0}],"player_experience":3099665,"relics_obtained":[{"floor":6.0,"key":"Pocketwatch"},{"floor":12.0,"key":"Mango"},{"floor":24.0,"key":"ReplayFunnel"},{"floor":24.0,"key":"hubris:Potato"},{"floor":26.0,"key":"Blue Candle"},{"floor":29.0,"key":"hubris:BottledRain"},{"floor":29.0,"key":"Onion Ring"},{"floor":31.0,"key":"ReplayTheSpireMod:Shallot"},{"floor":31.0,"key":"Blood Vial"},{"floor":37.0,"key":"conspire:GlowingRock"},{"floor":39.0,"key":"wanderingMiniBosses:ThiefScarf"},{"floor":39.0,"key":"Burning Blood"},{"floor":40.0,"key":"aspiration:AnachronicSnailShell"},{"floor":40.0,"key":"hubris:DuctTape"},{"floor":43.0,"key":"infinitespire:Lucky Rock"},{"floor":44.0,"key":"halation:IllGainedPizza"},{"floor":44.0,"key":"hubris:BundleOfHerbs"},{"floor":47.0,"key":"infinitespire:WardingShard"},{"floor":47.0,"key":"ReplayTheSpireMod:TigerMarble"},{"floor":54.0,"key":"War Paint"},{"floor":54.0,"key":"infinitespire:ShieldingShard"}],"event_choices":[{"cards_removed":["Defend_R"],"damage_healed":0.0,"max_hp_gain":0.0,"max_hp_loss":0.0,"gold_gain":0.0,"event_name":"Purifier","player_choice":"Purged","floor":4.0,"gold_loss":0.0,"damage_taken":0.0},{"damage_healed":0.0,"max_hp_gain":0.0,"max_hp_loss":0.0,"gold_gain":0.0,"event_name":"betterNote:BetterNote","player_choice":"Ignored","floor":19.0,"gold_loss":0.0,"damage_taken":0.0,"cards_obtained":["Strike_P"]},{"damage_healed":0.0,"max_hp_gain":0.0,"max_hp_loss":0.0,"gold_gain":99.0,"event_name":"Nest","player_choice":"Stole From Cult","floor":21.0,"gold_loss":0.0,"damage_taken":0.0},{"damage_healed":0.0,"max_hp_gain":0.0,"max_hp_loss":0.0,"gold_gain":0.0,"event_name":"Mysterious Sphere","player_choice":"Fight","floor":37.0,"gold_loss":0.0,"damage_taken":0.0},{"damage_healed":0.0,"max_hp_gain":0.0,"max_hp_loss":0.0,"gold_gain":0.0,"event_name":"Wheel of Change","player_choice":"Damaged","floor":38.0,"gold_loss":0.0,"damage_taken":10.0}],"is_beta":false,"boss_relics":[{"not_picked":["Astrolabe","Fusion Hammer"],"picked":"hubris:RunicObelisk"},{"not_picked":["Busted Crown","halation:MonkeysPaw"],"picked":"energizedSpire:DeadBattery"}],"items_purged_floors":[3,20,27],"is_endless":false,"potions_floor_spawned":[5,6,8,16,24,25,29,31,39,40,44,45,47],"ascension_level":2}}