{"host":"nlbr7nnijupf3yfg","time":1613245181,"event":{"mods":["AchievementEnabler","BaseMod","BetterRewards","Colored Powertips","DeckTracker","Hermit","Hubris","Infinite Spire","Minty Spire (QoL Compilation)","Quick Restart","Replay The Spire","StSLib","SuperFastMode"],"gold_per_floor":[116,143,106,106,124,152,152,180,180,180,180,205,36,36,36,138,138,150,150,167,167,167],"floor_reached":21,"language":"ENG","playtime":394,"items_purged":["ReplayTheSpireMod:Restless Dread"],"score":280,"play_id":"43832156-4753-4d32-9e10-f6b12a8e998e","local_time":"20210213143941","is_ascension_mode":true,"campfire_choices":[{"floor":7,"key":"REST"},{"floor":11,"key":"REST"},{"floor":15,"key":"REST"}],"circlet_count":0,"master_deck":["Strike_R","Strike_R","Strike_R+1","Strike_R","Strike_R","Defend_R","Defend_R+1","Defend_R","Defend_R+1","Bash","Sever Soul","Searing Blow","Spot Weakness","Anger","Twin Strike","Regret","Inflame","Feel No Pain","Feed","Armaments"],"relics":["Burning Blood","Bag of Preparation","Toy Ornithopter","Blood Vial","PreservedInsect","Sundial","Potion Belt","War Paint","ReplayTheSpireMod:CursedCoin","infinitespire:Lucky Rock","Busted Crown"],"acts_visited":["Exordium","TheCity"],"potions_floor_usage":[16,16,16,16,16,21],"damage_taken":[{"damage":1,"enemies":"Cultist","floor":1,"turns":3},{"damage":0,"enemies":"Small Slimes","floor":5,"turns":3},{"damage":51,"enemies":"Gremlin Nob","floor":6,"turns":5},{"damage":50,"enemies":"3 Sentries","floor":8,"turns":6},{"damage":25,"enemies":"Lagavulin","floor":12,"turns":3},{"damage":64,"enemies":"Fading Forest","floor":16,"turns":11},{"damage":40,"enemies":"3 Byrds","floor":18,"turns":6},{"damage":25,"enemies":"Shell Parasite","floor":20,"turns":4},{"damage":35,"enemies":"Snake Plant","floor":21,"turns":2}],"seed_played":"-3975101792417397556","potions_obtained":[{"floor":1,"key":"Elixir"},{"floor":6,"key":"Strength Potion"},{"floor":12,"key":"LiquidBronze"},{"floor":14,"key":"Strength Potion"},{"floor":14,"key":"LifebloodPotion"},{"floor":18,"key":"Energy Potion"}],"is_trial":false,"path_per_floor":["M","T","$","?","M","E","R","E","T","?","R","E","$","?","R","B",null,"M","AVR","M","M"],"character_chosen":"IRONCLAD","items_purchased":["Searing Blow","ReplayTheSpireMod:CursedCoin","infinitespire:Lucky Rock","Feel No Pain","Fire Potion"],"campfire_rested":3,"item_purchase_floors":[3,13,13,13,13],"current_hp_per_floor":[77,77,77,77,80,35,59,17,17,17,41,24,24,24,48,25,66,37,37,23,0,0],"gold":167,"neow_bonus":"RANDOM_COMMON_RELIC","is_daily":false,"chose_seed":false,"campfire_upgraded":0,"win_rate":0.0,"timestamp":1613245181,"path_taken":["M","?","$","?","M","E","R","E","T","?","R","E","$","?","R","BOSS","M","AVR","M","M"],"items_purchased_type":["Card","Relic","Relic","Card","Potion"],"build_version":"2020-12-22","purchased_purges":1,"victory":false,"max_hp_per_floor":[80,80,80,80,80,80,80,80,80,80,80,80,80,80,80,80,80,83,83,86,86,86],"card_choices":[{"not_picked":["Entrench","Wild Strike"],"picked":"Sever Soul","floor":1},{"not_picked":["Replay:Undeath\u0027s Touch","Whirlwind"],"picked":"Spot Weakness","floor":5},{"not_picked":["Heavy Blade","Shrug It Off"],"picked":"Anger","floor":6},{"not_picked":["Rupture","ReplayTheSpireMod:Limb From Limb"],"picked":"Twin Strike","floor":8},{"not_picked":["Heavy Blade","Replay:Undeath\u0027s Touch"],"picked":"Inflame","floor":12},{"not_picked":["hubris:StunningStrike","Impervious"],"picked":"Feed","floor":16},{"not_picked":[],"picked":"Armaments","floor":18},{"not_picked":["Body Slam"],"picked":"SKIP","floor":20}],"player_experience":55299,"relics_obtained":[{"floor":2,"key":"Toy Ornithopter"},{"floor":6,"key":"Blood Vial"},{"floor":8,"key":"PreservedInsect"},{"floor":9,"key":"Sundial"},{"floor":12,"key":"War Paint"}],"event_choices":[{"damage_healed":0,"gold_gain":0,"player_choice":"Box","damage_taken":0,"relics_obtained":["Potion Belt"],"max_hp_gain":0,"max_hp_loss":0,"event_name":"Big Fish","floor":10,"gold_loss":0,"cards_obtained":["Regret"]},{"damage_healed":0,"gold_gain":0,"player_choice":"Got Potions","damage_taken":0,"max_hp_gain":0,"max_hp_loss":0,"event_name":"Lab","floor":14,"gold_loss":0}],"is_beta":false,"boss_relics":[{"not_picked":["hubris:ScarierMask","hubris:Stopwatch"],"picked":"Busted Crown"}],"items_purged_floors":[13],"is_endless":false,"potions_floor_spawned":[1,6,12,18],"killed_by":"Snake Plant","ascension_level":9}}