{"host":"f5gffvlv6a66yqkd","time":1613260797,"event":{"mods":["2.2 Compatiblity","BaseMod","Colored Map","Custom Start","DeckTracker","Keyboard Shortcuts","Minty Spire (QoL Compilation)","Permanent Neow","Quick Restart","Relic Stats","StSLib","SuperFastMode"],"gold_per_floor":[109,127,140,154,104,104,124,153,153,153,172,191,116,134,134,234,234,252,167,187,187,219,219,219],"floor_reached":23,"language":"KOR","playtime":497,"items_purged":["Strike_P"],"score":254,"play_id":"da129718-b692-46f8-be8f-6e4378c30b02","local_time":"20210214085957","is_ascension_mode":true,"campfire_choices":[{"data":"Eruption","floor":6.0,"key":"SMITH"},{"data":"CrushJoints","floor":10.0,"key":"SMITH"},{"data":"Ragnarok","floor":15.0,"key":"SMITH"}],"circlet_count":0,"master_deck":["Strike_P+1","Strike_P","Strike_P","Defend_P","Defend_P","Defend_P+1","Eruption+1","Vigilance","Consecrate","BowlingBash","Meditate","CrushJoints+1","WheelKick","EmptyBody","Adaptation","Ragnarok+1","LessonLearned","MentalFortress"],"relics":["PureWater","Happy Flower","Ice Cream","SlaversCollar","FossilizedHelix","Red Mask"],"acts_visited":["Exordium","TheCity"],"potions_floor_usage":[22,22],"damage_taken":[{"damage":0.0,"enemies":"Cultist","floor":1.0,"turns":3.0},{"damage":0.0,"enemies":"Jaw Worm","floor":2.0,"turns":4.0},{"damage":8.0,"enemies":"Small Slimes","floor":3.0,"turns":3.0},{"damage":2.0,"enemies":"2 Fungi Beasts","floor":4.0,"turns":3.0},{"damage":0.0,"enemies":"3 Louse","floor":7.0,"turns":2.0},{"damage":2.0,"enemies":"3 Sentries","floor":8.0,"turns":3.0},{"damage":10.0,"enemies":"Gremlin Gang","floor":11.0,"turns":3.0},{"damage":0.0,"enemies":"Exordium Thugs","floor":12.0,"turns":3.0},{"damage":0.0,"enemies":"Looter","floor":14.0,"turns":2.0},{"damage":31.0,"enemies":"Hexaghost","floor":16.0,"turns":5.0},{"damage":25.0,"enemies":"2 Thieves","floor":18.0,"turns":3.0},{"damage":4.0,"enemies":"3 Byrds","floor":20.0,"turns":5.0},{"damage":14,"enemies":"Masked Bandits","floor":22,"turns":4},{"damage":29,"enemies":"Slavers","floor":23,"turns":3}],"seed_played":"1409007438237238056","potions_obtained":[{"floor":2.0,"key":"LiquidBronze"},{"floor":8.0,"key":"Weak Potion"},{"floor":11.0,"key":"SkillPotion"},{"floor":20.0,"key":"Regen Potion"}],"is_trial":false,"path_per_floor":["M","M","M","M","?","R","M","E","T","R","M","M","$","M","R","B",null,"M","?","M","?","?","E"],"character_chosen":"WATCHER","items_purchased":[],"campfire_rested":0,"item_purchase_floors":[],"current_hp_per_floor":[65,65,57,55,55,55,55,53,53,53,43,43,43,43,43,12,57,32,32,28,28,26,0,0],"gold":219,"neow_bonus":"THREE_CARDS","is_daily":false,"chose_seed":false,"campfire_upgraded":3,"win_rate":0.0,"timestamp":1613260797,"path_taken":["M","M","M","M","?","R","M","E","T","R","M","M","$","M","R","BOSS","M","?","M","?","?","E"],"items_purchased_type":[],"build_version":"2020-12-22","purchased_purges":1,"victory":false,"max_hp_per_floor":[72,72,72,72,72,72,72,72,72,72,72,72,72,72,72,72,72,72,72,72,72,72,72,72],"relic_stats":{"Happy Flower":[9],"counters":[14,46],"obtain_stats":[{"Ice Cream":9,"SlaversCollar":17,"Happy Flower":8,"Red Mask":22,"PureWater":0,"FossilizedHelix":19},{"Ice Cream":6,"SlaversCollar":10,"Happy Flower":6,"Red Mask":13,"PureWater":0,"FossilizedHelix":11},{"Ice Cream":18,"SlaversCollar":31,"Happy Flower":18,"Red Mask":43,"PureWater":0,"FossilizedHelix":34}]},"card_choices":[{"not_picked":["Worship","Weave"],"picked":"Consecrate","floor":0.0},{"not_picked":["Evaluate","ThirdEye"],"picked":"BowlingBash","floor":1.0},{"not_picked":["Weave","Perseverance","WindmillStrike"],"picked":"SKIP","floor":2.0},{"not_picked":["Wireheading","JustLucky"],"picked":"Meditate","floor":3.0},{"not_picked":["LikeWater","ThirdEye"],"picked":"CrushJoints","floor":4.0},{"not_picked":["CutThroughFate","Consecrate"],"picked":"WheelKick","floor":7.0},{"not_picked":["Prostrate","PathToVictory"],"picked":"EmptyBody","floor":8.0},{"not_picked":["Conclude","SashWhip"],"picked":"Adaptation","floor":11.0},{"not_picked":["SandsOfTime","Consecrate"],"picked":"Ragnarok","floor":12.0},{"not_picked":["FlurryOfBlows","EmptyBody","PathToVictory"],"picked":"SKIP","floor":14.0},{"not_picked":["Establishment","ConjureBlade"],"picked":"LessonLearned","floor":16.0},{"not_picked":["CutThroughFate","FollowUp"],"picked":"MentalFortress","floor":18.0},{"not_picked":["FollowUp","DeceiveReality","ClearTheMind"],"picked":"SKIP","floor":20.0}],"player_experience":1462982,"relics_obtained":[{"floor":8.0,"key":"Happy Flower"},{"floor":9.0,"key":"Ice Cream"},{"floor":22,"key":"Red Mask"}],"event_choices":[{"cards_removed":["Defend_P"],"damage_healed":0.0,"max_hp_gain":0.0,"max_hp_loss":0.0,"gold_gain":0.0,"event_name":"The Cleric","player_choice":"Card Removal","floor":5.0,"gold_loss":50.0,"damage_taken":0.0},{"damage_healed":0.0,"max_hp_gain":0.0,"max_hp_loss":0.0,"gold_gain":0.0,"event_name":"Addict","player_choice":"Obtained Relic","floor":19.0,"gold_loss":85.0,"damage_taken":0.0,"relics_obtained":["FossilizedHelix"]},{"damage_healed":0.0,"max_hp_gain":0.0,"max_hp_loss":0.0,"gold_gain":0.0,"event_name":"Vampires","player_choice":"Ignored","floor":21.0,"gold_loss":0.0,"damage_taken":0.0},{"damage_healed":0,"gold_gain":0,"player_choice":"Fought Bandits","damage_taken":0,"max_hp_gain":0,"max_hp_loss":0,"event_name":"Masked Bandits","floor":22,"gold_loss":0}],"is_beta":false,"boss_relics":[{"not_picked":["Snecko Eye","Coffee Dripper"],"picked":"SlaversCollar"}],"items_purged_floors":[13],"is_endless":false,"potions_floor_spawned":[2,8,11,16,20],"killed_by":"Slavers","ascension_level":6}}