{"host":"ming","time":1613209670,"event":{"mods":["BaseMod","Hermit","KinomotoSakuraMod(Ä¾Ö®±¾Ó£)","Minty Spire (QoL Compilation)","Replay The Spire","StSLib","The Bug Knight","The Senshi"],"gold_per_floor":[119,318,318,337,360,360,360],"floor_reached":6,"language":"ZHS","playtime":546,"items_purged":[],"score":36,"play_id":"3803139e-ed10-4b66-903d-a0e0b8490200","local_time":"20210213174750","is_ascension_mode":false,"campfire_choices":[],"circlet_count":0,"master_deck":["hermit:Strike_Hermit","hermit:Strike_Hermit","hermit:Strike_Hermit","hermit:Strike_Hermit","hermit:Defend_Hermit","hermit:Defend_Hermit","hermit:Defend_Hermit","hermit:Defend_Hermit","hermit:Snapshot+1","hermit:Covet","hermit:Combo","Injury","hermit:TakeAim","hermit:Vantage"],"relics":["hermit:Momento","Golden Idol"],"acts_visited":["Exordium"],"potions_floor_usage":[],"damage_taken":[{"damage":7,"enemies":"Small Slimes","floor":1,"turns":4},{"damage":1,"enemies":"2 Louse","floor":4,"turns":4},{"damage":6,"enemies":"Jaw Worm","floor":5,"turns":4},{"damage":32,"enemies":"3 Sentries","floor":6,"turns":4}],"seed_played":"-8196664970090370657","potions_obtained":[{"floor":4,"key":"FearPotion"},{"floor":5,"key":"Elixir"}],"is_trial":false,"path_per_floor":["M","?","?","M","M","E"],"character_chosen":"HERMIT","items_purchased":[],"campfire_rested":0,"item_purchase_floors":[],"current_hp_per_floor":[68,38,38,37,31,0,0],"gold":360,"neow_bonus":"RANDOM_EVENT","is_daily":false,"chose_seed":false,"campfire_upgraded":0,"win_rate":0.0,"timestamp":1613209670,"path_taken":["M","?","?","M","M","E"],"items_purchased_type":[],"build_version":"2020-12-18","purchased_purges":0,"victory":false,"max_hp_per_floor":[75,75,75,75,75,75,75],"card_choices":[{"not_picked":["hermit:SprayPray","hermit:FlashPowder","hermit:HighCaliber"],"picked":"SKIP","floor":1},{"not_picked":["hermit:Quickdraw","hermit:LuckOfTheDraw"],"picked":"hermit:Combo","floor":2},{"not_picked":["hermit:Deadeye","hermit:Midnight"],"picked":"hermit:TakeAim","floor":4},{"not_picked":["hermit:CalledShot","hermit:HoleUp"],"picked":"hermit:Vantage","floor":5}],"player_experience":714327,"relics_obtained":[],"event_choices":[{"damage_healed":0,"gold_gain":0,"player_choice":"Grow","damage_taken":0,"max_hp_gain":0,"max_hp_loss":0,"event_name":"Living Wall","floor":0,"gold_loss":0,"cards_upgraded":["hermit:Snapshot"]},{"damage_healed":0,"gold_gain":0,"player_choice":"Take Wound","damage_taken":0,"relics_obtained":["Golden Idol"],"max_hp_gain":0,"max_hp_loss":0,"event_name":"Golden Idol","floor":3,"gold_loss":0,"cards_obtained":["Injury"]}],"is_beta":true,"boss_relics":[],"items_purged_floors":[],"is_endless":false,"potions_floor_spawned":[4,5],"killed_by":"3 Sentries","ascension_level":0}}