{"host":"u7y9frlpoazak2mn","time":1613189414,"event":{"mods":["Act Like it!","Aspiration","BaseMod","Beaked The Cultist","Better Altar","Better Match","Better Note","Better Sensory Stone","Better Skull","Better Third Choice","Colored Map","Colored Powertips","Conspire","Downfall","Energized Spire","GifTheSpireLib","Googly Eyes","Halation","Hermit","Hubris","Infinite Spire","Marked Mod","Mimic Mod","Minty Spire (QoL Compilation)","Permanent Neow","Prisma Mod","Rare Cards Sparkle","Replay The Spire","StSLib","Stuff the Spire","The Construct","Waifu the Spire"],"gold_per_floor":[111,124,49,49,67,93,93,127,150,170,181,531,549,575,575,573,573,585,585,575,575,575],"floor_reached":21,"language":"ENG","playtime":1021,"items_purged":["Strike_B"],"score":262,"play_id":"4c7e274f-3e39-49d3-b888-bbdc94630f1f","local_time":"20210212231014","is_ascension_mode":true,"campfire_choices":[{"floor":7,"key":"REST"},{"floor":15,"key":"REST"}],"circlet_count":0,"master_deck":["Strike_B","Strike_B","Strike_B","Defend_B","Defend_B","Defend_B","Defend_B","Zap","Dualcast","Gash","Chill","StuffTheSpire:Snapshot","Gash","StuffTheSpire:Snapshot","Gash","Steam","Static Discharge","hubris:Lust","conspire:NecroticWound","Gash","Echo Form","Consume+1","Panic Button+1"],"relics":["Cracked Core","halation:PinkSoulGem","DataDisk","Pondfish Scales","ReplayFunnel","Ring of Greed","ReplayTheSpireMod:Ring of Addiction","Replay:Wax Seal","Old Coin","Potion Belt","Chameleon Ring","Art of War","aspiration:WatcherSkillbook"],"acts_visited":["Exordium","TheCity"],"potions_floor_usage":[13,13,13,16,16,20],"damage_taken":[{"damage":0,"enemies":"conspire:RoseBush","floor":1,"turns":3},{"damage":6,"enemies":"Jaw Worm","floor":2,"turns":3},{"damage":4,"enemies":"Cultist","floor":5,"turns":4},{"damage":25,"enemies":"Replay:BlueRogue","floor":6,"turns":8},{"damage":14,"enemies":"Gremlin Nob","floor":8,"turns":4},{"damage":0,"enemies":"3 Louse","floor":10,"turns":3},{"damage":5,"enemies":"Looter","floor":11,"turns":3},{"damage":21,"enemies":"Large Slime","floor":13,"turns":2},{"damage":3,"enemies":"3 Sentries","floor":14,"turns":5},{"damage":21,"enemies":"Hexaghost","floor":16,"turns":9},{"damage":26,"enemies":"Spheric Guardian","floor":18,"turns":5},{"damage":32,"enemies":"2 Thieves","floor":20,"turns":4},{"damage":22,"enemies":"Snake Plant","floor":21,"turns":5}],"seed_played":"1447287861085296512","potions_obtained":[{"floor":5,"key":"construct:ShiftPotion"},{"floor":6,"key":"construct:ShiftPotion"},{"floor":10,"key":"infinitespire:BlackPotion"},{"floor":12,"key":"sneckomod:MuddlingPotion"},{"floor":12,"key":"AttackPotion"},{"floor":12,"key":"Adrenaline Potion"},{"floor":13,"key":"FearPotion"},{"floor":18,"key":"Adrenaline Potion"},{"floor":20,"key":"ColorlessPotion"}],"is_trial":false,"path_per_floor":["M","M","$","?","M","E","R","E","T","M","M","?","M","E","R","B",null,"M","?","M","M"],"character_chosen":"DEFECT","items_purchased":[],"campfire_rested":2,"item_purchase_floors":[],"current_hp_per_floor":[75,69,69,69,65,40,62,48,48,48,43,43,22,19,41,20,75,49,53,21,0,0],"gold":575,"neow_bonus":"THREE_CARDS","is_daily":false,"chose_seed":false,"campfire_upgraded":0,"win_rate":0.0,"timestamp":1613189414,"path_taken":["M","M","$","?","M","E","R","E","T","M","M","?","M","E","R","BOSS","M","?","?","M"],"items_purchased_type":[],"build_version":"2020-12-22","purchased_purges":1,"victory":false,"max_hp_per_floor":[75,75,75,75,75,75,75,75,75,75,75,75,75,75,75,75,75,75,75,73,73,73],"card_choices":[{"not_picked":["Beam Cell","Sweeping Beam"],"picked":"StuffTheSpire:SnapShoot","floor":0},{"not_picked":["Go for the Eyes","Steam Power"],"picked":"Gash","floor":1},{"not_picked":["Undo","Go for the Eyes"],"picked":"StuffTheSpire:SnapShoot","floor":2},{"not_picked":["Redo","ReplayTheSpireMod:System Scan"],"picked":"Chill","floor":5},{"not_picked":["hubris:PowerSurge","aspiration:Polymerization"],"picked":"Gash","floor":6},{"not_picked":["BasicCrystalCard","Sweeping Beam"],"picked":"Gash","floor":8},{"not_picked":["Stack","ReplayTheSpireMod:Reroute Power"],"picked":"Steam","floor":10},{"not_picked":["aspiration:Polymerization","Doom and Gloom"],"picked":"Static Discharge","floor":11},{"not_picked":["Rebound","Turbo"],"picked":"Gash","floor":13},{"not_picked":["Recycle","Coolheaded","Sunder"],"picked":"SKIP","floor":14},{"not_picked":["Recycle","Coolheaded","Sunder"],"picked":"SKIP","floor":14},{"not_picked":["Creative AI","Fission"],"picked":"Echo Form","floor":16},{"not_picked":["ThirdEye","MarkedMod:PinPointDefense","StuffTheSpire:GlassShard"],"picked":"Consume+1","floor":18},{"not_picked":["Consume","Conserve Battery+1","FollowUp+1"],"picked":"Panic Button+1","floor":20}],"player_experience":440641,"relics_obtained":[{"floor":6,"key":"DataDisk"},{"floor":8,"key":"Pondfish Scales"},{"floor":9,"key":"ReplayFunnel"},{"floor":12,"key":"Ring of Greed"},{"floor":12,"key":"ReplayTheSpireMod:Ring of Addiction"},{"floor":12,"key":"Replay:Wax Seal"},{"floor":12,"key":"Old Coin"},{"floor":12,"key":"Potion Belt"},{"floor":12,"key":"Chameleon Ring"},{"floor":14,"key":"Art of War"}],"event_choices":[{"damage_healed":4,"gold_gain":0,"player_choice":"LEAVE ","damage_taken":0,"relics_obtained":[],"max_hp_gain":0,"max_hp_loss":0,"event_name":"betterSkull:BetterSkull","floor":19,"gold_loss":0,"cards_upgraded":[]}],"is_beta":false,"boss_relics":[{"not_picked":["Velvet Choker","beaked:MawFillet"],"picked":"aspiration:WatcherSkillbook"}],"items_purged_floors":[3],"is_endless":false,"potions_floor_spawned":[5,6,10,13,18,20],"killed_by":"Snake Plant","ascension_level":1}}