{"host":"yx5rao87132cy5xq","time":1613226322,"event":{"mods":["2.2 Compatiblity","AchievementEnabler","BaseMod","Bestiary","Colored Map","Colored Powertips","Minty Spire (QoL Compilation)","Quick Restart","Relic Stats","Slay-I","SuperFastMode"],"gold_per_floor":[111,111,128,141,141,167,140,140,194,194,194],"floor_reached":10,"language":"ENG","playtime":1907,"items_purged":[],"score":129,"play_id":"39069810-a728-400d-8ba8-9cf3af97ca1f","local_time":"20210213152522","is_ascension_mode":true,"campfire_choices":[{"floor":8,"key":"REST"}],"circlet_count":0,"master_deck":["AscendersBane","Strike_R","Strike_R","Strike_R","Strike_R","Strike_R","Defend_R","Defend_R","Defend_R","Defend_R","Bash","Rage","Sword Boomerang","Iron Wave+1","Iron Wave","Sword Boomerang"],"relics":["Burning Blood","Meat on the Bone","Toy Ornithopter"],"acts_visited":["Exordium"],"potions_floor_usage":[6,7,10],"damage_taken":[{"damage":18,"enemies":"Cultist","floor":1,"turns":5},{"damage":3,"enemies":"Small Slimes","floor":3,"turns":4},{"damage":2,"enemies":"2 Louse","floor":4,"turns":4},{"damage":77,"enemies":"Gremlin Nob","floor":6,"turns":6},{"damage":10,"enemies":"Exordium Thugs","floor":7,"turns":4},{"damage":57,"enemies":"3 Sentries","floor":10,"turns":12}],"seed_played":"1551292305004112821","potions_obtained":[{"floor":3,"key":"SpeedPotion"},{"floor":4,"key":"BloodPotion"},{"floor":7,"key":"ElixirPotion"}],"is_trial":false,"path_per_floor":["M","?","M","M","?","E","M","R","T","E"],"character_chosen":"IRONCLAD","items_purchased":[],"campfire_rested":1,"item_purchase_floors":[],"current_hp_per_floor":[63,63,66,70,70,15,23,47,47,0,0],"gold":194,"neow_bonus":"TEN_PERCENT_HP_BONUS","is_daily":false,"chose_seed":false,"campfire_upgraded":0,"win_rate":0.0,"timestamp":1613226322,"path_taken":["M","?","M","M","?","E","M","R","T","E"],"items_purchased_type":[],"build_version":"2020-12-22","purchased_purges":0,"victory":false,"max_hp_per_floor":[82,82,82,82,82,82,82,82,82,82,82],"relic_stats":{"counters":[6,35],"obtain_stats":[{"Burning Blood":0,"Toy Ornithopter":9,"Meat on the Bone":6},{"Burning Blood":0,"Toy Ornithopter":5,"Meat on the Bone":4},{"Burning Blood":0,"Toy Ornithopter":23,"Meat on the Bone":19}],"Burning Blood":30,"Toy Ornithopter":5,"Meat on the Bone":12},"card_choices":[{"not_picked":["Flex","Havoc"],"picked":"Rage","floor":1},{"not_picked":["Inflame","Dropkick"],"picked":"Sword Boomerang","floor":3},{"not_picked":["Sword Boomerang","Warcry"],"picked":"Iron Wave","floor":4},{"not_picked":["Twin Strike","Burning Pact"],"picked":"Iron Wave","floor":6},{"not_picked":["Pommel Strike","Hemokinesis"],"picked":"Sword Boomerang","floor":7}],"player_experience":1023487,"relics_obtained":[{"floor":6,"key":"Meat on the Bone"},{"floor":9,"key":"Toy Ornithopter"}],"event_choices":[{"damage_healed":0,"gold_gain":0,"player_choice":"Ignored","damage_taken":0,"max_hp_gain":0,"max_hp_loss":0,"event_name":"Shining Light","floor":2,"gold_loss":0},{"damage_healed":0,"gold_gain":0,"player_choice":"Grow","damage_taken":0,"max_hp_gain":0,"max_hp_loss":0,"event_name":"Living Wall","floor":5,"gold_loss":0,"cards_upgraded":["Iron Wave"]}],"is_beta":false,"boss_relics":[],"items_purged_floors":[],"is_endless":false,"potions_floor_spawned":[3,4,7],"killed_by":"3 Sentries","ascension_level":18}}