{"host":"avq773cl9g5msfol","time":1613221902,"event":{"mods":["100% Spire Juice","AchievementEnabler","Act Like it!","Ascension Unlocker","Aspiration","Astrologer","Bard","Bartender","BaseMod","Better Altar","Better Third Choice","BetterRewards","CapriCore","ChefMod","Colored Map","Colored Powertips","Conspire","Dio Mod","Downfall","Elementarium","Energized Spire","Gensokyo","GifTheSpireLib","Hallownest","Hermit","Highlight Path","Hubris","Humility","Infinite Spire","Jorbs\u0027s Wanderer Trilogy","Koishi","Magitek Elite","Marisa????????","Marked Mod","Menagerie","Minty Spire (QoL Compilation)","Pale of the Ancients","Potionbrewer","Quarter Circle Forward PUNCH!","Rare Cards Sparkle","Reimu??????","Relic Stats","Reliquary","Remilia??????","Replay The Spire","Robot Space Explorer","SacredBarkPlus","Shade Mod","Somnambulant","Spicy Shops","Spire Arcade","StSLib","The Blue Laboratory","The Bug Knight","The Construct","The Cursed","The Disciple","The Dragon Tamer","The Exalted","The Hayseed","The Hierophant","The Hydrologist","The Immortal","The Marked","The Mystic","The Problem Sleuth","The Runesmith","The Senshi","The Vixen","The Wild Card","TheFirefly","Wandering Minibosses","Wide Potions","vexMod"],"gold_per_floor":[119,132,151,151,162,162,196,196,196,196,227,244,50,82,82,160,160,177,177,177,177,190,156,181,191,191,226,226,239,274,285,285,363,363,402,65,65,864,864,937,937,1031,1031,1108,1191,1294,1294,1407,1407,1407,1407,1518,1630,1630,905,905,983,983,821,821,821],"floor_reached":62,"language":"ENG","playtime":4874,"items_purged":["Atom Bomb+1"],"score":4577,"play_id":"3fe23758-5563-4091-8d11-18cc34f95773","local_time":"20210213201142","is_ascension_mode":true,"campfire_choices":[{"data":"Neutralize","floor":6,"key":"SMITH"},{"data":"Survivor","floor":8,"key":"SMITH"},{"floor":15,"key":"REST"},{"floor":28,"key":"RECALL"},{"floor":32,"key":"REST"},{"data":"Gensokyo:ManorOfTheDishes","floor":41,"key":"SMITH"},{"floor":49,"key":"REST"},{"data":"Replay:Poison Smokescreen","floor":56,"key":"SMITH"},{"data":"infinitespire:UltimateForm","floor":58,"key":"SMITH"}],"circlet_count":0,"master_deck":["AscendersBane","Survivor+1","Neutralize+1","hubris:Sniper+1","Caltrops+1","Hidden Blade+1","Infinite Blades+1","ReplayTheSpireMod:The Works+1","Cloak And Dagger+1","Glass Knife+1","Setup+1","Acrobatics+1","Dagger Throw+1","Dodge and Roll+1","Panache+1","Good Instincts+1","Accuracy+1","Finisher+1","Quick Slash+1","ReplayTheSpireMod:Private Reserves+1","Backflip+1","ReplayTheSpireMod:Tripwire+1","Sucker Punch+1","Envenom+1","Dash+1","Deflect+1","Specialist+1","Tools of the Trade+1","Leg Sweep+1","Blur+1","Fluid Movement+1","Footwork+1","Mayhem+1","Draining Mist+1","Sadistic Nature+1","hubris:EnhanceAbility+1","Night Terror+1","Wraith Form v2+1","ReplayTheSpireMod:Scrap Shanks","Replay:Poison Smokescreen+1","Gensokyo:ManorOfTheDishes+1","Gensokyo:UnlikelyAid+1","After Image+1","infinitespire:UltimateForm+1","Replay:Bag of Tricks+1"],"relics":["Ring of the Snake","Golden Egg","Quantum Egg","theSenshi:SuperSailorFukuRelic","aspiration:HatOfInfinitePower","reliquary:RadioactivePellet","conspire:Boomerang","Mummified Hand","reliquary:Sideboard","Shuriken","ClockworkSouvenir","hexamod:BolsterEngine","infinitespire:Satchel","ReplayTheSpireMod:TigerMarble","aspiration:FetidBarrel","Hallownest:DreamNailRelic","Black Star","hubris:Towel","Basket Of Snakes","Sundial","Singing Bowl","Bromod:ArcaneTrickery","Guardian:GemstoneGun","Replay:Wax Seal","reliquary:SharkskinSheath","reliquary:SharkskinSheath","infinitespire:EvilPickle","RedLine:ReiMu","Genji_Glove","TheVixenMod:UmbreonRelic","wanderingMiniBosses:MasterThiefsPresence","aspiration:VileToxins","Replay:Rubber Ducky","Lantern","The Specimen","vexMod:RetaliationKit","Happy Flower","paleoftheancients:Timepiece","paleoftheancients:KeyRelic","Ice Cream","Letter Opener","paleoftheancients:SoulOfTheShowman","Protect_Vest","Bottled Flame","reliquary:IridiumChain","Guardian:PocketSentry"],"acts_visited":["Hallownest:Greenpath","TheCity","Gensokyo:Gensokyoest","paleoftheancients:PaleOfTheAncients"],"potions_floor_usage":[30,39,39,39,39,61,61,61],"damage_taken":[{"damage":0,"enemies":"Hallownest:monsterHuskGuard","floor":1,"turns":1},{"damage":0,"enemies":"2_ Uuma","floor":2,"turns":3},{"damage":0,"enemies":"Hallownest:monsterHuskWarrior","floor":3,"turns":2},{"damage":0,"enemies":"Hallownest:MossCreep_and_Mosskin","floor":5,"turns":2},{"damage":0,"enemies":"Hallownest:eliteMossKnight","floor":7,"turns":2},{"damage":0,"enemies":"Hallownest:eliteCrystalGuardian","floor":11,"turns":3},{"damage":0,"enemies":"Hallownest:Guard_and_Warrior","floor":12,"turns":2},{"damage":0,"enemies":"Hallownest:eliteMossKnight","floor":14,"turns":2},{"damage":0,"enemies":"Hallownest:BossHornet","floor":16,"turns":4},{"damage":0,"enemies":"Shell Parasite","floor":18,"turns":2},{"damage":0,"enemies":"Spheric Guardian","floor":22,"turns":3},{"damage":0,"enemies":"Replay:Snechameleon","floor":24,"turns":2},{"damage":0,"enemies":"Snake Plant","floor":25,"turns":2},{"damage":0,"enemies":"Book of Stabbing","floor":27,"turns":3},{"damage":0,"enemies":"Sentry and Sphere","floor":29,"turns":2},{"damage":0,"enemies":"Slavers","floor":30,"turns":1},{"damage":0,"enemies":"Centurion and Healer","floor":31,"turns":1},{"damage":0,"enemies":"Pondfish","floor":33,"turns":3},{"damage":0,"enemies":"Gensokyo:3_Bats","floor":35,"turns":1},{"damage":0,"enemies":"Gensokyo:3_Bats","floor":37,"turns":1},{"damage":0,"enemies":"Gensokyo:AncientGuardian","floor":38,"turns":4},{"damage":0,"enemies":"Gensokyo:AncientGuardian","floor":39,"turns":1},{"damage":0,"enemies":"Gensokyo:Sharpion","floor":40,"turns":1},{"damage":0,"enemies":"Nightmare","floor":42,"turns":4},{"damage":0,"enemies":"Gensokyo:3_Boulders","floor":44,"turns":1},{"damage":0,"enemies":"Gensokyo:4_Bats","floor":45,"turns":2},{"damage":0,"enemies":"Gensokyo:Marisa","floor":46,"turns":2},{"damage":0,"enemies":"Gensokyo:Kasen","floor":48,"turns":3},{"damage":0,"enemies":"Gensokyo:Scarlet_Devils","floor":50,"turns":5},{"damage":0,"enemies":"Gensokyo:Shinki","floor":51,"turns":3},{"damage":0,"enemies":"Gensokyo:Shinki","floor":52,"turns":4},{"damage":1,"enemies":"Gensokyo:Shinki","floor":53,"turns":6},{"damage":0,"enemies":"Gensokyo:Shinki","floor":57,"turns":2},{"damage":0,"enemies":"paleoftheancients:N","floor":61,"turns":4}],"seed_played":"-1401124732654215417","potions_obtained":[{"floor":22,"key":"blueLaboratory:Virophage"},{"floor":31,"key":"blueLaboratory:EmptyBottle"},{"floor":35,"key":"blueLaboratory:RememoryPotion"},{"floor":44,"key":"Elixir"},{"floor":48,"key":"blueLaboratory:PhilterOfMotion"},{"floor":53,"key":"EssenceOfSteel"}],"is_trial":false,"path_per_floor":["M","M","M","$","M","R","E","R","T","?","E","M","$","E","R","B",null,"M","?","?","$","M","$","E","M","T","E","R","M","E","M","R","B",null,"M","COS","?","M","?","M","R","NM","T","M","M","E","?","E","R","B","B","M","M","?","$","R","M","R","$","?","B",null],"character_chosen":"THE_SILENT","items_purchased":["Dagger Throw","Dodge and Roll","Panache","Good Instincts","theSenshi:SuperSailorFukuRelic","Accuracy","Finisher","Quick Slash","ReplayTheSpireMod:Private Reserves","Backflip","aspiration:HatOfInfinitePower","ReplayTheSpireMod:Tripwire","reliquary:RadioactivePellet","conspire:Boomerang","Sucker Punch","Envenom","Dash","Deflect","Mummified Hand","Specialist","Tools of the Trade","Leg Sweep","Blur","Fluid Movement","Footwork","reliquary:Sideboard","Mayhem","Shuriken","ClockworkSouvenir","hexamod:BolsterEngine","infinitespire:Satchel","ReplayTheSpireMod:TigerMarble","Draining Mist","Sadistic Nature","blueLaboratory:BottledHope","aspiration:FetidBarrel","CultistPotion","hubris:EnhanceAbility","Basket Of Snakes","Protect_Vest","Bottled Flame","reliquary:IridiumChain","Guardian:PocketSentry"],"campfire_rested":3,"item_purchase_floors":[0,0,0,0,0,0,0,0,0,0,0,0,0,0,0,0,0,0,0,0,0,0,0,0,0,0,0,0,0,0,0,0,0,0,0,0,0,13,23,55,55,55,59],"current_hp_per_floor":[59,59,59,59,59,59,59,59,59,59,59,59,59,59,66,66,66,66,66,66,66,66,66,68,70,70,72,72,74,76,78,78,78,78,78,78,78,78,78,80,80,82,82,84,86,88,67,69,90,90,90,92,94,84,84,84,92,92,92,92,95],"gold":821,"neow_bonus":"","is_daily":false,"chose_seed":false,"campfire_upgraded":5,"win_rate":0.0,"timestamp":1613221902,"path_taken":["M","?","?","$","?","R","E","R","T","?","E","M","$","E","R","BOSS","M","?","?","?","M","$","E","M","T","E","R","?","E","M","R","BOSS","M","COS","?","M","?","M","R","NM","T","?","M","E","?","E","R","BOSS","BOSS","M","M","?","$","R","M","R","$","?","BOSS"],"items_purchased_type":["Card","Card","Card","Card","Relic","Card","Card","Card","Card","Card","Relic","Card","Relic","Relic","Card","Card","Card","Card","Relic","Card","Card","Card","Card","Card","Card","Relic","Card","Relic","Relic","Relic","Relic","Relic","Card","Card","Potion","Relic","Potion","Card","Relic","Relic","Relic","Relic","Relic"],"build_version":"2020-12-22","purchased_purges":1,"victory":true,"max_hp_per_floor":[66,66,66,66,66,66,66,66,66,66,66,66,66,66,66,66,66,66,66,66,66,66,66,68,70,70,72,72,74,76,78,78,78,78,78,78,78,78,78,80,80,82,82,84,86,88,88,90,90,90,90,92,94,94,94,94,96,96,96,96,96],"relic_stats":{"Singing Bowl":30,"Happy Flower":[8],"counters":[59,158],"Mummified Hand":[481],"Shuriken":[54],"Sundial":[0],"Black Star":6,"Letter Opener":[641],"obtain_stats":[{"Bromod:ArcaneUltimatum":37,"Ice Cream":51,"Golden Egg":0,"Vampiric Spirits":51,"theSenshi:FeatherClipsRelic":46,"aspiration:BardSkillbook":17,"RedLine:ReiMu":34,"hubris:HerbalPaste":50,"Sundial":24,"theSenshi:SailorFukuRelic":38,"Replay:Wax Seal":27,"qcfpunch:Chain_With_Nametags":0,"vexMod:RetaliationKit":48,"reliquary:SharkskinSheath":12,"conspire:Dentures":48,"paleoftheancients:KeyRelic":51,"wanderingMiniBosses:ThiefScarf":35,"Happy Flower":48,"reliquary:Sideboard":0,"wanderingMiniBosses:MasterThiefsPresence":38,"infinitespire:Beetle Shell":37,"qcfpunch:Dark_Gi":34,"conspire:Boomerang":0,"Guardian:PocketSentry":59,"Replay:Kaleidoscope":39,"Letter Opener":51,"Du-Vu Doll":41,"infinitespire:EvilPickle":33,"paleoftheancients:Timepiece":51,"Bottled Flame":55,"ReplayTheSpireMod:Shallot":6,"Shuriken":0,"Pandora\u0027s Box":0,"reliquary:SculptingSteel":30,"ReplayTheSpireMod:TigerMarble":0,"Black Star":17,"aspiration:HatOfInfinitePower":0,"paleoftheancients:SoulOfTheShowman":52,"ReplayFunnel":40,"theSenshi:SuperSailorFukuRelic":0,"Lantern":46,"reliquary:Boomerang":51,"Singing Bowl":24,"reliquary:Firecrackers":40,"StoneCalendar":50,"Juzu Bracelet":26,"Hallownest:DreamNailRelic":10,"Replay:Mystery Machine":46,"ClockworkSouvenir":38,"Replay:Rubber Ducky":42,"Mummified Hand":0,"Bromod:ArcaneTrickery":26,"hubris:ScarierMask":48,"Genji_Glove":36,"reliquary:RadioactivePellet":0,"Bromod:ArcaneGuardian":48,"TheVixenMod:UmbreonRelic":37,"Ring of the Snake":0,"aspiration:VileToxins":42,"The Specimen":0,"aspiration:FetidBarrel":0,"Quantum Egg":0,"Basket Of Snakes":23,"Guardian:GemstoneGun":27,"Thread and Needle":0,"Protect_Vest":55,"infinitespire:CheckeredPen":8,"hubris:Towel":45,"reliquary:Pushpin":0,"reliquary:IridiumChain":55,"infinitespire:Satchel":0,"reliquary:Stiletto":23,"Membership Card":0,"hexamod:BolsterEngine":0,"potionbrewer:SlideRule":40,"hubris:AncientText":0},{"Bromod:ArcaneUltimatum":18,"Ice Cream":55,"Golden Egg":2,"Vampiric Spirits":24,"theSenshi:FeatherClipsRelic":21,"aspiration:BardSkillbook":10,"RedLine:ReiMu":43,"hubris:HerbalPaste":23,"Sundial":37,"theSenshi:SailorFukuRelic":19,"Replay:Wax Seal":39,"qcfpunch:Chain_With_Nametags":2,"vexMod:RetaliationKit":53,"reliquary:SharkskinSheath":8,"conspire:Dentures":23,"paleoftheancients:KeyRelic":55,"wanderingMiniBosses:ThiefScarf":18,"Happy Flower":53,"reliquary:Sideboard":25,"wanderingMiniBosses:MasterThiefsPresence":46,"infinitespire:Beetle Shell":18,"qcfpunch:Dark_Gi":17,"conspire:Boomerang":25,"Guardian:PocketSentry":58,"Replay:Kaleidoscope":20,"Letter Opener":55,"Du-Vu Doll":21,"infinitespire:EvilPickle":43,"paleoftheancients:Timepiece":55,"Bottled Flame":57,"ReplayTheSpireMod:Shallot":6,"Shuriken":25,"Pandora\u0027s Box":2,"reliquary:SculptingSteel":41,"ReplayTheSpireMod:TigerMarble":25,"Black Star":34,"aspiration:HatOfInfinitePower":25,"paleoftheancients:SoulOfTheShowman":56,"ReplayFunnel":20,"theSenshi:SuperSailorFukuRelic":25,"Lantern":52,"reliquary:Boomerang":24,"Singing Bowl":37,"reliquary:Firecrackers":20,"StoneCalendar":23,"Juzu Bracelet":14,"Hallownest:DreamNailRelic":30,"Replay:Mystery Machine":21,"ClockworkSouvenir":19,"Replay:Rubber Ducky":49,"Mummified Hand":25,"Bromod:ArcaneTrickery":38,"hubris:ScarierMask":22,"Genji_Glove":44,"reliquary:RadioactivePellet":25,"Bromod:ArcaneGuardian":22,"TheVixenMod:UmbreonRelic":44,"Ring of the Snake":0,"aspiration:VileToxins":49,"The Specimen":2,"aspiration:FetidBarrel":2,"Quantum Egg":2,"Basket Of Snakes":36,"Guardian:GemstoneGun":39,"Thread and Needle":2,"Protect_Vest":57,"infinitespire:CheckeredPen":7,"hubris:Towel":21,"reliquary:Pushpin":2,"reliquary:IridiumChain":57,"infinitespire:Satchel":25,"reliquary:Stiletto":13,"Membership Card":2,"hexamod:BolsterEngine":25,"potionbrewer:SlideRule":21,"hubris:AncientText":2},{"Bromod:ArcaneUltimatum":52,"Ice Cream":142,"Golden Egg":4,"Vampiric Spirits":71,"theSenshi:FeatherClipsRelic":62,"aspiration:BardSkillbook":24,"RedLine:ReiMu":114,"hubris:HerbalPaste":68,"Sundial":102,"theSenshi:SailorFukuRelic":55,"Replay:Wax Seal":107,"qcfpunch:Chain_With_Nametags":4,"vexMod:RetaliationKit":134,"reliquary:SharkskinSheath":19,"conspire:Dentures":68,"paleoftheancients:KeyRelic":142,"wanderingMiniBosses:ThiefScarf":52,"Happy Flower":134,"reliquary:Sideboard":74,"wanderingMiniBosses:MasterThiefsPresence":120,"infinitespire:Beetle Shell":52,"qcfpunch:Dark_Gi":48,"conspire:Boomerang":74,"Guardian:PocketSentry":154,"Replay:Kaleidoscope":58,"Letter Opener":142,"Du-Vu Doll":62,"infinitespire:EvilPickle":114,"paleoftheancients:Timepiece":142,"Bottled Flame":152,"ReplayTheSpireMod:Shallot":12,"Shuriken":74,"Pandora\u0027s Box":4,"reliquary:SculptingSteel":110,"ReplayTheSpireMod:TigerMarble":74,"Black Star":95,"aspiration:HatOfInfinitePower":74,"paleoftheancients:SoulOfTheShowman":146,"ReplayFunnel":58,"theSenshi:SuperSailorFukuRelic":74,"Lantern":131,"reliquary:Boomerang":71,"Singing Bowl":102,"reliquary:Firecrackers":58,"StoneCalendar":68,"Juzu Bracelet":40,"Hallownest:DreamNailRelic":84,"Replay:Mystery Machine":62,"ClockworkSouvenir":55,"Replay:Rubber Ducky":126,"Mummified Hand":74,"Bromod:ArcaneTrickery":104,"hubris:ScarierMask":65,"Genji_Glove":115,"reliquary:RadioactivePellet":74,"Bromod:ArcaneGuardian":65,"TheVixenMod:UmbreonRelic":115,"Ring of the Snake":0,"aspiration:VileToxins":126,"The Specimen":4,"aspiration:FetidBarrel":4,"Quantum Egg":4,"Basket Of Snakes":100,"Guardian:GemstoneGun":107,"Thread and Needle":4,"Protect_Vest":152,"infinitespire:CheckeredPen":16,"hubris:Towel":62,"reliquary:Pushpin":4,"reliquary:IridiumChain":152,"infinitespire:Satchel":74,"reliquary:Stiletto":37,"Membership Card":4,"hexamod:BolsterEngine":74,"potionbrewer:SlideRule":62,"hubris:AncientText":4}],"Ring of the Snake":[119]},"card_choices":[{"not_picked":["Poisoned Stab","Deflect","PiercingWail"],"picked":"SKIP","floor":1},{"not_picked":["Bane","Backflip"],"picked":"Replay:Poison Smokescreen","floor":2},{"not_picked":["Escape Plan","Flying Knee","Dodge and Roll"],"picked":"SKIP","floor":3},{"not_picked":["ReplayTheSpireMod:Speed Training","Predator"],"picked":"ReplayTheSpireMod:Scrap Shanks","floor":5},{"not_picked":["Crippling Poison","Quick Slash","Hidden Blade"],"picked":"SKIP","floor":7},{"not_picked":["Prepared","Noxious Fumes","Acrobatics"],"picked":"SKIP","floor":11},{"not_picked":["Masterful Stab","Footwork","Deadly Poison"],"picked":"SKIP","floor":12},{"not_picked":["ReplayTheSpireMod:Speed Training","Flechettes","Draining Mist"],"picked":"SKIP","floor":14},{"not_picked":["Poison Darts","Atom Bomb"],"picked":"Replay:Bag of Tricks","floor":16},{"not_picked":["Deadly Poison","Dodge and Roll","Cloak And Dagger"],"picked":"SKIP","floor":18},{"not_picked":["Deflect","conspire:PoisonWeapons","Backflip"],"picked":"SKIP","floor":22},{"not_picked":["Deflect","PiercingWail","conspire:PoisonWeapons"],"picked":"Singing Bowl","floor":24},{"not_picked":["Underhanded Strike","ReplayTheSpireMod:The Works","Prepared"],"picked":"Singing Bowl","floor":25},{"not_picked":["Dodge and Roll+1","Acrobatics","Venomology"],"picked":"Singing Bowl","floor":27},{"not_picked":["PiercingWail","Backflip","Prepared"],"picked":"Singing Bowl","floor":29},{"not_picked":["Grand Finale","Prepared","hubris:Counter"],"picked":"Singing Bowl","floor":30},{"not_picked":["Blur","Sucker Punch","hubris:Counter"],"picked":"Singing Bowl","floor":31},{"not_picked":["Corpse Explosion","Burst"],"picked":"Wraith Form v2","floor":33},{"not_picked":["ReplayTheSpireMod:The Works","Terror"],"picked":"Night Terror","floor":35},{"not_picked":["Flying Knee","Poisoned Stab"],"picked":"After Image","floor":38},{"not_picked":["Gensokyo:RisingWorld+1","Gensokyo:UnhurriedMind+1"],"picked":"Gensokyo:UnlikelyAid+1","floor":39},{"not_picked":["ReplayTheSpireMod:Speed Training+1","All Out Attack","Well Laid Plans"],"picked":"Singing Bowl","floor":40},{"not_picked":["Slice+1","Deadly Poison+1","Escape Plan"],"picked":"Singing Bowl","floor":42},{"not_picked":["hubris:SlightOfHand","Acrobatics","Sucker Punch"],"picked":"Singing Bowl","floor":44},{"not_picked":["ReplayTheSpireMod:Necrosis","Prepared","Bane"],"picked":"Singing Bowl","floor":45},{"not_picked":["Masterful Stab+1","Calculated Gamble","Escape Plan"],"picked":"Singing Bowl","floor":46},{"not_picked":["hubris:Fate","infinitespire:Oblivion"],"picked":"infinitespire:UltimateForm","floor":47},{"not_picked":["Backflip","Flying Knee","Quick Slash"],"picked":"Singing Bowl","floor":48},{"not_picked":["Draining Mist","Backflip","Flying Knee+1"],"picked":"Singing Bowl","floor":52},{"not_picked":["Escape Plan","Crippling Poison+1","Dodge and Roll+1"],"picked":"Singing Bowl","floor":53},{"not_picked":["Leg Sweep+1","Dagger Spray+1","Crippling Poison+1"],"picked":"Singing Bowl","floor":57}],"player_experience":1434944,"relics_obtained":[{"floor":24,"key":"Sundial"},{"floor":24,"key":"Singing Bowl"},{"floor":26,"key":"Bromod:ArcaneTrickery"},{"floor":27,"key":"Guardian:GemstoneGun"},{"floor":27,"key":"Replay:Wax Seal"},{"floor":30,"key":"reliquary:SharkskinSheath"},{"floor":30,"key":"reliquary:SculptingSteel"},{"floor":38,"key":"wanderingMiniBosses:MasterThiefsPresence"},{"floor":42,"key":"aspiration:VileToxins"},{"floor":42,"key":"Replay:Rubber Ducky"},{"floor":46,"key":"Lantern"},{"floor":46,"key":"The Specimen"},{"floor":48,"key":"vexMod:RetaliationKit"},{"floor":48,"key":"Happy Flower"},{"floor":52,"key":"paleoftheancients:SoulOfTheShowman"}],"event_choices":[{"damage_healed":0,"gold_gain":0,"player_choice":"Fight the Beast\u0027s assailants","damage_taken":0,"relics_obtained":["TheVixenMod:UmbreonRelic"],"max_hp_gain":0,"max_hp_loss":0,"event_name":"Creature of the Night","floor":37,"gold_loss":0}],"is_beta":false,"boss_relics":[{"not_picked":["SacredBark","hubris:CrackedHourglass"],"picked":"Black Star"},{"not_picked":["ReplayTheSpireMod:SealedPack","Runic Pyramid"],"picked":"RedLine:ReiMu"}],"items_purged_floors":[0],"is_endless":false,"potions_floor_spawned":[1,5,7,12,16,22,27,29,31,35,38,44,48,53],"ascension_level":20,"is_humility":true}}