{"host":"3zmssa4s99zhxek5","time":1613180562,"event":{"mods":["AchievementEnabler","BaseMod","Minty Spire (QoL Compilation)","Permanent Neow","Relic Stats"],"gold_per_floor":[119,32,32,32,42,42,67,67,67,67,67,87,87,87,87,87,87],"floor_reached":16,"language":"KOR","playtime":756,"items_purged":[],"score":192,"play_id":"3e8a049e-36cc-47df-8fc7-954f24d9416a","local_time":"20210213104242","is_ascension_mode":true,"campfire_choices":[{"data":"Bash","floor":6.0,"key":"SMITH"},{"floor":8.0,"key":"REST"},{"data":"Dropkick","floor":11.0,"key":"SMITH"},{"data":"Metallicize","floor":13.0,"key":"SMITH"},{"data":"Flame Barrier","floor":15.0,"key":"SMITH"}],"circlet_count":0,"master_deck":["AscendersBane","Strike_R","Strike_R","Strike_R","Defend_R+1","Defend_R","Defend_R","Bash+1","Flame Barrier+1","Ghostly Armor","Burning Pact+1","Dropkick+1","Pommel Strike","Metallicize+1"],"relics":["Burning Blood","Bronze Scales","Bottled Tornado","War Paint"],"acts_visited":["Exordium"],"potions_floor_usage":[16],"damage_taken":[{"damage":7.0,"enemies":"Small Slimes","floor":1.0,"turns":5.0},{"damage":1.0,"enemies":"2 Louse","floor":5.0,"turns":4.0},{"damage":60.0,"enemies":"Gremlin Nob","floor":7.0,"turns":5.0},{"damage":9.0,"enemies":"Jaw Worm","floor":12.0,"turns":3.0},{"damage":30,"enemies":"The Guardian","floor":16,"turns":13}],"seed_played":"-5830618281159425502","potions_obtained":[{"floor":7.0,"key":"SkillPotion"},{"floor":12.0,"key":"Weak Potion"}],"is_trial":false,"path_per_floor":["M","$","?","?","M","R","E","R","T","$","R","M","R","T","R","B"],"character_chosen":"IRONCLAD","items_purchased":["Dropkick"],"campfire_rested":1,"item_purchase_floors":[2],"current_hp_per_floor":[67,67,67,60,65,65,11,31,31,31,31,28,28,28,28,0,0],"gold":87,"neow_bonus":"TRANSFORM_TWO_CARDS","is_daily":false,"chose_seed":false,"campfire_upgraded":4,"win_rate":0.0,"timestamp":1613180562,"path_taken":["M","$","?","?","M","R","E","R","T","?","R","?","R","?","R","BOSS"],"items_purchased_type":["Card"],"build_version":"2020-12-22","purchased_purges":0,"victory":false,"max_hp_per_floor":[68,68,68,68,68,68,68,68,68,68,68,68,68,68,68,68,68],"relic_stats":{"counters":[5,30],"Bronze Scales":[57],"War Paint":["Burning Pact","Defend_R"],"obtain_stats":[{"Bronze Scales":7,"Bottled Tornado":9,"War Paint":14,"Burning Blood":0},{"Bronze Scales":3,"Bottled Tornado":3,"War Paint":4,"Burning Blood":0},{"Bronze Scales":14,"Bottled Tornado":14,"War Paint":17,"Burning Blood":0}],"Burning Blood":24},"card_choices":[{"not_picked":["Headbutt","Perfected Strike"],"picked":"Burning Pact","floor":1.0},{"not_picked":["Heavy Blade","Reckless Charge"],"picked":"Pommel Strike","floor":5.0},{"not_picked":["Flame Barrier","Intimidate"],"picked":"Metallicize","floor":7.0},{"not_picked":["Clothesline","Anger","Whirlwind"],"picked":"SKIP","floor":12.0}],"player_experience":1619504,"relics_obtained":[{"floor":7.0,"key":"Bronze Scales"},{"floor":9.0,"key":"Bottled Tornado"},{"floor":14.0,"key":"War Paint"}],"event_choices":[{"damage_healed":0.0,"max_hp_gain":0.0,"max_hp_loss":0.0,"gold_gain":0.0,"event_name":"Liars Game","player_choice":"Ignored","floor":3.0,"gold_loss":0.0,"damage_taken":0.0},{"cards_removed":["Strike_R"],"damage_healed":0.0,"max_hp_gain":0.0,"max_hp_loss":0.0,"gold_gain":0.0,"event_name":"Golden Wing","player_choice":"Card Removal","floor":4.0,"gold_loss":0.0,"damage_taken":7.0}],"is_beta":false,"boss_relics":[],"items_purged_floors":[],"is_endless":false,"potions_floor_spawned":[7,12],"killed_by":"The Guardian","ascension_level":20}}