{"host":"dztixnx9b0gu6w9i","time":1613177682,"event":{"mods":["BaseMod","Bestiary","Minty Spire (QoL Compilation)","Relic Stats","Slay the Relics Exporter","SpireBot","ojb\u0027s Better Paths Mod","ojb\u0027s Info Mod"],"gold_per_floor":[131,76,76,127,144,169,169,194,194,194,194,231,268,344,344,421,421,458,527,306,346,391,450,450,123,174,174,219,281,281,281,281,358,358,419,435,219,313,313,363,41,41,41],"floor_reached":42,"language":"ENG","playtime":8855,"items_purged":["Strike_B"],"score":986,"play_id":"8e791bb8-40cf-4a77-acc5-e423285415c5","local_time":"20210212195442","is_ascension_mode":true,"campfire_choices":[{"data":"HandOfGreed","floor":7,"key":"SMITH"},{"data":"Zap","floor":11,"key":"SMITH"},{"data":"Beam Cell","floor":15,"key":"SMITH"},{"data":"Seek","floor":24,"key":"SMITH"},{"floor":27,"key":"REST"},{"data":"Capacitor","floor":32,"key":"SMITH"}],"circlet_count":0,"master_deck":["AscendersBane","Strike_B","Strike_B","Defend_B","Defend_B","Defend_B","Defend_B","Zap+1","Dualcast","HandOfGreed+1","Rebound","Cold Snap","Hologram","Cold Snap","Tempest","Beam Cell+1","Seek+1","Leap","Chill","Turbo","Lockon","Capacitor+1","Coolheaded","Coolheaded","White Noise","Ghostly","Ghostly","Ghostly","Biased Cognition","Reinforced Body+1","Capacitor+1","Stack+1","Hologram+1","Barrage+1","Machine Learning","Coolheaded"],"relics":["Cracked Core","Letter Opener","Singing Bowl","StrikeDummy","Lizard Tail","Runic Dome","Chemical X","Question Card","Toolbox","Black Star","Runic Capacitor","Bottled Tornado","Art of War","Ornamental Fan","Orrery"],"acts_visited":["Exordium","TheCity","TheBeyond"],"potions_floor_usage":[6,16,19,21,33,33,38,40,41,42],"damage_taken":[{"damage":0,"enemies":"Small Slimes","floor":1,"turns":2},{"damage":3,"enemies":"2 Louse","floor":4,"turns":4},{"damage":1,"enemies":"Cultist","floor":5,"turns":4},{"damage":8,"enemies":"Gremlin Nob","floor":6,"turns":3},{"damage":21,"enemies":"Lagavulin","floor":8,"turns":6},{"damage":22,"enemies":"Exordium Thugs","floor":12,"turns":5},{"damage":17,"enemies":"Large Slime","floor":13,"turns":7},{"damage":11,"enemies":"3 Sentries","floor":14,"turns":5},{"damage":21,"enemies":"Hexaghost","floor":16,"turns":9},{"damage":5,"enemies":"Chosen","floor":18,"turns":3},{"damage":20,"enemies":"3 Byrds","floor":19,"turns":3},{"damage":1,"enemies":"Sentry and Sphere","floor":21,"turns":4},{"damage":32,"enemies":"Snake Plant","floor":22,"turns":3},{"damage":13,"enemies":"Slavers","floor":23,"turns":3},{"damage":0,"enemies":"Snecko","floor":28,"turns":3},{"damage":0,"enemies":"3 Cultists","floor":29,"turns":4},{"damage":28,"enemies":"Champ","floor":33,"turns":19},{"damage":2,"enemies":"3 Shapes","floor":35,"turns":8},{"damage":5,"enemies":"3 Darklings","floor":36,"turns":8},{"damage":0,"enemies":"Sphere and 2 Shapes","floor":38,"turns":10},{"damage":4,"enemies":"Giant Head","floor":40,"turns":7},{"damage":35,"enemies":"Nemesis","floor":42,"turns":6}],"seed_played":"6447080984800383144","potions_obtained":[{"floor":1,"key":"Fire Potion"},{"floor":14,"key":"Regen Potion"},{"floor":16,"key":"SpeedPotion"},{"floor":18,"key":"FocusPotion"},{"floor":22,"key":"ColorlessPotion"},{"floor":29,"key":"AttackPotion"},{"floor":36,"key":"Ancient Potion"},{"floor":40,"key":"Fruit Juice"}],"is_trial":false,"path_per_floor":["M","?","?","M","M","E","R","E","T","?","R","M","M","E","R","B",null,"M","M","$","M","M","E","R","$","T","R","M","M","?","?","R","B",null,"M","M","$","M","T","E","$","E"],"character_chosen":"DEFECT","items_purchased":["Chemical X","BlessingOfTheForge","Capacitor","Toolbox","Coolheaded","FocusPotion","Runic Capacitor","Orrery","EssenceOfDarkness","Swift Potion"],"campfire_rested":1,"item_purchase_floors":[20,20,25,25,25,37,37,41,41,41],"current_hp_per_floor":[64,64,64,61,60,52,52,31,31,64,64,42,25,14,14,8,50,45,25,25,24,26,13,13,13,13,32,32,32,32,32,32,4,26,24,19,19,19,19,15,24,0,0],"gold":41,"neow_bonus":"RANDOM_COLORLESS_2","is_daily":false,"chose_seed":false,"campfire_upgraded":5,"win_rate":0.0,"timestamp":1613177682,"path_taken":["M","?","?","M","M","E","R","E","T","?","R","M","M","E","R","BOSS","M","M","$","M","M","E","R","$","T","R","M","?","?","?","R","BOSS","M","?","$","M","?","E","$","E"],"items_purchased_type":["Relic","Potion","Card","Relic","Card","Potion","Relic","Relic","Potion","Potion"],"build_version":"2020-12-22","purchased_purges":1,"victory":false,"max_hp_per_floor":[64,64,64,64,64,64,64,64,64,64,64,64,64,64,64,64,64,64,64,64,64,66,66,66,66,66,66,66,66,33,33,33,33,33,33,33,33,33,33,33,42,42,42],"relic_stats":{"Lizard Tail":32,"Singing Bowl":6,"counters":[22,126],"Ornamental Fan":[4],"Black Star":1,"Art of War":[1],"Letter Opener":[308],"Chemical X":[15],"Question Card":12,"obtain_stats":[{"Singing Bowl":8,"Runic Capacitor":37,"Letter Opener":6,"Bottled Tornado":39,"Question Card":23,"Runic Dome":17,"Lizard Tail":14,"Ornamental Fan":40,"Toolbox":25,"Orrery":41,"Black Star":34,"Art of War":40,"Chemical X":20,"Cracked Core":0,"StrikeDummy":9},{"Singing Bowl":5,"Runic Capacitor":19,"Letter Opener":4,"Bottled Tornado":20,"Question Card":14,"Runic Dome":9,"Lizard Tail":8,"Ornamental Fan":21,"Toolbox":14,"Orrery":21,"Black Star":17,"Art of War":21,"Chemical X":11,"Cracked Core":0,"StrikeDummy":5},{"Singing Bowl":19,"Runic Capacitor":103,"Letter Opener":13,"Bottled Tornado":113,"Question Card":61,"Runic Dome":45,"Lizard Tail":36,"Ornamental Fan":120,"Toolbox":61,"Orrery":120,"Black Star":87,"Art of War":120,"Chemical X":51,"Cracked Core":0,"StrikeDummy":19}]},"card_choices":[{"not_picked":["Sadistic Nature","Secret Weapon"],"picked":"HandOfGreed","floor":0},{"not_picked":["Go for the Eyes","Turbo"],"picked":"Rebound","floor":1},{"not_picked":["Hologram","Redo"],"picked":"Rip and Tear","floor":4},{"not_picked":["Barrage","Double Energy","Stack"],"picked":"SKIP","floor":5},{"not_picked":["Ball Lightning","Reinforced Body"],"picked":"Cold Snap","floor":6},{"not_picked":["Force Field","Gash"],"picked":"Hologram","floor":8},{"not_picked":["Ball Lightning","Leap"],"picked":"Cold Snap","floor":12},{"not_picked":["Static Discharge","Streamline"],"picked":"Tempest","floor":13},{"not_picked":["Stack","Melter"],"picked":"Beam Cell","floor":14},{"not_picked":["Meteor Strike","All For One"],"picked":"Seek","floor":16},{"not_picked":["Go for the Eyes","Rebound"],"picked":"Leap","floor":18},{"not_picked":["Redo","Rebound+1"],"picked":"Chill","floor":19},{"not_picked":["Redo","Force Field"],"picked":"Turbo","floor":21},{"not_picked":["Fusion","Stack","Beam Cell"],"picked":"Singing Bowl","floor":22},{"not_picked":["Barrage+1","Self Repair"],"picked":"Lockon","floor":23},{"not_picked":["Storm+1","Self Repair","Turbo"],"picked":"Coolheaded","floor":28},{"not_picked":["Scrape","Turbo","Reboot"],"picked":"White Noise","floor":29},{"not_picked":["Thunder Strike","Fission","Reboot"],"picked":"Biased Cognition","floor":33},{"not_picked":["Stack","Force Field","Double Energy"],"picked":"Reinforced Body+1","floor":35},{"not_picked":["Coolheaded","Lockon","Beam Cell+1"],"picked":"Capacitor+1","floor":36},{"not_picked":["Go for the Eyes","Steam","Reprogram"],"picked":"Stack+1","floor":38},{"not_picked":["Melter","Coolheaded+1","Redo"],"picked":"Hologram+1","floor":40},{"not_picked":["Self Repair","Stack","Hello World"],"picked":"Barrage+1","floor":41},{"not_picked":["Undo","Conserve Battery+1","Go for the Eyes"],"picked":"Machine Learning","floor":41},{"not_picked":["Barrage","Ball Lightning","Darkness"],"picked":"Coolheaded","floor":41},{"not_picked":["Rebound","Steam","Buffer","Gash+1"],"picked":"Singing Bowl","floor":41},{"not_picked":["Go for the Eyes","Melter","Conserve Battery","Static Discharge"],"picked":"Singing Bowl","floor":41}],"player_experience":8592545,"relics_obtained":[{"floor":6,"key":"Letter Opener"},{"floor":8,"key":"Singing Bowl"},{"floor":9,"key":"StrikeDummy"},{"floor":14,"key":"Lizard Tail"},{"floor":23,"key":"Question Card"},{"floor":39,"key":"Bottled Tornado"},{"floor":40,"key":"Art of War"},{"floor":40,"key":"Ornamental Fan"}],"event_choices":[{"damage_healed":0,"gold_gain":0,"player_choice":"Left Gold","damage_taken":0,"max_hp_gain":0,"max_hp_loss":0,"event_name":"World of Goop","floor":2,"gold_loss":55},{"damage_healed":0,"gold_gain":0,"player_choice":"Ignored","damage_taken":0,"max_hp_gain":0,"max_hp_loss":0,"event_name":"Liars Game","floor":3,"gold_loss":0},{"cards_removed":["Rip and Tear"],"damage_healed":33,"gold_gain":0,"player_choice":"Offered Uncommon","damage_taken":0,"max_hp_gain":0,"max_hp_loss":0,"event_name":"Bonfire Elementals","floor":10,"gold_loss":0},{"damage_healed":0,"gold_gain":0,"player_choice":"Became a Ghost","damage_taken":0,"max_hp_gain":0,"max_hp_loss":33,"event_name":"Ghosts","floor":30,"gold_loss":0,"cards_obtained":["Ghostly","Ghostly","Ghostly"]},{"cards_removed":["Strike_B"],"damage_healed":0,"gold_gain":0,"player_choice":"Purged","damage_taken":0,"max_hp_gain":0,"max_hp_loss":0,"event_name":"Purifier","floor":31,"gold_loss":0}],"is_beta":false,"boss_relics":[{"not_picked":["Astrolabe","Velvet Choker"],"picked":"Runic Dome"},{"not_picked":["Empty Cage","Nuclear Battery"],"picked":"Black Star"}],"items_purged_floors":[25],"is_endless":false,"potions_floor_spawned":[1,14,16,18,22,29,36,40],"killed_by":"Nemesis","ascension_level":20}}