{"host":"v0xbo920qxoewo3e","time":1613234199,"event":{"mods":["Act Like it!","Aspiration","Astrologer","BaseMod","Conspire","Downfall","Friendly Minions","GifTheSpireLib","Halation","Hermit","Hubris","Infinite Spire","Jedi Mod","Jorbs\u0027s Wanderer Trilogy","Koishi","Marisa????????","Minty Spire (QoL Compilation)","Potionbrewer","Rare Cards Sparkle","Reimu??????","Remilia??????","Replay The Spire","StSLib","Stuff the Spire","The Animator","The Blackbeard","The Bladedancer","The Bug Knight","The Construct","The Cursed","The Disciple","The Gatherer","The Jungle","The Problem Sleuth","The Runesmith","The Servant 0.9.4","TheBandit","Unceasing Turn Reminder"],"gold_per_floor":[117,129,215,29,43,70,18,18,43,43,78,88,42,42,42,145,145,163,63,81,92,92,92],"floor_reached":22,"language":"ENG","playtime":1484,"items_purged":["Strike_B","Strike_B"],"score":301,"play_id":"38f0914e-cfbc-44e9-ad6e-c59523a8a145","local_time":"20210213183639","is_ascension_mode":true,"campfire_choices":[{"floor":8,"key":"REST"},{"floor":10,"key":"REST"},{"data":"Hologram","floor":15,"key":"SMITH"}],"circlet_count":0,"master_deck":["AscendersBane","Strike_B","Defend_B","Defend_B","Defend_B","Defend_B","Zap","Dualcast","Cold Snap","Hologram+1","Gash","ReplayTheSpireMod:Calculation Training","Hologram","Conserve Battery+1","Scrape","Scrape","Go for the Eyes","Steam","Conserve Battery","Glacier","Sweeping Beam","ReplayTheSpireMod:Omega Cannon","Leap","Turbo"],"relics":["Cracked Core","StuffTheSpire:OldFever","hubris:TenFootPole","Centennial Puzzle","HollowMod:LifeEnderRelic","ChewingGum"],"acts_visited":["Exordium","TheCity"],"potions_floor_usage":[6],"damage_taken":[{"damage":0,"enemies":"2 Louse","floor":1,"turns":4},{"damage":4,"enemies":"Jaw Worm","floor":2,"turns":4},{"damage":7,"enemies":"Small Slimes","floor":5,"turns":3},{"damage":33,"enemies":"Gremlin Nob","floor":6,"turns":4},{"damage":15,"enemies":"3 Sentries","floor":11,"turns":6},{"damage":1,"enemies":"Blue Slaver","floor":12,"turns":2},{"damage":7,"enemies":"The Guardian","floor":16,"turns":13},{"damage":10,"enemies":"2 Thieves","floor":18,"turns":2},{"damage":1,"enemies":"Shell Parasite","floor":20,"turns":5},{"damage":14,"enemies":"Centurion and Healer","floor":21,"turns":11},{"damage":0,"enemies":"conspire:MimicChest","floor":22,"turns":2}],"seed_played":"-8057813884287734950","potions_obtained":[{"floor":2,"key":"hexamod:SoulburnPotion"},{"floor":5,"key":"jedi:hoardpotion"},{"floor":6,"key":"potionbrewer:AcidPotion"}],"is_trial":false,"path_per_floor":["M","M","?","$","M","E","$","R","T","R","E","M","$","T","R","B",null,"M","$","M","M","?"],"character_chosen":"DEFECT","items_purchased":["Conserve Battery+1","Scrape","Steam","Sweeping Beam"],"campfire_rested":2,"item_purchase_floors":[4,4,7,13],"current_hp_per_floor":[68,64,46,46,39,6,6,28,28,50,35,34,34,34,34,27,63,53,53,52,38,38,38],"gold":92,"neow_bonus":"REMOVE_CARD","is_daily":false,"chose_seed":false,"campfire_upgraded":1,"win_rate":0.0,"timestamp":1613234199,"path_taken":["M","M","?","$","M","E","?","R","T","R","E","M","$","?","R","BOSS","M","$","M","M","?"],"items_purchased_type":["Card","Card","Card","Card"],"build_version":"2020-12-22","purchased_purges":2,"victory":false,"max_hp_per_floor":[75,75,75,75,75,75,75,75,75,75,75,75,75,75,75,75,75,75,75,75,75,75,75],"card_choices":[{"not_picked":["Rebound","Tempest"],"picked":"Cold Snap","floor":1},{"not_picked":["Storm","Undo"],"picked":"Hologram","floor":2},{"not_picked":["jedi:BurstFrost","Cold Snap"],"picked":"Gash","floor":3},{"not_picked":["Consume","Ball Lightning"],"picked":"ReplayTheSpireMod:Calculation Training","floor":3},{"not_picked":["StuffTheSpire:Coldhearted","StuffTheSpire:Plugnplay"],"picked":"Hologram","floor":3},{"not_picked":["Buffer","Recycle"],"picked":"Scrape","floor":5},{"not_picked":["jedi:BurstFrost","Redo"],"picked":"Go for the Eyes","floor":6},{"not_picked":["Lockon","Streamline"],"picked":"Conserve Battery","floor":11},{"not_picked":["Stack","Recycle"],"picked":"Glacier","floor":12},{"not_picked":["ReplayTheSpireMod:Fabricate Wheel","Electrodynamics"],"picked":"ReplayTheSpireMod:Omega Cannon","floor":16},{"not_picked":["Rip and Tear","Sweeping Beam","StuffTheSpire:NuclearReactor"],"picked":"SKIP","floor":18},{"not_picked":["Heatsinks","Conserve Battery"],"picked":"Leap","floor":20},{"not_picked":["Doom and Gloom","StuffTheSpire:LoadUp"],"picked":"Turbo","floor":21}],"player_experience":1483254,"relics_obtained":[{"floor":6,"key":"StuffTheSpire:OldFever"},{"floor":9,"key":"hubris:TenFootPole"},{"floor":11,"key":"Centennial Puzzle"},{"floor":14,"key":"HollowMod:LifeEnderRelic"}],"event_choices":[],"is_beta":false,"boss_relics":[{"not_picked":["StuffTheSpire:ModemDavis","Runic Pyramid"],"picked":"ChewingGum"}],"items_purged_floors":[4,19],"is_endless":false,"potions_floor_spawned":[2,5,6,21],"killed_by":"conspire:MimicChest","ascension_level":11}}