{"host":"m09tgwt98r7ugp6s","time":1613226492,"event":{"mods":["Aspiration","BaseMod","Conspire","Energized Spire","FoggyMod","GifTheSpireLib","Hubris","Infinite Spire","Marisa????????","Minty Spire (QoL Compilation)","Potionbrewer","Replay The Spire","Spicy Shops","StSLib"],"gold_per_floor":[119,119,131,14,44,44,93,93,116,116,164,164,164,164,164,275,275,303,303,303,213,83,111,111,165,165,165,218,263,64,64,64,229,329,345,345,645,645,645,665,665],"floor_reached":40,"language":"ENG","playtime":1654,"items_purged":["ReplayTheSpireMod:Splinters"],"score":470,"play_id":"9c7e25eb-365a-4ec0-9fd1-309a32e446b5","local_time":"20210213162812","is_ascension_mode":false,"campfire_choices":[{"floor":6,"key":"RECALL"},{"data":"PropBag","floor":10,"key":"SMITH"},{"data":"MysteriousBeam","floor":12,"key":"SMITH"},{"floor":15,"key":"REST"},{"data":"WitchOfGreed","floor":24,"key":"SMITH"},{"data":"6A","floor":27,"key":"SMITH"},{"floor":32,"key":"REST"}],"circlet_count":0,"master_deck":["Strike_MRS","Strike_MRS","Strike_MRS","Strike_MRS","Defend_MRS","Defend_MRS+1","Defend_MRS","Defend_MRS","MasterSpark","UpSweep","6A+1","WitchOfGreed+1","PropBag+1","MysteriousBeam+1","StarDustReverie+1","Pot Of Greed+1","Pot Of Greed+1","MilkyWay+1","Occultation+1","Robbery","NonDirectionalLaser","CasketOfStar","6A+1"],"relics":["MiniHakkero","aspiration:HiddenCompartment","Juzu Bracelet","hubris:CrystalStatue","Toxic Egg 2","conspire:RunicOctahedron","MutagenicStrength","Replay:Bottled Steam","Grinning Jar","Smiling Mask","Lantern","Replay:Rubber Ducky","Replay:Accelerometer","potionbrewer:SalesContract","hubris:Icosahedron","Replay:Wanted Poster","Mummified Hand"],"acts_visited":["Exordium","TheCity","TheBeyond"],"potions_floor_usage":[11,16,16,25],"damage_taken":[{"damage":6,"enemies":"Jaw Worm","floor":1,"turns":3},{"damage":1,"enemies":"Cultist","floor":3,"turns":3},{"damage":0,"enemies":"conspire:RoseBush","floor":5,"turns":4},{"damage":36,"enemies":"3 Sentries","floor":7,"turns":10},{"damage":18,"enemies":"Replay:BlueRogue","floor":11,"turns":7},{"damage":16,"enemies":"Slime Boss","floor":16,"turns":10},{"damage":9,"enemies":"Chosen","floor":18,"turns":3},{"damage":6,"enemies":"Replay:Snechameleon","floor":23,"turns":6},{"damage":26,"enemies":"Slavers","floor":25,"turns":5},{"damage":21,"enemies":"conspire:MimicChest","floor":28,"turns":6},{"damage":35,"enemies":"conspire:MysteriousRune","floor":33,"turns":9},{"damage":6,"enemies":"Orb Walker","floor":35,"turns":2},{"damage":79,"enemies":"Nemesis","floor":40,"turns":8}],"seed_played":"1969077264789053888","potions_obtained":[{"floor":3,"key":"SteroidPotion"},{"floor":7,"key":"Weak Potion"},{"floor":7,"key":"potionbrewer:BoundlessPotion"},{"floor":11,"key":"SkillPotion"},{"floor":16,"key":"Strength Potion"},{"floor":18,"key":"BlessingOfTheForge"},{"floor":25,"key":"LiquidMemories"}],"is_trial":false,"path_per_floor":["M","?","M","$","M","R","E","?","T","R","E","R","?","?","R","B",null,"M","?","?","?","$","E","R","E","T","R","?","?","$","?","R","B",null,"M","?","?","?","?","E"],"character_chosen":"MARISA","items_purchased":["aspiration:HiddenCompartment","PropBag","Replay:Bottled Steam","potionbrewer:SalesContract"],"campfire_rested":2,"item_purchase_floors":[4,4,22,30],"current_hp_per_floor":[76,76,75,75,75,75,39,47,47,47,29,29,29,9,33,17,82,73,73,73,73,73,67,67,41,41,41,20,20,20,20,44,9,82,76,76,76,76,76,0,0],"gold":665,"neow_bonus":"TEN_PERCENT_HP_BONUS","is_daily":false,"chose_seed":false,"campfire_upgraded":4,"win_rate":0.0,"timestamp":1613226492,"path_taken":["M","?","?","?","?","R","E","?","T","R","E","R","?","?","R","BOSS","M","?","?","?","$","E","R","E","T","R","?","?","$","?","R","BOSS","M","?","?","?","?","E"],"items_purchased_type":["Relic","Card","Relic","Relic"],"build_version":"2020-12-22","purchased_purges":1,"victory":false,"max_hp_per_floor":[82,82,82,82,82,82,82,82,82,82,82,82,82,82,82,82,82,82,82,82,82,82,82,82,82,82,82,82,82,82,82,82,82,82,82,82,82,78,78,78,78],"card_choices":[{"not_picked":["Occultation","GalacticHalo"],"picked":"6A","floor":1},{"not_picked":["DeepEcoloBomb","6A"],"picked":"WitchOfGreed","floor":3},{"not_picked":["Acceleration","MilkyWay","AlicesGift"],"picked":"SKIP","floor":5},{"not_picked":["Occultation","LuminesStrike"],"picked":"MysteriousBeam","floor":7},{"not_picked":["SuperPerseids","WitchLeyline","UnstableBomb"],"picked":"SKIP","floor":11},{"not_picked":["BigCrunch+1","SatelliteIllusion"],"picked":"StarDustReverie+1","floor":16},{"not_picked":["LuminesStrike","NonDirectionalLaser","Acceleration+1"],"picked":"SKIP","floor":18},{"not_picked":["Singularity","MachineGunSpark"],"picked":"MilkyWay+1","floor":23},{"not_picked":["EventHorizon","AbsoluteMagnitude"],"picked":"Occultation+1","floor":25},{"not_picked":["PowerUp+1","GrandCross"],"picked":"Robbery","floor":29},{"not_picked":["SporeBomb+1","GravityBeat+1"],"picked":"NonDirectionalLaser","floor":29},{"not_picked":["SuperNova","EscapeVelocity"],"picked":"CasketOfStar","floor":33},{"not_picked":["DarkSpark+1","MachineGunSpark+1"],"picked":"6A+1","floor":35}],"player_experience":121472,"relics_obtained":[{"floor":7,"key":"Juzu Bracelet"},{"floor":11,"key":"hubris:CrystalStatue"},{"floor":23,"key":"Grinning Jar"},{"floor":25,"key":"Smiling Mask"},{"floor":26,"key":"Lantern"},{"floor":28,"key":"Replay:Rubber Ducky"},{"floor":29,"key":"Replay:Accelerometer"}],"event_choices":[{"damage_healed":0,"gold_gain":0,"player_choice":"Ignored","damage_taken":0,"max_hp_gain":0,"max_hp_loss":0,"event_name":"NoteForYourself","floor":2,"gold_loss":0},{"damage_healed":0,"gold_gain":0,"player_choice":"Inject Mutagens","damage_taken":0,"relics_obtained":["MutagenicStrength"],"max_hp_gain":0,"max_hp_loss":0,"event_name":"Drug Dealer","floor":19,"gold_loss":0},{"damage_healed":0,"gold_gain":0,"player_choice":"Ignored","damage_taken":0,"max_hp_gain":0,"max_hp_loss":0,"event_name":"Ghosts","floor":20,"gold_loss":0},{"cards_removed":["Injury"],"damage_healed":0,"gold_gain":0,"player_choice":"Upgrade and Remove","damage_taken":0,"max_hp_gain":0,"max_hp_loss":0,"event_name":"Designer","floor":21,"gold_loss":90,"cards_upgraded":["Defend_MRS"]},{"damage_healed":0,"gold_gain":300,"player_choice":"Gold","damage_taken":0,"max_hp_gain":0,"max_hp_loss":0,"event_name":"Wheel of Change","floor":37,"gold_loss":0},{"damage_healed":0,"gold_gain":0,"player_choice":"Max HP","damage_taken":0,"max_hp_gain":0,"max_hp_loss":4,"event_name":"Winding Halls","floor":38,"gold_loss":0},{"damage_healed":0,"gold_gain":0,"player_choice":"Memory 1","damage_taken":0,"max_hp_gain":0,"max_hp_loss":0,"event_name":"SensoryStone","floor":39,"gold_loss":0}],"is_beta":false,"boss_relics":[{"not_picked":["aspiration:SecretTechniqueScroll","Ectoplasm"],"picked":"conspire:RunicOctahedron"},{"not_picked":["Runic Dome","hubris:HollowSoul"],"picked":"Replay:Wanted Poster"}],"items_purged_floors":[30],"is_endless":false,"potions_floor_spawned":[3,7,18,28],"killed_by":"Nemesis","ascension_level":0}}