{"host":"f2zkc2gsfwbibc34","time":1613241296,"event":{"mods":["AchievementEnabler","BaseMod","Better Note","Colored Map","Colored Powertips","Defuse TimeMaze Blight","Minty Spire (QoL Compilation)","Permanent Neow","StSLib","SuperFastMode","The Servant 0.9.4"],"gold_per_floor":[112,128,128,142,142,176,191,226,249,324,324,354,354,431,431,535,535,535,535,282,282,282,282,282,282,282,282,282,282,282,134,134,134,134,134,58,58,58,58,58,58,58,58,58,58,58,58,58,58,58],"floor_reached":51,"language":"ENG","playtime":2063,"items_purged":[],"score":1098,"play_id":"25e7fc37-8615-4469-8f65-a6f458c01e9f","local_time":"20210213193456","daily_mods":["Heirloom","DeadlyEvents","Elite Swarm","Terminal"],"is_ascension_mode":false,"campfire_choices":[{"data":"FlawlessForm","floor":11,"key":"SMITH"},{"data":"Defy","floor":13,"key":"SMITH"},{"data":"Revamp","floor":15,"key":"SMITH"},{"data":"Barrier","floor":23,"key":"SMITH"},{"data":"Initiator","floor":25,"key":"SMITH"},{"data":"MurderousAura","floor":28,"key":"SMITH"},{"data":"Solidify","floor":30,"key":"SMITH"},{"data":"Contraction","floor":32,"key":"SMITH"},{"floor":41,"key":"REST"},{"data":"Embodiment","floor":45,"key":"SMITH"},{"floor":49,"key":"REST"}],"circlet_count":0,"master_deck":["Strike_S","Strike_S","Strike_S","Defend_S","Defend_S+1","Defend_S","Defend_S","KidneyShot+1","Exchange","Ricochet+1","Defy+1","Dilation","SurpressingFire","Revamp+1","FlawlessForm+1","Solidify+1","Initiator+1","Contraction+1","Barrier+1","MurderousAura+1","Rearm+1","SilverBlades","GearUp","Unruled+1","Embodiment+1","SurpressingFire","Read+1"],"relics":["Uniform","Unceasing Top","SsserpentHead","FossilizedHelix","Pen Nib","Smiling Mask","Ornamental Fan","KneeBrace","Whetstone","Ectoplasm","Pear","Potion Belt","MawBank","Letter Opener","Bronze Scales","MysterySword","Bottled Tornado","Omamori","War Paint"],"acts_visited":["Exordium","TheCity","TheBeyond"],"potions_floor_usage":[7,8,12,39,39,46,46,46,46,46,47,48,50,50,50,50,50,50,50,50],"damage_taken":[{"damage":0,"enemies":"Cultist","floor":1,"turns":4},{"damage":0,"enemies":"Jaw Worm","floor":2,"turns":3},{"damage":0,"enemies":"2 Louse","floor":4,"turns":2},{"damage":8,"enemies":"3 Sentries","floor":6,"turns":9},{"damage":0,"enemies":"Gremlin Gang","floor":7,"turns":5},{"damage":18,"enemies":"Gremlin Nob","floor":8,"turns":8},{"damage":0,"enemies":"Lagavulin","floor":10,"turns":10},{"damage":0,"enemies":"3 Sentries","floor":12,"turns":12},{"damage":0,"enemies":"The Guardian","floor":16,"turns":24},{"damage":0,"enemies":"Shell Parasite","floor":18,"turns":4},{"damage":0,"enemies":"Spheric Guardian","floor":19,"turns":4},{"damage":0,"enemies":"Snecko","floor":22,"turns":10},{"damage":0,"enemies":"Centurion and Healer","floor":24,"turns":7},{"damage":0,"enemies":"Slavers","floor":27,"turns":6},{"damage":0,"enemies":"Gremlin Leader","floor":29,"turns":6},{"damage":0,"enemies":"Automaton","floor":33,"turns":9},{"damage":0,"enemies":"3 Darklings","floor":35,"turns":5},{"damage":0,"enemies":"3 Shapes","floor":37,"turns":3},{"damage":0,"enemies":"Spire Growth","floor":38,"turns":5},{"damage":23,"enemies":"2 Orb Walkers","floor":39,"turns":5},{"damage":0,"enemies":"Giant Head","floor":40,"turns":7},{"damage":0,"enemies":"3 Darklings","floor":44,"turns":6},{"damage":21,"enemies":"Nemesis","floor":46,"turns":5},{"damage":0,"enemies":"Jaw Worm Horde","floor":47,"turns":4},{"damage":0,"enemies":"4 Shapes","floor":48,"turns":3},{"damage":0,"enemies":"Time Eater","floor":50,"turns":12}],"seed_played":"6443215122147584360","potions_obtained":[{"floor":6,"key":"BlessingOfTheForge"},{"floor":7,"key":"EssenceOfSteel"},{"floor":8,"key":"SkillPotion"},{"floor":12,"key":"SteroidPotion"},{"floor":22,"key":"EntropicBrew"},{"floor":24,"key":"Dexterity Potion"},{"floor":29,"key":"SmokeBomb"},{"floor":40,"key":"Fire Potion"},{"floor":44,"key":"AttackPotion"},{"floor":46,"key":"SpeedPotion"}],"is_trial":true,"path_per_floor":["M","M","?","M","?","E","M","E","T","E","R","E","R","T","R","B",null,"M","M","$","?","M","R","M","R","T","E","R","E","R","$","R","B",null,"M","$","M","M","?","E","R","?","T","M","R","E","M","M","R","B",null],"character_chosen":"THE_SERVANT","items_purchased":["Pear","Bronze Scales","SilverBlades"],"campfire_rested":2,"item_purchase_floors":[20,31,36],"current_hp_per_floor":[63,62,61,60,59,51,51,33,33,33,33,33,33,33,33,33,47,46,45,54,53,52,51,50,49,48,47,46,45,44,43,42,41,40,39,38,37,36,13,13,23,23,23,23,23,14,14,14,21,21],"gold":58,"neow_bonus":"","is_daily":false,"chose_seed":false,"campfire_upgraded":9,"win_rate":0.0,"timestamp":1613241296,"path_taken":["M","?","?","?","?","E","M","E","T","?","R","E","R","?","R","BOSS","M","M","$","?","M","R","M","R","T","E","R","?","R","$","R","BOSS","M","$","M","M","?","E","R","?","T","?","R","?","M","M","R","BOSS"],"items_purchased_type":["Relic","Relic","Card"],"build_version":"2020-12-22","purchased_purges":0,"victory":true,"max_hp_per_floor":[63,62,61,60,59,58,57,56,55,54,53,52,51,50,49,48,47,46,45,54,53,52,51,50,49,48,47,46,45,44,43,42,41,40,39,38,37,36,35,34,33,32,31,30,29,28,27,26,25,24],"card_choices":[{"not_picked":["DoubleEdge","WasteNot"],"picked":"Ricochet","floor":1},{"not_picked":["FanOfKnives","Rewind"],"picked":"Defy","floor":2},{"not_picked":["Defy","Ricochet"],"picked":"SurpressingFire","floor":4},{"not_picked":["Duplication","Dilation","ForgedInTime"],"picked":"SKIP","floor":6},{"not_picked":["Ricochet","BottledTime"],"picked":"Revamp","floor":7},{"not_picked":["FloweringNight","Sunlight","KillingDoll"],"picked":"SKIP","floor":8},{"not_picked":["Sunlight","FloweringNight"],"picked":"FlawlessForm","floor":10},{"not_picked":["TrueSight","Duplication"],"picked":"Solidify","floor":12},{"not_picked":["FloweringNight","Duplication"],"picked":"Initiator","floor":16},{"not_picked":["Ricochet","Gouge+1","Potential+1"],"picked":"SKIP","floor":18},{"not_picked":["SurpressingFire+1","DoubleEdge"],"picked":"Contraction","floor":19},{"not_picked":["Rewind+1","Starlight+1"],"picked":"Barrier","floor":22},{"not_picked":["Replace","TrueSight","ShatteredReality"],"picked":"SKIP","floor":24},{"not_picked":["Duplication","TheWorld"],"picked":"MurderousAura","floor":27},{"not_picked":["SoulSculpture","LightFlow","Deny"],"picked":"SKIP","floor":29},{"not_picked":["DoubleEdge+1","Ricochet+1"],"picked":"Rearm","floor":35},{"not_picked":["Spin","Revamp"],"picked":"GearUp","floor":37},{"not_picked":["Defy","Rearm+1"],"picked":"Unruled+1","floor":38},{"not_picked":["LightFlow","FloweringNight"],"picked":"Embodiment","floor":40},{"not_picked":["Ricochet","Unruled"],"picked":"SurpressingFire","floor":44},{"not_picked":["Dilation","Deny","PendulumOfEternity"],"picked":"SKIP","floor":46},{"not_picked":["DoubleEdge","Foresight","Collapse"],"picked":"SKIP","floor":47},{"not_picked":["Alleviate","InstantArmor"],"picked":"Read+1","floor":48}],"player_experience":110841,"relics_obtained":[{"floor":6,"key":"FossilizedHelix"},{"floor":8,"key":"Pen Nib"},{"floor":9,"key":"Smiling Mask"},{"floor":10,"key":"Ornamental Fan"},{"floor":12,"key":"KneeBrace"},{"floor":14,"key":"Whetstone"},{"floor":26,"key":"Potion Belt"},{"floor":27,"key":"MawBank"},{"floor":29,"key":"Letter Opener"},{"floor":40,"key":"Bottled Tornado"},{"floor":43,"key":"Omamori"},{"floor":46,"key":"War Paint"}],"event_choices":[{"damage_healed":0,"gold_gain":0,"cards_transformed":["Strike_S"],"player_choice":"Transformed","damage_taken":0,"max_hp_gain":0,"max_hp_loss":0,"event_name":"Transmorgrifier","floor":3,"gold_loss":0,"cards_obtained":["Dilation"]},{"damage_healed":0,"gold_gain":0,"player_choice":"Trade","damage_taken":0,"relics_obtained":["SsserpentHead"],"max_hp_gain":0,"max_hp_loss":0,"event_name":"FaceTrader","floor":5,"gold_loss":0},{"damage_healed":0,"gold_gain":0,"player_choice":"Ignored","damage_taken":0,"max_hp_gain":0,"max_hp_loss":0,"event_name":"betterNote:BetterNote","floor":21,"gold_loss":0,"cards_obtained":["Sadistic Nature"]},{"damage_healed":0,"gold_gain":0,"player_choice":"Fight","damage_taken":0,"max_hp_gain":0,"max_hp_loss":0,"event_name":"Mysterious Sphere","floor":39,"gold_loss":0},{"damage_healed":0,"gold_gain":0,"player_choice":"Memory 1","damage_taken":0,"max_hp_gain":0,"max_hp_loss":0,"event_name":"SensoryStone","floor":42,"gold_loss":0}],"is_beta":false,"boss_relics":[{"not_picked":["Empty Cage","Pandora\u0027s Box"],"picked":"Ectoplasm"},{"not_picked":["Black Star","Fusion Hammer"],"picked":"MysterySword"}],"items_purged_floors":[],"is_endless":false,"potions_floor_spawned":[6,7,8,12,22,24,29,39,40,44,46],"ascension_level":0}}