{"host":"bgptblc1sp470rxq","time":1613204044,"event":{"mods":["BaseMod","BetterRewards","Colored Map","Highlight Path","Hubris","Minty Spire (QoL Compilation)","Quick Restart","Replay The Spire","StSLib","Waifu the Spire"],"gold_per_floor":[114,189,63,63,63,63,99,99,99,99,158,213,268,312,324,336,336],"floor_reached":16,"language":"ZHS","playtime":519,"items_purged":["Strike_R"],"score":122,"play_id":"5bf33e91-745b-40f1-b33f-45c222940246","local_time":"20210213161404","is_ascension_mode":true,"campfire_choices":[{"data":"Double Tap","floor":6.0,"key":"SMITH"},{"data":"Replay:Undeath\u0027s Touch","floor":8.0,"key":"SMITH"},{"data":"Spot Weakness","floor":10.0,"key":"SMITH"},{"data":"Bash","floor":15,"key":"SMITH"}],"circlet_count":0,"master_deck":["Strike_R","Strike_R","Defend_R","Defend_R","Defend_R","Defend_R","Bash+1","Double Tap+1","Spot Weakness+1","Replay:Undeath\u0027s Touch+1","Sword Boomerang","Overencumbered","ReplayTheSpireMod:Stacked","Injury","hubris:Lust","Spreading Infection"],"relics":["Burning Blood","Golden Idol","hubris:ChampionShield","CeramicFish","Ring of Greed","Blue Doll","MawBank","ReplayTheSpireMod:Ring of Exchange","Happy Flower"],"acts_visited":["Exordium"],"potions_floor_usage":[14],"damage_taken":[{"damage":4.0,"enemies":"2 Louse","floor":1.0,"turns":3.0},{"damage":20.0,"enemies":"Replay:BlueRogue","floor":7.0,"turns":7.0},{"damage":25.0,"enemies":"Lagavulin","floor":12.0,"turns":5.0},{"damage":7.0,"enemies":"Jaw Worm","floor":13.0,"turns":2.0},{"damage":0,"enemies":"Cultist","floor":14,"turns":2},{"damage":10,"enemies":"Fading Forest","floor":16,"turns":4}],"seed_played":"-940323238742424281","potions_obtained":[{"floor":7.0,"key":"Strength Potion"},{"floor":12.0,"key":"SteroidPotion"},{"floor":14,"key":"Venom Potion"}],"is_trial":false,"path_per_floor":["M","?","$","?","?","R","E","R","T","R","?","E","M","M","R","B"],"character_chosen":"IRONCLAD","items_purchased":["Replay:Undeath\u0027s Touch"],"campfire_rested":0,"item_purchase_floors":[3],"current_hp_per_floor":[72,61,61,43,43,43,29,29,29,29,29,10,9,15,15,5,5],"gold":336,"neow_bonus":"TRANSFORM_TWO_CARDS","is_daily":false,"chose_seed":false,"campfire_upgraded":4,"win_rate":0.0,"timestamp":1613204044,"path_taken":["M","?","$","?","?","R","E","R","T","R","?","E","M","M","R","BOSS"],"items_purchased_type":["Card"],"build_version":"2020-12-22","purchased_purges":1,"victory":false,"max_hp_per_floor":[72,72,72,72,72,72,72,72,72,72,72,72,72,72,72,72,72],"card_choices":[{"not_picked":["Replay:Undeath\u0027s Touch","Metallicize","Headbutt"],"picked":"SKIP","floor":1.0},{"not_picked":["Heavy Blade","ReplayTheSpireMod:Strike From Hell"],"picked":"Sword Boomerang","floor":7.0},{"not_picked":["Metallicize","Twin Strike","Hemokinesis"],"picked":"SKIP","floor":12.0},{"not_picked":["Spot Weakness","Flex"],"picked":"ReplayTheSpireMod:Stacked","floor":13.0},{"not_picked":["Iron Wave","Anger","Dark Embrace"],"picked":"SKIP","floor":14},{"not_picked":["Iron Wave","Anger","Dark Embrace"],"picked":"SKIP","floor":14}],"player_experience":252544,"relics_obtained":[{"floor":7.0,"key":"hubris:ChampionShield"},{"floor":9.0,"key":"CeramicFish"},{"floor":11.0,"key":"Ring of Greed"},{"floor":11.0,"key":"Blue Doll"},{"floor":11.0,"key":"MawBank"},{"floor":11.0,"key":"ReplayTheSpireMod:Ring of Exchange"},{"floor":12.0,"key":"Happy Flower"}],"event_choices":[{"damage_healed":0.0,"max_hp_gain":0.0,"max_hp_loss":0.0,"gold_gain":75.0,"event_name":"World of Goop","player_choice":"Gather Gold","floor":2.0,"gold_loss":0.0,"damage_taken":11.0},{"damage_healed":0.0,"max_hp_gain":0.0,"max_hp_loss":0.0,"gold_gain":0.0,"event_name":"Golden Idol","player_choice":"Take Damage","floor":4.0,"gold_loss":0.0,"damage_taken":18.0,"relics_obtained":["Golden Idol"]},{"damage_healed":0.0,"max_hp_gain":0.0,"max_hp_loss":0.0,"gold_gain":0.0,"event_name":"Liars Game","player_choice":"Ignored","floor":5.0,"gold_loss":0.0,"damage_taken":0.0}],"is_beta":false,"boss_relics":[],"items_purged_floors":[3],"is_endless":false,"potions_floor_spawned":[7,12,14],"killed_by":"Fading Forest","ascension_level":3}}