{"host":"8rgpnls124hwjv5t","time":1613176225,"event":{"mods":["BaseMod","Colored Map","Colored Powertips","DeckTracker","Highlight Path","Minty Spire (QoL Compilation)","Permanent Neow","Quick Restart","Relic Stats","Shop Mod","StSLib"],"gold_per_floor":[113,130,148,161,161,187,187,200,226,226,66,66,85,110,110,182,182,197,197,207,225,225,225,225],"floor_reached":23,"language":"ENG","playtime":1207,"items_purged":[],"score":376,"play_id":"b803b80c-4686-4fa2-a7fc-3b24b089a40a","local_time":"20210212193025","is_ascension_mode":true,"campfire_choices":[{"data":"Creative AI","floor":7,"key":"SMITH"},{"data":"Zap","floor":10,"key":"SMITH"},{"data":"Ball Lightning","floor":12,"key":"SMITH"},{"data":"Storm","floor":15,"key":"SMITH"}],"circlet_count":0,"master_deck":["AscendersBane","Strike_B","Strike_B","Defend_B","Defend_B","Defend_B","Zap+1","Dualcast","Compile Driver+1","Capacitor+1","Defragment+1","Ball Lightning+1","Cold Snap","Barrage+1","Creative AI+1","Doom and Gloom","Storm+1","Auto Shields","Amplify","Loop"],"relics":["Astrolabe","Mercury Hourglass","Bronze Scales","Lee\u0027s Waffle","Juzu Bracelet","Fusion Hammer"],"acts_visited":["Exordium","TheCity"],"potions_floor_usage":[14,16,21],"damage_taken":[{"damage":9,"enemies":"Jaw Worm","floor":1,"turns":6},{"damage":0,"enemies":"Cultist","floor":2,"turns":3},{"damage":3,"enemies":"2 Louse","floor":3,"turns":3},{"damage":13,"enemies":"Large Slime","floor":4,"turns":7},{"damage":4,"enemies":"Lagavulin","floor":6,"turns":8},{"damage":0,"enemies":"3 Louse","floor":8,"turns":4},{"damage":8,"enemies":"Red Slaver","floor":13,"turns":2},{"damage":14,"enemies":"3 Sentries","floor":14,"turns":4},{"damage":32,"enemies":"Hexaghost","floor":16,"turns":5},{"damage":24,"enemies":"Shell Parasite","floor":18,"turns":3},{"damage":7,"enemies":"Chosen","floor":20,"turns":3},{"damage":32,"enemies":"Snake Plant","floor":21,"turns":3},{"damage":10,"enemies":"Gremlin Leader","floor":23,"turns":1}],"seed_played":"7970149709169208218","potions_obtained":[{"floor":4,"key":"PowerPotion"},{"floor":6,"key":"Swift Potion"},{"floor":20,"key":"EssenceOfSteel"}],"is_trial":false,"path_per_floor":["M","M","M","M","?","E","R","M","T","R","$","R","M","E","R","B",null,"M","?","M","M","?","E"],"character_chosen":"DEFECT","items_purchased":["Lee\u0027s Waffle"],"campfire_rested":0,"item_purchase_floors":[11],"current_hp_per_floor":[55,55,52,39,39,35,35,35,35,35,78,78,70,56,56,24,65,41,41,34,2,2,0,0],"gold":225,"neow_bonus":"BOSS_RELIC","is_daily":false,"chose_seed":false,"campfire_upgraded":4,"win_rate":0.0,"timestamp":1613176225,"path_taken":["M","M","M","M","?","E","R","M","T","R","?","R","M","E","R","BOSS","M","?","M","M","?","E"],"items_purchased_type":["Relic"],"build_version":"2020-12-22","purchased_purges":0,"victory":false,"max_hp_per_floor":[71,71,71,71,71,71,71,71,71,71,78,78,78,78,78,78,78,78,78,78,78,78,78,78],"relic_stats":{"Lee\u0027s Waffle":43,"counters":[13,51],"Astrolabe":["Compile Driver","Capacitor","Defragment"],"Bronze Scales":[71],"Juzu Bracelet":0,"obtain_stats":[{"Lee\u0027s Waffle":11,"Astrolabe":0,"Bronze Scales":9,"Fusion Hammer":17,"Juzu Bracelet":14,"Cracked Core":0,"Mercury Hourglass":6},{"Lee\u0027s Waffle":6,"Astrolabe":0,"Bronze Scales":6,"Fusion Hammer":9,"Juzu Bracelet":8,"Cracked Core":0,"Mercury Hourglass":5},{"Lee\u0027s Waffle":31,"Astrolabe":0,"Bronze Scales":31,"Fusion Hammer":42,"Juzu Bracelet":37,"Cracked Core":0,"Mercury Hourglass":27}],"Mercury Hourglass":[102]},"card_choices":[{"not_picked":["Leap","Aggregate"],"picked":"Ball Lightning","floor":1},{"not_picked":["Rip and Tear","Tempest"],"picked":"Cold Snap","floor":2},{"not_picked":["Barrage","Steam","Stack"],"picked":"SKIP","floor":3},{"not_picked":["Streamline","Go for the Eyes"],"picked":"Barrage","floor":4},{"not_picked":["Static Discharge","Stack"],"picked":"Creative AI","floor":6},{"not_picked":["Sweeping Beam","Steam"],"picked":"Doom and Gloom","floor":8},{"not_picked":["Beam Cell","Cold Snap"],"picked":"Storm","floor":13},{"not_picked":["Rebound","Coolheaded"],"picked":"Auto Shields","floor":14},{"not_picked":["Multi-Cast","Meteor Strike"],"picked":"Amplify","floor":16},{"not_picked":["Melter","Darkness"],"picked":"Loop","floor":18},{"not_picked":["Rebound","Hello World","Lockon"],"picked":"SKIP","floor":20},{"not_picked":["Sunder","Compile Driver","Stack"],"picked":"SKIP","floor":21}],"player_experience":585880,"relics_obtained":[{"floor":6,"key":"Mercury Hourglass"},{"floor":9,"key":"Bronze Scales"},{"floor":14,"key":"Juzu Bracelet"}],"event_choices":[{"damage_healed":0,"gold_gain":0,"player_choice":"Upgraded","damage_taken":0,"max_hp_gain":0,"max_hp_loss":0,"event_name":"Upgrade Shrine","floor":5,"gold_loss":0,"cards_upgraded":["Barrage"]},{"damage_healed":0,"gold_gain":0,"player_choice":"Ignored","damage_taken":0,"max_hp_gain":0,"max_hp_loss":0,"event_name":"Vampires","floor":19,"gold_loss":0},{"damage_healed":0,"gold_gain":0,"player_choice":"Ignored","damage_taken":0,"max_hp_gain":0,"max_hp_loss":0,"event_name":"Cursed Tome","floor":22,"gold_loss":0}],"is_beta":false,"boss_relics":[{"not_picked":["Black Star","SacredBark"],"picked":"Fusion Hammer"}],"items_purged_floors":[],"is_endless":false,"potions_floor_spawned":[4,6,8,13,20],"killed_by":"Gremlin Leader","ascension_level":17}}