{"host":"cnq91ghfhf6lz0gv","time":1613246873,"event":{"mods":["BaseMod","Clockwork Mod","Colored Map","Colored Powertips","Conspire","Downfall","Googly Eyes","Highlight Path","Minty Spire (QoL Compilation)","Morshu Shopkeeper - ENHANCED","Reliquary","Replay The Spire","StSLib","SuperFastMode","The IronCluck","The Showman","slay the spire mod where everything is the same but ironclad has a cowboy hat"],"gold_per_floor":[99,116,391,407,118,137,137,137,171,184,17,17,17,37,47,151,151,51,68,87,294,312,328,328,343,393,393,406,233,233,233,233,233],"floor_reached":31,"language":"ENG","playtime":1499,"items_purged":["Regret","downfall:Haunted"],"score":264,"play_id":"cb16a935-c6c9-4d49-954f-02a5745d1bc3","local_time":"20210213150753","is_ascension_mode":false,"campfire_choices":[{"floor":1.0,"key":"DIG"},{"data":"bronze:Boost","floor":8.0,"key":"SMITH"},{"floor":18,"key":"DIG"},{"floor":27,"key":"REST"}],"circlet_count":0,"master_deck":["bronze:Strike","bronze:Strike","bronze:Strike","bronze:Strike","bronze:Defend+1","bronze:Defend","bronze:Defend","bronze:Defend+1","bronze:Replicate","bronze:Goto+1","bronze:Boost+1","bronze:Fortify","bronze:CutThrough","bronze:OilSpill+1","bronze:Boost","bronze:DigitalCarnage","bronze:GetLatest","bronze:Virus+1","bronze:RecursiveStrike+1","bronze:Assembly","bronze:CloningBeam","Doubt","Delirium","bronze:Branch","bronze:FindAndReplace"],"relics":["Replay:Bronze Core","PreservedInsect","Sling","Replay:Accelerometer","reliquary:Buckler","Gremlin Food","Runic Pyramid","downfall:HeartBlessingGreen","Blood Vial","Onion Ring","ReplayTheSpireMod:Ring of Challenge","Ring of Greed","Golden Idol","Smiling Mask","Orichalcum","CeramicFish"],"acts_visited":["Exordium","TheCity"],"potions_floor_usage":[16,20,23,29],"damage_taken":[{"damage":0.0,"enemies":"conspire:RoseBush","floor":2.0,"turns":4.0},{"damage":6.0,"enemies":"Cultist","floor":4.0,"turns":4.0},{"damage":9.0,"enemies":"downfall:FleeingMerchant","floor":5.0,"turns":5.0},{"damage":0.0,"enemies":"2 Louse","floor":6.0,"turns":2.0},{"damage":14.0,"enemies":"Gremlin Nob","floor":9.0,"turns":3.0},{"damage":0.0,"enemies":"Large Slime","floor":10.0,"turns":5.0},{"damage":8.0,"enemies":"downfall:FleeingMerchant","floor":11.0,"turns":5.0},{"damage":4,"enemies":"Exordium Wildlife","floor":14,"turns":3},{"damage":4,"enemies":"Gremlin Gang","floor":15,"turns":3},{"damage":20,"enemies":"IC_STATUS_ARCHETYPE","floor":16,"turns":5},{"damage":0,"enemies":"Chosen","floor":19,"turns":3},{"damage":20,"enemies":"downfall:LooterAlt2","floor":20,"turns":2},{"damage":13,"enemies":"Snake Plant","floor":22,"turns":5},{"damage":10,"enemies":"Cultist and Chosen","floor":23,"turns":5},{"damage":0,"enemies":"Snecko","floor":25,"turns":3},{"damage":22,"enemies":"Sentry and Sphere","floor":28,"turns":4},{"damage":2,"enemies":"downfall:FleeingMerchant","floor":29,"turns":4},{"damage":11,"enemies":"conspire:HollyBat","floor":31,"turns":6}],"seed_played":"2248748289977222548","potions_obtained":[{"floor":2.0,"key":"CultistPotion"},{"floor":4.0,"key":"SkillPotion"},{"floor":14,"key":"LiquidMemories"},{"floor":15,"key":"bronze:FreeFunctionsPotion"},{"floor":16,"key":"bronze:CleanCodePotion"},{"floor":23,"key":"bronze:FreeFunctionsPotion"},{"floor":25,"key":"AttackPotion"}],"is_trial":false,"path_per_floor":["R_BF","M","?","M","$","M","T","R","E","M","$","?","?","M","M","B",null,"R_BF","M","M","?","M","M","T","M","?","R","M","$","?","M"],"character_chosen":"THE_AUTOMATON","items_purchased":["Sling","bronze:OilSpill","Gremlin Food","Orichalcum","CeramicFish","bronze:FindAndReplace","bronze:BurnAndBuffPotion"],"campfire_rested":1,"item_purchase_floors":[5,5,11,29,29,29,29],"current_hp_per_floor":[70,70,70,64,55,55,55,55,41,41,33,33,33,29,25,5,70,70,70,50,22,11,3,3,5,5,26,6,6,6,0,0,0],"gold":233,"neow_bonus":"BOSS_RELIC","is_daily":false,"chose_seed":false,"campfire_upgraded":1,"win_rate":0.0,"timestamp":1613246873,"path_taken":["R_BF","M","?","?","$","M","T","R","E","M","$","?","?","M","M","BOSS","R_BF","M","M","?","M","M","T","?","?","R","M","$","?","M"],"items_purchased_type":["Relic","Card","Relic","Relic","Relic","Card","Potion"],"build_version":"2020-12-22","purchased_purges":2,"victory":false,"max_hp_per_floor":[70,70,70,70,70,70,70,70,70,70,70,70,70,70,70,70,70,70,70,70,70,70,70,70,70,70,70,70,70,70,70,70,70],"card_choices":[{"not_picked":["bronze:Turbo","bronze:BitShift"],"picked":"bronze:Boost","floor":2.0},{"not_picked":["bronze:Return","bronze:Boost"],"picked":"bronze:Fortify","floor":4.0},{"not_picked":["bronze:Deprecate","bronze:DelayedSlice"],"picked":"bronze:CutThrough","floor":5.0},{"not_picked":["bronze:Frontload","bronze:Deprecate"],"picked":"bronze:Boost","floor":6.0},{"not_picked":["bronze:Flail","bronze:WhirlingStrike"],"picked":"bronze:DigitalCarnage","floor":9.0},{"not_picked":["bronze:BugBarrage","bronze:NullPointer"],"picked":"bronze:GetLatest","floor":10.0},{"not_picked":["bronze:ForLoop","bronze:Boost"],"picked":"bronze:Virus","floor":11},{"not_picked":["bronze:Separator","bronze:Constructor","bronze:Deprecate"],"picked":"SKIP","floor":14},{"not_picked":["bronze:Deprecate","bronze:ForLoop","bronze:WhirlingStrike"],"picked":"SKIP","floor":15},{"not_picked":["bronze:SpaghettiCode","bronze:AlphaBuild"],"picked":"bronze:Assembly","floor":16},{"not_picked":["bronze:Frontload","bronze:Overheat","bronze:FineTuning"],"picked":"SKIP","floor":19},{"not_picked":["bronze:Frontload","bronze:Overheat","bronze:FineTuning"],"picked":"SKIP","floor":19},{"not_picked":["bronze:Invalidate","bronze:ClassDefault","bronze:Fortify"],"picked":"SKIP","floor":20},{"not_picked":["bronze:Philosophize","bronze:BugBarrage","bronze:Deprecate"],"picked":"SKIP","floor":22},{"not_picked":["bronze:Safeguard+1","bronze:Return","bronze:ForLoop+1"],"picked":"SKIP","floor":23},{"not_picked":["bronze:Fortify","bronze:ClassDefault"],"picked":"bronze:CloningBeam","floor":25},{"not_picked":["bronze:BitShift","bronze:ForceShield","bronze:WildBeam"],"picked":"SKIP","floor":28},{"not_picked":["bronze:ShipIt","bronze:Verify"],"picked":"bronze:Branch","floor":29}],"player_experience":232212,"relics_obtained":[{"floor":1.0,"key":"PreservedInsect"},{"floor":7.0,"key":"Replay:Accelerometer"},{"floor":9.0,"key":"reliquary:Buckler"},{"floor":18,"key":"Blood Vial"},{"floor":24,"key":"Onion Ring"},{"floor":26,"key":"ReplayTheSpireMod:Ring of Challenge"},{"floor":26,"key":"Ring of Greed"},{"floor":26,"key":"Golden Idol"},{"floor":26,"key":"Smiling Mask"}],"event_choices":[],"is_beta":false,"boss_relics":[{"not_picked":["conspire:RoyalGoblet","conspire:SpecialSausage"],"picked":"Runic Pyramid"}],"items_purged_floors":[5,29],"is_endless":false,"potions_floor_spawned":[2,4,14,15,16,19,23,25],"killed_by":"conspire:HollyBat","ascension_level":0}}