{"host":"rmt60uil2jppa14k","time":1613257000,"event":{"mods":["AchievementEnabler","BaseMod","Better Third Choice","Colored Powertips","Downfall","Highlight Path","Minty Spire (QoL Compilation)","Quick Restart","Rare Cards Sparkle","Shop Mod","StSLib"],"gold_per_floor":[109,109,123,123,23,23,37,54,124,23,41,70,82,97,97,97,97],"floor_reached":16,"language":"ENG","playtime":437,"items_purged":[],"score":94,"play_id":"7ce20e6f-446c-464c-b316-6abd75c3ed47","local_time":"20210213225640","is_ascension_mode":false,"campfire_choices":[{"data":"Genetic Algorithm","floor":6,"key":"SMITH"},{"floor":15,"key":"REST"}],"circlet_count":0,"master_deck":["Strike_B","Strike_B","Strike_B","Strike_B","Defend_B","Defend_B","Defend_B","Zap","Dualcast","Compile Driver","Zap","Genetic Algorithm+1","Darkness","Loop","Ball Lightning","Sweeping Beam","FTL","Redo","Sunder","Cold Snap","Turbo","Redo","Static Discharge"],"relics":["Cracked Core","Juzu Bracelet","Sundial","Odd Mushroom"],"acts_visited":["Exordium"],"potions_floor_usage":[8,14],"damage_taken":[{"damage":6,"enemies":"Jaw Worm","floor":1,"turns":3},{"damage":4,"enemies":"Cultist","floor":3,"turns":4},{"damage":0,"enemies":"Small Slimes","floor":7,"turns":2},{"damage":9,"enemies":"Looter","floor":8,"turns":3},{"damage":13,"enemies":"Red Slaver","floor":11,"turns":2},{"damage":8,"enemies":"The Mushroom Lair","floor":12,"turns":3},{"damage":5,"enemies":"2 Fungi Beasts","floor":13,"turns":3},{"damage":4,"enemies":"Blue Slaver","floor":14,"turns":2},{"damage":55,"enemies":"Slime Boss","floor":16,"turns":5}],"seed_played":"-1425972910018150276","potions_obtained":[{"floor":7,"key":"SkillPotion"},{"floor":13,"key":"ColorlessPotion"},{"floor":14,"key":"BlessingOfTheForge"}],"is_trial":false,"path_per_floor":["M","?","M","?","$","R","M","M","T","$","M","?","M","M","R","B"],"character_chosen":"DEFECT","items_purchased":["Loop","Ball Lightning","Redo","Sunder"],"campfire_rested":1,"item_purchase_floors":[5,5,10,10],"current_hp_per_floor":[69,69,65,65,65,65,65,56,56,56,43,35,30,26,48,0,0],"gold":97,"neow_bonus":"RANDOM_COMMON_RELIC","is_daily":false,"chose_seed":false,"campfire_upgraded":1,"win_rate":0.0,"timestamp":1613257000,"path_taken":["M","?","M","?","?","R","M","M","T","$","M","?","M","M","R","BOSS"],"items_purchased_type":["Card","Card","Card","Card"],"build_version":"2020-12-22","purchased_purges":0,"victory":false,"max_hp_per_floor":[75,75,75,75,75,75,75,75,75,75,75,75,75,75,75,75,75],"card_choices":[{"not_picked":["Cold Snap","Hologram"],"picked":"Compile Driver","floor":1},{"not_picked":["Self Repair","Beam Cell"],"picked":"Genetic Algorithm","floor":3},{"not_picked":["Scrape","Cold Snap"],"picked":"Sweeping Beam","floor":7},{"not_picked":["Gash","Streamline"],"picked":"FTL","floor":8},{"not_picked":["Recycle","Streamline"],"picked":"Cold Snap","floor":11},{"not_picked":["Go for the Eyes","Steam"],"picked":"Turbo","floor":12},{"not_picked":["Hologram","Stack"],"picked":"Redo","floor":13},{"not_picked":["Reprogram","Coolheaded"],"picked":"Static Discharge","floor":14}],"player_experience":202390,"relics_obtained":[{"floor":9,"key":"Sundial"},{"floor":12,"key":"Odd Mushroom"}],"event_choices":[{"damage_healed":0,"gold_gain":0,"player_choice":"1 cards matched","damage_taken":0,"max_hp_gain":0,"max_hp_loss":0,"event_name":"Match and Keep!","floor":2,"gold_loss":0,"cards_obtained":["Zap"]},{"damage_healed":0,"gold_gain":0,"cards_transformed":["Defend_B"],"player_choice":"Transformed","damage_taken":0,"max_hp_gain":0,"max_hp_loss":0,"event_name":"Transmorgrifier","floor":4,"gold_loss":0,"cards_obtained":["Darkness"]},{"damage_healed":0,"gold_gain":0,"player_choice":"Fought Mushrooms","damage_taken":0,"max_hp_gain":0,"max_hp_loss":0,"event_name":"Mushrooms","floor":12,"gold_loss":0}],"is_beta":false,"boss_relics":[],"items_purged_floors":[],"is_endless":false,"potions_floor_spawned":[7,13,14],"killed_by":"Slime Boss","ascension_level":0}}