{"host":"re327vnqwpdy5ott","time":1613205170,"event":{"mods":["BaseMod","Conspire","Downfall","Hubris","Infinite Spire","Marisa????????","Minty Spire (QoL Compilation)","Replay The Spire","StSLib"],"gold_per_floor":[99,119,119,294,308,308,308,321,421,436,456,57,57,75,94,94,94,94],"floor_reached":16,"language":"ENG","playtime":883,"items_purged":["Delirium"],"score":94,"play_id":"f1dc38a7-1e7b-49b9-a9db-abc50070df09","local_time":"20210213003250","is_ascension_mode":false,"campfire_choices":[{"data":"sneckomod:UnknownRarePower","floor":6,"key":"SMITH"},{"floor":13,"key":"REST"}],"circlet_count":0,"master_deck":["sneckomod:Strike","sneckomod:Strike","sneckomod:Defend+1","sneckomod:Defend+1","sneckomod:Defend","sneckomod:TailWhip","sneckomod:SnekBite","sneckomod:Unknown","sneckomod:Unknown","sneckomod:UnknownRarePower+1","sneckomod:UnlimitedRolls","hexamod:ThirdSeal","sneckomod:Unknown2Cost","Doubt","sneckomod:QuickBite","sneckomod:UnknownVulnerable","sneckomod:UnknownDraw","sneckomod:Memorize","sneckomod:CheapStock","sneckomod:SnekBeam","sneckomod:UnknownRarePower","hexamod:SixthSeal","sneckomod:UnknownDraw"],"relics":["sneckomod:SneckoSoul","Ring of Searing","Ring of Fangs","Darkstone Periapt","War Paint","ClockworkSouvenir"],"acts_visited":["Exordium"],"potions_floor_usage":[11,16,16,16,16],"damage_taken":[{"damage":16,"enemies":"Jaw Worm","floor":2,"turns":4},{"damage":7,"enemies":"2 Louse","floor":5,"turns":2},{"damage":15,"enemies":"Cultist","floor":8,"turns":4},{"damage":12,"enemies":"Gremlin Gang","floor":10,"turns":5},{"damage":14,"enemies":"Red Slaver","floor":11,"turns":3},{"damage":0,"enemies":"downfall:FleeingMerchant","floor":12,"turns":4},{"damage":0,"enemies":"Large Slime","floor":14,"turns":5},{"damage":16,"enemies":"Blue Slaver","floor":15,"turns":3},{"damage":50,"enemies":"WA_ARCHETYPE_RETAIN","floor":16,"turns":7}],"seed_played":"2576773613382928680","potions_obtained":[{"floor":2,"key":"Slimebound:ThreeZeroPotion"},{"floor":8,"key":"Swift Potion"},{"floor":10,"key":"EntropicBrew"},{"floor":14,"key":"Languid Potion"}],"is_trial":false,"path_per_floor":["R","M","?","?","M","R","T","M","?","M","M","$","R","M","M","B"],"character_chosen":"THE_SNECKO","items_purchased":["War Paint","ClockworkSouvenir"],"campfire_rested":1,"item_purchase_floors":[12,12],"current_hp_per_floor":[90,74,74,74,67,67,67,52,52,40,26,26,53,53,37,0,0,0],"gold":94,"neow_bonus":"ONE_RANDOM_RARE_CARD","is_daily":false,"chose_seed":false,"campfire_upgraded":1,"win_rate":0.0,"timestamp":1613205170,"path_taken":["R","M","?","?","M","R","T","M","?","M","?","$","R","?","M","BOSS"],"items_purchased_type":["Relic","Relic"],"build_version":"2020-12-22","purchased_purges":1,"victory":false,"max_hp_per_floor":[90,90,90,90,90,90,90,90,90,90,90,90,90,90,90,90,90,90],"card_choices":[{"not_picked":["hexamod:FourthSeal","hexamod:SecondSeal"],"picked":"hexamod:ThirdSeal","floor":2},{"not_picked":["sneckomod:UnknownCommonSkill","sneckomod:UnendingSupply"],"picked":"sneckomod:Unknown2Cost","floor":2},{"not_picked":["sneckomod:UnknownCommonSkill","sneckomod:UnknownCommonAttack"],"picked":"sneckomod:QuickBite","floor":5},{"not_picked":["sneckomod:IronFang","sneckomod:SoulRoll"],"picked":"sneckomod:UnknownVulnerable","floor":5},{"not_picked":["sneckomod:Cheat","sneckomod:QuickBite"],"picked":"sneckomod:UnknownDraw","floor":8},{"not_picked":["sneckomod:DefensiveFlair","sneckomod:UnendingSupply"],"picked":"sneckomod:Memorize","floor":8},{"not_picked":["sneckomod:UnknownDraw","sneckomod:UnknownCommonAttack"],"picked":"sneckomod:CheapStock","floor":10},{"not_picked":["sneckomod:UnknownCommonSkill","sneckomod:TrashToTreasure","sneckomod:SnakeSap"],"picked":"SKIP","floor":10},{"not_picked":["sneckomod:UnknownBlock","sneckomod:UnknownStrike"],"picked":"sneckomod:SnekBeam","floor":11},{"not_picked":["sneckomod:Rotation","sneckomod:SoulDraw","sneckomod:UnlimitedRolls"],"picked":"SKIP","floor":11},{"not_picked":["sneckomod:Memorize","sneckomod:WideSting"],"picked":"sneckomod:UnknownRarePower","floor":12},{"not_picked":["sneckomod:UnendingSupply","sneckomod:DiceCrush","sneckomod:SoulDraw"],"picked":"SKIP","floor":12},{"not_picked":["hexamod:ThirdSeal","hexamod:FourthSeal"],"picked":"hexamod:SixthSeal","floor":14},{"not_picked":["sneckomod:Nope","sneckomod:UnknownExhaust","sneckomod:SnakeSap"],"picked":"SKIP","floor":14},{"not_picked":["sneckomod:DangerNoodle","sneckomod:UnknownBlock","sneckomod:IronFang"],"picked":"SKIP","floor":14},{"not_picked":["sneckomod:WideSting","sneckomod:UnknownX"],"picked":"sneckomod:UnknownDraw","floor":15},{"not_picked":["sneckomod:Nope","sneckomod:QuickBite","sneckomod:DiceCrush"],"picked":"SKIP","floor":15}],"player_experience":283247,"relics_obtained":[{"floor":3,"key":"Ring of Searing"},{"floor":3,"key":"Ring of Fangs"},{"floor":7,"key":"Darkstone Periapt"}],"event_choices":[],"is_beta":false,"boss_relics":[],"items_purged_floors":[12],"is_endless":false,"potions_floor_spawned":[2,8,10,14],"killed_by":"WA_ARCHETYPE_RETAIN","ascension_level":0}}