{"host":"ibckqdmmf9y74ymf","time":1613237952,"event":{"mods":["2.2 Compatiblity","BaseMod","Colored Map","Curses Come First","Highlight Path","Minty Spire (QoL Compilation)","Quick Restart","Rare Cards Sparkle","Relic Stats","StSLib"],"gold_per_floor":[115,115,128,128,145,145,57,85,85,103,137,137,137,162,162,236,236,248,260,272,292,308,342,342,367,391,421,421,432,85,124,124,197,197,214,4,54,99,0,34,34,34,58,58,72,72,109,144,144,144,144],"floor_reached":52,"language":"ENG","playtime":3745,"items_purged":["Strike_R","Defend_R"],"score":2355,"play_id":"1e9b2c0a-0b1c-453d-b470-844955055e75","local_time":"20210213183912","is_ascension_mode":true,"campfire_choices":[{"floor":6.0,"key":"REST"},{"data":"Demon Form","floor":13.0,"key":"SMITH"},{"data":"Spot Weakness","floor":15.0,"key":"SMITH"},{"data":"Feed","floor":24.0,"key":"SMITH"},{"data":"HandOfGreed","floor":32.0,"key":"SMITH"},{"floor":44.0,"key":"RECALL"},{"data":"Demon Form","floor":49,"key":"SMITH"}],"circlet_count":0,"master_deck":["AscendersBane","Strike_R","Strike_R","Strike_R","Strike_R","Defend_R+1","Defend_R+1","Bash","Shockwave","Perfected Strike","Clothesline","Spot Weakness+1","Perfected Strike","Demon Form+1","Feed+1","Blood for Blood","Carnage","Demon Form+1","Impervious","Shrug It Off","Flame Barrier","HandOfGreed+1","Reaper","Heavy Blade","Dual Wield+1","Impervious","Apotheosis","Impervious","Burning Pact"],"relics":["Snecko Eye","WingedGreaves","Strawberry","HornCleat","Lantern","FossilizedHelix","Runic Dome","Bird Faced Urn","Sundial","Vajra","Turnip","NlothsMask","Membership Card","Sozu","Prayer Wheel","CaptainsWheel","Red Mask","Molten Egg 2","Bottled Tornado"],"acts_visited":["Exordium","TheCity","TheBeyond"],"potions_floor_usage":[],"damage_taken":[{"damage":0.0,"enemies":"Small Slimes","floor":1.0,"turns":3.0},{"damage":4.0,"enemies":"2 Louse","floor":3.0,"turns":4.0},{"damage":4.0,"enemies":"Jaw Worm","floor":5.0,"turns":2.0},{"damage":21.0,"enemies":"3 Sentries","floor":8.0,"turns":8.0},{"damage":12.0,"enemies":"3 Louse","floor":10.0,"turns":2.0},{"damage":0.0,"enemies":"Gremlin Nob","floor":11.0,"turns":3.0},{"damage":0.0,"enemies":"Lagavulin","floor":14.0,"turns":4.0},{"damage":31.0,"enemies":"The Guardian","floor":16.0,"turns":8.0},{"damage":0.0,"enemies":"Shell Parasite","floor":18.0,"turns":2.0},{"damage":0.0,"enemies":"2 Thieves","floor":19.0,"turns":2.0},{"damage":6.0,"enemies":"Shelled Parasite and Fungi","floor":20.0,"turns":4.0},{"damage":8.0,"enemies":"3 Cultists","floor":21.0,"turns":5.0},{"damage":16.0,"enemies":"Snake Plant","floor":22.0,"turns":3.0},{"damage":16.0,"enemies":"Gremlin Leader","floor":23.0,"turns":6.0},{"damage":0.0,"enemies":"Book of Stabbing","floor":25.0,"turns":3.0},{"damage":0.0,"enemies":"Gremlin Leader","floor":27.0,"turns":3.0},{"damage":0.0,"enemies":"Shelled Parasite and Fungi","floor":29.0,"turns":2.0},{"damage":6.0,"enemies":"Cultist and Chosen","floor":31.0,"turns":4.0},{"damage":0.0,"enemies":"Champ","floor":33.0,"turns":8.0},{"damage":0.0,"enemies":"3 Darklings","floor":35.0,"turns":3.0},{"damage":0.0,"enemies":"Mind Bloom Boss Battle","floor":37.0,"turns":6.0},{"damage":0.0,"enemies":"Orb Walker","floor":38.0,"turns":4.0},{"damage":0.0,"enemies":"Reptomancer","floor":40.0,"turns":5.0},{"damage":24.0,"enemies":"Transient","floor":45.0,"turns":6.0},{"damage":0,"enemies":"4 Shapes","floor":47,"turns":5},{"damage":5,"enemies":"Nemesis","floor":48,"turns":5},{"damage":28,"enemies":"Donu and Deca","floor":50,"turns":9},{"damage":62,"enemies":"Time Eater","floor":51,"turns":7}],"seed_played":"2358255730329745579","potions_obtained":[{"floor":1.0,"key":"Weak Potion"},{"floor":5.0,"key":"BloodPotion"},{"floor":11.0,"key":"FearPotion"},{"floor":22.0,"key":"EssenceOfSteel"},{"floor":23.0,"key":"Fruit Juice"},{"floor":25.0,"key":"Explosive Potion"},{"floor":29.0,"key":"BlessingOfTheForge"},{"floor":33.0,"key":"SteroidPotion"}],"is_trial":true,"path_per_floor":["M","?","M","?","M","R","$","E","T","M","E","?","R","E","R","B",null,"M","M","M","M","M","E","R","E","T","E","?","M","$","M","R","B",null,"M","$","?","M","?","E","?","?","T","R","M","?","M","E","R","B","B",null],"character_chosen":"IRONCLAD","items_purchased":["Spot Weakness","Membership Card","Flame Barrier","HandOfGreed","Prayer Wheel"],"campfire_rested":1,"item_purchase_floors":[7,30,30,30,36],"current_hp_per_floor":[68,45,41,15,11,33,33,19,19,23,23,82,82,82,82,51,74,77,80,77,72,56,40,40,47,47,49,49,57,57,59,59,67,100,108,108,115,115,115,119,109,109,109,109,119,119,123,118,118,123,65],"gold":144,"neow_bonus":"","is_daily":false,"chose_seed":false,"campfire_upgraded":5,"win_rate":0.0,"timestamp":1613237952,"path_taken":["M","?","M","?","?","R","$","E","T","M","E","?","R","E","R","BOSS","M","?","?","?","M","E","R","E","T","E","?","?","$","M","R","BOSS","M","$","?","M","?","E","?","?","T","R","?","?","?","E","R","BOSS","BOSS"],"items_purchased_type":["Card","Relic","Card","Card","Relic"],"build_version":"2020-12-22","purchased_purges":2,"victory":true,"max_hp_per_floor":[75,75,75,75,75,75,75,82,82,82,82,82,82,82,82,82,82,85,88,91,94,94,94,94,99,99,99,99,103,103,107,107,111,111,115,115,115,115,115,119,119,119,119,119,119,119,123,123,123,123,123],"relic_stats":{"Sozu":2,"counters":[28,126],"Sundial":[8],"Bird Faced Urn":[34],"Snecko Eye":[201,226,221,191],"Prayer Wheel":3,"Turnip":[8],"obtain_stats":[{"Lantern":11,"Vajra":26,"Bottled Tornado":48,"Sozu":34,"Runic Dome":17,"CaptainsWheel":37,"HornCleat":9,"Sundial":25,"Strawberry":8,"Bird Faced Urn":23,"Snecko Eye":0,"Prayer Wheel":36,"Molten Egg 2":40,"WingedGreaves":4,"Turnip":27,"Red Mask":39,"Membership Card":30,"FossilizedHelix":14,"NlothsMask":28},{"Lantern":6,"Vajra":15,"Bottled Tornado":26,"Sozu":19,"Runic Dome":8,"CaptainsWheel":21,"HornCleat":4,"Sundial":15,"Strawberry":4,"Bird Faced Urn":14,"Snecko Eye":0,"Prayer Wheel":20,"Molten Egg 2":23,"WingedGreaves":2,"Turnip":16,"Red Mask":22,"Membership Card":17,"FossilizedHelix":7,"NlothsMask":16},{"Lantern":22,"Vajra":59,"Bottled Tornado":110,"Sozu":76,"Runic Dome":34,"CaptainsWheel":85,"HornCleat":17,"Sundial":59,"Strawberry":17,"Bird Faced Urn":56,"Snecko Eye":0,"Prayer Wheel":79,"Molten Egg 2":94,"WingedGreaves":7,"Turnip":62,"Red Mask":89,"Membership Card":64,"FossilizedHelix":26,"NlothsMask":62}]},"card_choices":[{"not_picked":["Intimidate","Reckless Charge"],"picked":"Shockwave","floor":1.0},{"not_picked":["True Grit","Anger"],"picked":"Perfected Strike","floor":3.0},{"not_picked":["Pommel Strike","Heavy Blade"],"picked":"Clothesline","floor":5.0},{"not_picked":["Perfected Strike","Cleave","Entrench"],"picked":"SKIP","floor":8.0},{"not_picked":["Wild Strike","Metallicize"],"picked":"Perfected Strike","floor":10.0},{"not_picked":["Thunderclap","Wild Strike"],"picked":"Demon Form","floor":11.0},{"not_picked":["Sword Boomerang","Hemokinesis","Thunderclap"],"picked":"SKIP","floor":14.0},{"not_picked":["Juggernaut","Bludgeon"],"picked":"Feed","floor":16.0},{"not_picked":["Dropkick","Pommel Strike","Thunderclap"],"picked":"SKIP","floor":18.0},{"not_picked":["Shockwave","Headbutt"],"picked":"Blood for Blood","floor":19.0},{"not_picked":["Carnage","Twin Strike+1","Headbutt"],"picked":"SKIP","floor":20.0},{"not_picked":["Twin Strike+1","Headbutt"],"picked":"Carnage","floor":20.0},{"not_picked":["Heavy Blade","Body Slam"],"picked":"Demon Form","floor":21.0},{"not_picked":["Wild Strike","Second Wind","Armaments"],"picked":"SKIP","floor":22.0},{"not_picked":["Second Wind","Infernal Blade"],"picked":"Impervious","floor":23.0},{"not_picked":["Rage","Anger","Ghostly Armor"],"picked":"SKIP","floor":25.0},{"not_picked":["Spot Weakness","Combust"],"picked":"Shrug It Off","floor":27.0},{"not_picked":["Searing Blow","Fire Breathing","Clash"],"picked":"SKIP","floor":29.0},{"not_picked":["Twin Strike","Havoc","Body Slam+1"],"picked":"SKIP","floor":31.0},{"not_picked":["Immolate","Feed"],"picked":"Reaper","floor":33.0},{"not_picked":["Perfected Strike","Uppercut"],"picked":"Heavy Blade","floor":35.0},{"not_picked":["Sword Boomerang","Thunderclap"],"picked":"Dual Wield+1","floor":38.0},{"not_picked":["Headbutt","Warcry+1","Cleave+1"],"picked":"SKIP","floor":38.0},{"not_picked":["Spot Weakness","Thunderclap+1"],"picked":"Impervious","floor":40.0},{"not_picked":["Madness","Swift Strike+1"],"picked":"Apotheosis","floor":41.0},{"not_picked":["Wild Strike+1","Thunderclap+1","Clothesline+1"],"picked":"SKIP","floor":45.0},{"not_picked":["Iron Wave+1","Thunderclap+1","Sentinel"],"picked":"SKIP","floor":45.0},{"not_picked":["Intimidate","Anger+1","Fire Breathing"],"picked":"SKIP","floor":47},{"not_picked":["True Grit","Wild Strike+1","Pommel Strike+1"],"picked":"SKIP","floor":47},{"not_picked":["Shrug It Off","Sever Soul+1","Berserk"],"picked":"SKIP","floor":48}],"player_experience":712168,"relics_obtained":[{"floor":8.0,"key":"Strawberry"},{"floor":9.0,"key":"HornCleat"},{"floor":11.0,"key":"Lantern"},{"floor":14.0,"key":"FossilizedHelix"},{"floor":23.0,"key":"Bird Faced Urn"},{"floor":25.0,"key":"Sundial"},{"floor":26.0,"key":"Vajra"},{"floor":27.0,"key":"Turnip"},{"floor":37.0,"key":"CaptainsWheel"},{"floor":40.0,"key":"Molten Egg 2"},{"floor":48,"key":"Bottled Tornado"}],"event_choices":[{"damage_healed":0.0,"max_hp_gain":0.0,"max_hp_loss":0.0,"gold_gain":0.0,"event_name":"Shining Light","player_choice":"Entered Light","floor":2.0,"gold_loss":0.0,"damage_taken":23.0,"cards_upgraded":["Defend_R","Defend_R"]},{"damage_healed":0.0,"max_hp_gain":0.0,"max_hp_loss":0.0,"gold_gain":0.0,"event_name":"Scrap Ooze","player_choice":"Success","floor":4.0,"gold_loss":0.0,"damage_taken":26.0,"relics_obtained":["WingedGreaves"]},{"damage_healed":59.0,"max_hp_gain":0.0,"max_hp_loss":0.0,"gold_gain":0.0,"event_name":"Wheel of Change","player_choice":"Full Heal","floor":12.0,"gold_loss":0.0,"damage_taken":0.0},{"damage_healed":0.0,"max_hp_gain":0.0,"max_hp_loss":0.0,"gold_gain":0.0,"event_name":"FaceTrader","player_choice":"Trade","floor":28.0,"gold_loss":0.0,"damage_taken":0.0,"relics_obtained":["NlothsMask"]},{"damage_healed":0.0,"max_hp_gain":0.0,"max_hp_loss":0.0,"gold_gain":0.0,"event_name":"MindBloom","player_choice":"Fight","floor":37.0,"gold_loss":0.0,"damage_taken":0.0},{"damage_healed":0.0,"max_hp_gain":0.0,"max_hp_loss":0.0,"gold_gain":0.0,"event_name":"Tomb of Lord Red Mask","player_choice":"Paid","floor":39.0,"gold_loss":99.0,"damage_taken":0.0,"relics_obtained":["Red Mask"]},{"damage_healed":0.0,"max_hp_gain":0.0,"max_hp_loss":0.0,"gold_gain":0.0,"event_name":"SensoryStone","player_choice":"Memory 3","floor":41.0,"gold_loss":0.0,"damage_taken":10.0},{"damage_healed":0.0,"max_hp_gain":0.0,"max_hp_loss":0.0,"gold_gain":0.0,"event_name":"Duplicator","player_choice":"Copied","floor":42.0,"gold_loss":0.0,"damage_taken":0.0,"cards_obtained":["Impervious"]},{"damage_healed":0.0,"max_hp_gain":0.0,"max_hp_loss":0.0,"gold_gain":0.0,"cards_transformed":["Defend_R"],"event_name":"Transmorgrifier","player_choice":"Transformed","floor":46.0,"gold_loss":0.0,"damage_taken":0.0,"cards_obtained":["Burning Pact"]}],"is_beta":false,"boss_relics":[{"not_picked":["Empty Cage","Busted Crown"],"picked":"Runic Dome"},{"not_picked":["Velvet Choker","Tiny House"],"picked":"Sozu"}],"items_purged_floors":[30,36],"is_endless":false,"potions_floor_spawned":[1,5,11,16,22,23,25,29,31,33,35,40,45],"ascension_level":20}}