{"host":"g76rhe4j5kh9hdf9","time":1613243248,"event":{"mods":["Act Like it!","BaseMod","Bestiary","Better Third Choice","Downfall","GifTheSpireLib","Minty Spire (QoL Compilation)","Relic Stats","Spicy Shops","StSLib"],"gold_per_floor":[349,369,379,479,579,14,14,39,39,72,89,124,24,43,54,54,54,54],"floor_reached":16,"language":"ENG","playtime":1000,"items_purged":["downfall:Haunted"],"score":138,"play_id":"5e29dcd8-d9c9-4ab6-82e8-c2f8fd554fde","local_time":"20210213110728","is_ascension_mode":true,"campfire_choices":[{"floor":1,"key":"RECALL"},{"data":"bronze:Repulsor","floor":9,"key":"SMITH"},{"floor":13,"key":"REST"}],"circlet_count":0,"master_deck":["bronze:Strike","bronze:Strike","bronze:Strike","bronze:Strike","bronze:Defend","bronze:Defend","bronze:Defend","bronze:Defend","bronze:Replicate","bronze:Goto","bronze:Iterate","bronze:BuggyMess","CurseOfTheBell","CurseOfTheBell","bronze:RecursiveStrike","downfall:Icky","downfall:Aged","bronze:FindAndReplace","bronze:Repulsor+1"],"relics":["bronze:BronzeCore","downfall:ExtraCursedBell","Blood Vial","Gremlin Horn","StoneCalendar","Singing Bowl","Omamori","Smiling Mask","Kunai","Molten Egg 2","sneckomod:BlankCard","downfall:HeartBlessingRed"],"acts_visited":["Exordium"],"potions_floor_usage":[10,11,16],"damage_taken":[{"damage":1,"enemies":"Cultist","floor":2,"turns":3},{"damage":0,"enemies":"Small Slimes","floor":3,"turns":2},{"damage":5,"enemies":"downfall:FleeingMerchant","floor":6,"turns":4},{"damage":35,"enemies":"Lagavulin","floor":8,"turns":7},{"damage":33,"enemies":"Gremlin Nob","floor":10,"turns":4},{"damage":2,"enemies":"2 Louse","floor":11,"turns":4},{"damage":18,"enemies":"Lagavulin","floor":12,"turns":7},{"damage":13,"enemies":"Blue Slaver","floor":14,"turns":3},{"damage":0,"enemies":"3 Louse","floor":15,"turns":2},{"damage":31,"enemies":"DF_ARCHETYPE_STREAMLINE","floor":16,"turns":4}],"seed_played":"-8963453058459143411","potions_obtained":[{"floor":2,"key":"GamblersBrew"},{"floor":10,"key":"Regen Potion"},{"floor":12,"key":"bronze:CleanCodePotion"},{"floor":15,"key":"Fire Potion"}],"is_trial":false,"path_per_floor":["R","M","M","?","?","$","T","E","R","E","M","E","R","M","M","B"],"character_chosen":"THE_AUTOMATON","items_purchased":["bronze:Repulsor","Singing Bowl","Omamori"],"campfire_rested":1,"item_purchase_floors":[6,6,6],"current_hp_per_floor":[63,62,62,67,67,63,63,32,32,3,17,3,25,16,20,0,0,0],"gold":54,"neow_bonus":"TWO_FIFTY_GOLD","is_daily":false,"chose_seed":false,"campfire_upgraded":1,"win_rate":0.0,"timestamp":1613243248,"path_taken":["R","M","?","?","?","$","T","E","R","E","M","E","R","M","M","BOSS"],"items_purchased_type":["Card","Relic","Relic"],"build_version":"2020-12-22","purchased_purges":1,"victory":false,"max_hp_per_floor":[63,63,63,68,68,68,68,70,70,72,74,76,76,78,80,80,80,80],"relic_stats":{"Blood Vial":15,"Gremlin Horn":[3,3],"Singing Bowl":12,"counters":[10,40],"StoneCalendar":[40],"Kunai":[8],"Smiling Mask":0,"obtain_stats":[{"Blood Vial":4,"bronze:BronzeCore":0,"Gremlin Horn":4,"Singing Bowl":6,"downfall:HeartBlessingRed":13,"sneckomod:BlankCard":12,"StoneCalendar":4,"Molten Egg 2":10,"Omamori":6,"Kunai":8,"downfall:ExtraCursedBell":4,"Smiling Mask":7},{"Blood Vial":2,"bronze:BronzeCore":0,"Gremlin Horn":2,"Singing Bowl":3,"downfall:HeartBlessingRed":7,"sneckomod:BlankCard":7,"StoneCalendar":2,"Molten Egg 2":5,"Omamori":3,"Kunai":4,"downfall:ExtraCursedBell":2,"Smiling Mask":3},{"Blood Vial":5,"bronze:BronzeCore":0,"Gremlin Horn":5,"Singing Bowl":9,"downfall:HeartBlessingRed":31,"sneckomod:BlankCard":31,"StoneCalendar":5,"Molten Egg 2":20,"Omamori":9,"Kunai":16,"downfall:ExtraCursedBell":5,"Smiling Mask":9}]},"card_choices":[{"not_picked":["bronze:Return","bronze:Separator"],"picked":"bronze:Iterate","floor":2},{"not_picked":["bronze:Deprecate","bronze:SpaghettiCode"],"picked":"bronze:BuggyMess","floor":3},{"not_picked":["bronze:Philosophize","bronze:Separator"],"picked":"bronze:FindAndReplace","floor":6},{"not_picked":["bronze:OilSpill","bronze:Turbo","bronze:Constructor"],"picked":"Singing Bowl","floor":8},{"not_picked":["bronze:GetLatest","bronze:DelayedSlice+1","bronze:Constructor"],"picked":"Singing Bowl","floor":10},{"not_picked":["bronze:WildBeam+1","bronze:CutThrough+1","bronze:FineTuning"],"picked":"Singing Bowl","floor":11},{"not_picked":["bronze:Turbo","bronze:BugBarrage+1","bronze:ChosenStrike+1"],"picked":"Singing Bowl","floor":12},{"not_picked":["bronze:WhirlingStrike+1","bronze:ForceShield","bronze:Constructor"],"picked":"Singing Bowl","floor":14},{"not_picked":["bronze:WhirlingStrike+1","bronze:DarkDash+1","bronze:Shield"],"picked":"Singing Bowl","floor":15}],"player_experience":622980,"relics_obtained":[{"floor":4,"key":"Blood Vial"},{"floor":4,"key":"Gremlin Horn"},{"floor":4,"key":"StoneCalendar"},{"floor":7,"key":"Smiling Mask"},{"floor":8,"key":"Kunai"},{"floor":10,"key":"Molten Egg 2"},{"floor":12,"key":"sneckomod:BlankCard"}],"event_choices":[],"is_beta":false,"boss_relics":[],"items_purged_floors":[6],"is_endless":false,"potions_floor_spawned":[2,10,12,15],"killed_by":"DF_ARCHETYPE_STREAMLINE","ascension_level":3}}