{"host":"idjwbq71yrpkph1r","time":1613259856,"event":{"mods":["Alarm Clock","BaseMod","Block Reminder","Colored Map","Colored Powertips","Curses Come First","Dark Map","Displayed Cursed Tome","Hermit","Minty Spire (QoL Compilation)","Monster B Gone","Morshu Shopkeeper","Rare Cards Sparkle","Relic Stats","StS++","StSLib","everything is the same but u backflip on backflip"],"gold_per_floor":[20,39,58,58,58,90,90,121,148,148,223,0,17,45,45,141,141,156,172,24,24,34,61,61,13,13,113,113,130,55,80,80,182,182,197,215,215,265,140,140,165,182,182,208,224,244,254,2,2,2],"floor_reached":51,"language":"ENG","playtime":2448,"items_purged":["Strike_R","Strike_R","Defend_R"],"score":826,"play_id":"909a868e-acd0-458d-a8fc-35718374c919","local_time":"20210214004416","is_ascension_mode":true,"campfire_choices":[{"data":"Anger","floor":7,"key":"SMITH"},{"data":"Rage","floor":10,"key":"SMITH"},{"data":"Clash","floor":15,"key":"SMITH"},{"data":"Anger","floor":24,"key":"SMITH"},{"floor":32,"key":"REST"},{"data":"Anger","floor":40,"key":"SMITH"},{"floor":49,"key":"REST"}],"circlet_count":0,"master_deck":["Defend_R","Anger+1","Clash+1","Rage+1","Juggernaut","Anger+1","Anger+1","Thunderclap","Demon Form","Battle Trance","Battle Trance","Rage+1","Anger+1","Flash of Steel","Rampage"],"relics":["Burning Blood","Regal Pillow","Oddly Smooth Stone","Red Skull","Lee\u0027s Waffle","Torii","SacredBark","Enchiridion","Shuriken","Pear","Gambling Chip","HornCleat","Mercury Hourglass","Empty Cage","Unceasing Top","Bag of Marbles","Ornamental Fan","PreservedInsect","Membership Card"],"acts_visited":["Exordium","TheCity","TheBeyond"],"potions_floor_usage":[6,8,16,23,23,27,31,50],"damage_taken":[{"damage":8,"enemies":"2 Louse","floor":1,"turns":3},{"damage":7,"enemies":"Small Slimes","floor":2,"turns":3},{"damage":7,"enemies":"Jaw Worm","floor":3,"turns":3},{"damage":25,"enemies":"3 Sentries","floor":6,"turns":9},{"damage":8,"enemies":"Lagavulin","floor":8,"turns":4},{"damage":0,"enemies":"2 Fungi Beasts","floor":13,"turns":3},{"damage":18,"enemies":"3 Sentries","floor":14,"turns":9},{"damage":29,"enemies":"The Guardian","floor":16,"turns":11},{"damage":7,"enemies":"Shell Parasite","floor":18,"turns":5},{"damage":24,"enemies":"2 Thieves","floor":19,"turns":4},{"damage":10,"enemies":"3 Cultists","floor":22,"turns":4},{"damage":29,"enemies":"Slavers","floor":23,"turns":5},{"damage":32,"enemies":"Colosseum Slavers","floor":27,"turns":4},{"damage":0,"enemies":"Colosseum Nobs","floor":27,"turns":3},{"damage":1,"enemies":"Centurion and Healer","floor":29,"turns":5},{"damage":8,"enemies":"Book of Stabbing","floor":31,"turns":5},{"damage":33,"enemies":"Collector","floor":33,"turns":7},{"damage":36,"enemies":"3 Shapes","floor":35,"turns":5},{"damage":19,"enemies":"3 Darklings","floor":36,"turns":3},{"damage":0,"enemies":"Mind Bloom Boss Battle","floor":38,"turns":3},{"damage":10,"enemies":"Reptomancer","floor":41,"turns":3},{"damage":19,"enemies":"4 Shapes","floor":42,"turns":2},{"damage":0,"enemies":"Jaw Worm Horde","floor":45,"turns":3},{"damage":6,"enemies":"3 Darklings","floor":46,"turns":3},{"damage":0,"enemies":"Sphere and 2 Shapes","floor":47,"turns":3},{"damage":50,"enemies":"Time Eater","floor":50,"turns":8}],"seed_played":"1886263199194578314","potions_obtained":[{"floor":1,"key":"Fire Potion"},{"floor":2,"key":"FearPotion"},{"floor":8,"key":"Fire Potion"},{"floor":22,"key":"Fire Potion"},{"floor":23,"key":"FairyPotion"},{"floor":27,"key":"SneckoOil"},{"floor":41,"key":"Weak Potion"},{"floor":46,"key":"Energy Potion"}],"is_trial":false,"path_per_floor":["M","M","M","?","$","E","R","E","T","R","?","$","M","E","R","B",null,"M","M","$","?","M","E","R","$","T","?","?","M","?","E","R","B",null,"M","M","?","?","$","R","E","M","T","T","M","M","M","$","R","B",null],"character_chosen":"IRONCLAD","items_purchased":["Lee\u0027s Waffle","BloodPotion","SteroidPotion","Membership Card","Flash of Steel","Rampage","StSpp:ScatteredPotion"],"campfire_rested":2,"item_purchase_floors":[12,20,25,48,48,48,48],"current_hp_per_floor":[78,77,76,76,76,57,57,55,55,55,44,87,87,75,75,52,87,86,68,68,52,48,59,59,59,69,49,49,54,54,52,96,69,97,67,54,54,60,60,60,56,43,43,43,49,49,55,55,92,48],"gold":2,"neow_bonus":"REMOVE_TWO","is_daily":false,"chose_seed":false,"campfire_upgraded":5,"win_rate":0.0,"timestamp":1613259856,"path_taken":["M","M","M","?","$","E","R","E","T","R","?","?","M","E","R","BOSS","M","M","$","?","M","E","R","$","T","?","?","M","?","E","R","BOSS","M","M","?","?","$","R","E","M","T","?","M","M","M","$","R","BOSS"],"items_purchased_type":["Relic","Potion","Potion","Relic","Card","Card","Potion"],"build_version":"2020-12-22","purchased_purges":3,"victory":true,"max_hp_per_floor":[80,80,80,80,80,80,80,80,80,80,80,87,87,87,87,87,87,87,87,87,87,87,87,87,87,97,97,97,97,97,97,97,97,97,97,97,92,92,92,92,92,92,92,92,92,92,92,92,92,92],"relic_stats":{"Regal Pillow":25,"Lee\u0027s Waffle":43,"Torii":36,"counters":[26,119],"Shuriken":[38],"Ornamental Fan":[52],"Gambling Chip":[7],"PreservedInsect":0,"obtain_stats":[{"Regal Pillow":6,"Lee\u0027s Waffle":12,"Pear":26,"Torii":14,"SacredBark":17,"Oddly Smooth Stone":8,"Enchiridion":21,"PreservedInsect":44,"Empty Cage":34,"Burning Blood":0,"Mercury Hourglass":31,"HornCleat":27,"Shuriken":23,"Ornamental Fan":43,"Gambling Chip":27,"Bag of Marbles":41,"Membership Card":48,"Red Skull":9,"Unceasing Top":38},{"Regal Pillow":4,"Lee\u0027s Waffle":5,"Pear":12,"Torii":7,"SacredBark":8,"Oddly Smooth Stone":5,"Enchiridion":10,"PreservedInsect":22,"Empty Cage":17,"Burning Blood":0,"Mercury Hourglass":16,"HornCleat":14,"Shuriken":12,"Ornamental Fan":22,"Gambling Chip":14,"Bag of Marbles":21,"Membership Card":25,"Red Skull":5,"Unceasing Top":20},{"Regal Pillow":18,"Lee\u0027s Waffle":22,"Pear":63,"Torii":34,"SacredBark":45,"Oddly Smooth Stone":22,"Enchiridion":54,"PreservedInsect":103,"Empty Cage":87,"Burning Blood":0,"Mercury Hourglass":80,"HornCleat":70,"Shuriken":63,"Ornamental Fan":103,"Gambling Chip":70,"Bag of Marbles":101,"Membership Card":111,"Red Skull":22,"Unceasing Top":98}],"Burning Blood":150,"Unceasing Top":[5],"Mercury Hourglass":[186]},"card_choices":[{"not_picked":["Rupture","Feel No Pain"],"picked":"Anger","floor":1},{"not_picked":["Body Slam","Clothesline","StSpp:Sprint"],"picked":"SKIP","floor":2},{"not_picked":["Havoc","Iron Wave"],"picked":"Clash","floor":3},{"not_picked":["Headbutt","Armaments","Perfected Strike"],"picked":"SKIP","floor":6},{"not_picked":["Hemokinesis","Limit Break"],"picked":"Rage","floor":8},{"not_picked":["Wild Strike","Searing Blow","Dark Embrace"],"picked":"SKIP","floor":13},{"not_picked":["True Grit","Blood for Blood","Dark Embrace"],"picked":"SKIP","floor":14},{"not_picked":["Offering","Limit Break"],"picked":"Juggernaut","floor":16},{"not_picked":["StSpp:Jab","Shockwave","StSpp:MuscleMemory"],"picked":"SKIP","floor":18},{"not_picked":["Twin Strike","Burning Pact+1","StSpp:Jab"],"picked":"SKIP","floor":19},{"not_picked":["Ghostly Armor","Clothesline"],"picked":"Anger","floor":22},{"not_picked":["Twin Strike","Sword Boomerang"],"picked":"Anger","floor":23},{"not_picked":["Headbutt+1","Body Slam"],"picked":"Thunderclap","floor":29},{"not_picked":["StSpp:Turnabout","Fire Breathing","Feel No Pain"],"picked":"SKIP","floor":31},{"not_picked":["Fiend Fire","Exhume"],"picked":"Demon Form","floor":33},{"not_picked":["Shockwave","Warcry"],"picked":"Battle Trance","floor":35},{"not_picked":["Blood for Blood","Infernal Blade+1"],"picked":"Battle Trance","floor":36},{"not_picked":["Rupture","Sword Boomerang+1"],"picked":"Rage+1","floor":41},{"not_picked":["Sword Boomerang","Havoc"],"picked":"Anger+1","floor":42},{"not_picked":["Blood for Blood","Armaments+1","Uppercut+1"],"picked":"SKIP","floor":45},{"not_picked":["Clothesline","Ghostly Armor","Body Slam"],"picked":"SKIP","floor":46},{"not_picked":["Blood for Blood+1","Sword Boomerang","Headbutt"],"picked":"SKIP","floor":47}],"player_experience":351887,"relics_obtained":[{"floor":6,"key":"Regal Pillow"},{"floor":8,"key":"Oddly Smooth Stone"},{"floor":9,"key":"Red Skull"},{"floor":14,"key":"Torii"},{"floor":23,"key":"Shuriken"},{"floor":26,"key":"Pear"},{"floor":27,"key":"Gambling Chip"},{"floor":27,"key":"HornCleat"},{"floor":31,"key":"Mercury Hourglass"},{"floor":38,"key":"Unceasing Top"},{"floor":41,"key":"Bag of Marbles"},{"floor":43,"key":"Ornamental Fan"},{"floor":44,"key":"PreservedInsect"}],"event_choices":[{"cards_removed":["Strike_R"],"damage_healed":0,"gold_gain":0,"player_choice":"Forget","damage_taken":0,"max_hp_gain":0,"max_hp_loss":0,"event_name":"Living Wall","floor":4,"gold_loss":0},{"damage_healed":0,"gold_gain":75,"player_choice":"Gather Gold","damage_taken":11,"max_hp_gain":0,"max_hp_loss":0,"event_name":"World of Goop","floor":11,"gold_loss":0},{"damage_healed":0,"gold_gain":0,"player_choice":"Obtained Book","damage_taken":16,"max_hp_gain":0,"max_hp_loss":0,"event_name":"Cursed Tome","floor":21,"gold_loss":0},{"damage_healed":0,"gold_gain":0,"player_choice":"Fight","damage_taken":0,"max_hp_gain":0,"max_hp_loss":0,"event_name":"Colosseum","floor":27,"gold_loss":0},{"damage_healed":0,"gold_gain":0,"player_choice":"Fought Nobs","damage_taken":0,"max_hp_gain":0,"max_hp_loss":0,"event_name":"Colosseum","floor":27,"gold_loss":0},{"damage_healed":0,"gold_gain":0,"player_choice":"Ignored","damage_taken":0,"max_hp_gain":0,"max_hp_loss":0,"event_name":"Ghosts","floor":28,"gold_loss":0},{"cards_removed":["Strike_R"],"damage_healed":0,"gold_gain":0,"player_choice":"Gave Gold","damage_taken":0,"max_hp_gain":0,"max_hp_loss":0,"event_name":"Beggar","floor":30,"gold_loss":75},{"damage_healed":0,"gold_gain":0,"player_choice":"Max HP","damage_taken":0,"max_hp_gain":0,"max_hp_loss":5,"event_name":"Winding Halls","floor":37,"gold_loss":0},{"damage_healed":0,"gold_gain":0,"player_choice":"Fight","damage_taken":0,"max_hp_gain":0,"max_hp_loss":0,"event_name":"MindBloom","floor":38,"gold_loss":0}],"is_beta":false,"boss_relics":[{"not_picked":["Philosopher\u0027s Stone","Fusion Hammer"],"picked":"SacredBark"},{"not_picked":["Mark of Pain","StSpp:Balance"],"picked":"Empty Cage"}],"items_purged_floors":[12,20,39],"is_endless":false,"potions_floor_spawned":[1,2,8,22,23,27,27,41,46],"ascension_level":2}}