{"host":"ootck85h63laxowj","time":1613228633,"event":{"mods":["Act Like it!","Aspiration","BaseMod","Conspire","Lobotomy","Minty Spire (QoL Compilation)","Prisma Mod","Small Relic Pack","StSLib"],"gold_per_floor":[117,129,142,67,67,92,12,22,45,45,60,60,60,70,70,70,70],"floor_reached":16,"language":"ZHS","playtime":835,"items_purged":["PrismaMod:ChloeCommonAttack","conspire:GhostlyDefend"],"score":152,"play_id":"785d34d7-9615-4bfd-b57e-37b0ea7a85d2","local_time":"20210213230353","is_ascension_mode":false,"campfire_choices":[{"data":"PrismaMod:ChloeAnyCommonTrace","floor":10,"key":"SMITH"},{"data":"PrismaMod:ChloeAnySkillTrace","floor":13,"key":"SMITH"},{"floor":15,"key":"REST"}],"circlet_count":0,"master_deck":["conspire:GhostlyStrike","conspire:GhostlyStrike","conspire:GhostlyStrike","conspire:GhostlyStrike","conspire:GhostlyDefend","conspire:GhostlyDefend","conspire:GhostlyDefend","conspire:GhostlyDefend","PrismaMod:ChloeCheapAttack","PrismaMod:ChloeCheapDefend","Scorched","WallGazer","PrismaMod:ChloeAnyCommonTrace+1","MHz","OSAHOGD","Wellcheers","SingingMachine","PrismaMod:ChloeAnySkillTrace+1","GalaxyChild"],"relics":["PrismaMod:PrismaTraceOn","CogitoBucket","The Courier","Centennial Puzzle","HellTrain"],"acts_visited":["Exordium"],"potions_floor_usage":[11],"damage_taken":[{"damage":0,"enemies":"Small Slimes","floor":1,"turns":4},{"damage":1,"enemies":"Jaw Worm","floor":2,"turns":3},{"damage":0,"enemies":"2 Louse","floor":3,"turns":1},{"damage":21,"enemies":"Gremlin Nob","floor":6,"turns":4},{"damage":12,"enemies":"Red Slaver","floor":8,"turns":3},{"damage":18,"enemies":"2 Fungi Beasts","floor":11,"turns":1},{"damage":2,"enemies":"Gremlin Gang","floor":14,"turns":1},{"damage":53,"enemies":"The Guardian","floor":16,"turns":4}],"seed_played":"-2782844645237148363","potions_obtained":[{"floor":3,"key":"DuplicationPotion"},{"floor":14,"key":"SteroidPotion"}],"is_trial":false,"path_per_floor":["M","M","M","$","?","E","$","M","T","R","M","?","R","M","R","B"],"character_chosen":"CHLOE","items_purchased":[],"campfire_rested":1,"item_purchase_floors":[],"current_hp_per_floor":[75,74,74,74,74,56,56,44,44,44,26,26,26,24,46,0,0],"gold":70,"neow_bonus":"","is_daily":false,"chose_seed":false,"campfire_upgraded":2,"win_rate":0.0,"timestamp":1613228633,"path_taken":["M","M","M","$","?","E","$","M","T","R","M","?","R","M","R","BOSS"],"items_purchased_type":[],"build_version":"2020-12-22","purchased_purges":2,"victory":false,"max_hp_per_floor":[75,75,75,75,75,75,75,75,75,75,75,75,75,75,75,75,75],"card_choices":[{"not_picked":["SpiderBud","MeatLantern"],"picked":"Scorched","floor":1},{"not_picked":["PrismaMod:ChloeCheapDefendTwo","PrismaMod:ChloeCheapAttackTwo","PrismaMod:ChloeExhaustOne"],"picked":"SKIP","floor":1},{"not_picked":["MeatLantern","SnowQueen"],"picked":"WallGazer","floor":2},{"not_picked":["PrismaMod:ChloeMaid","PrismaMod:ChloeMordred"],"picked":"PrismaMod:ChloeAnyCommonTrace","floor":2},{"not_picked":["VoidDream","Murderer"],"picked":"MHz","floor":3},{"not_picked":["PrismaMod:ChloeCheapDefendTwo","PrismaMod:ChloeUncommonDefend","PrismaMod:ChloeCommonAOEAttack"],"picked":"SKIP","floor":3},{"not_picked":["FairyFestival","CherryBlossoms","WhitesApple"],"picked":"Singing Bowl","floor":6},{"not_picked":["Bloodbath","Mercenary"],"picked":"OSAHOGD","floor":6},{"not_picked":["PrismaMod:ChloeCheapAttackTwo","PrismaMod:ChloeDiscardRecovery","PrismaMod:ChloeExhaustOne"],"picked":"SKIP","floor":6},{"not_picked":["GreedKing","Porccubus","Murderer"],"picked":"Singing Bowl","floor":8},{"not_picked":["Woodsman","LittlePrince"],"picked":"Wellcheers","floor":8},{"not_picked":["PrismaMod:ChloeCheapAttackTwo","PrismaMod:ChloeCommonAOEAttack","PrismaMod:ChloeCheapDefend"],"picked":"SKIP","floor":8},{"not_picked":["PunishingBird","CrumblingArmor"],"picked":"SingingMachine","floor":11},{"not_picked":["PrismaMod:ChloeRitsuka","PrismaMod:ChloeCommonAOEAttack"],"picked":"PrismaMod:ChloeAnySkillTrace","floor":11},{"not_picked":["MeatLantern","GreedKing"],"picked":"GalaxyChild","floor":14},{"not_picked":["PrismaMod:ChloeRuleBreaker","PrismaMod:ChloeCheapAttackTwo","PrismaMod:ChloeBetterTracePools"],"picked":"SKIP","floor":14}],"player_experience":162684,"relics_obtained":[{"floor":6,"key":"The Courier"},{"floor":9,"key":"Centennial Puzzle"}],"event_choices":[{"damage_healed":0,"gold_gain":0,"player_choice":"Agree","damage_taken":0,"max_hp_gain":0,"max_hp_loss":0,"event_name":"conspire:LoneGhost","floor":5,"gold_loss":0},{"damage_healed":0,"gold_gain":0,"player_choice":"Leave","damage_taken":0,"max_hp_gain":0,"max_hp_loss":0,"event_name":"conspire:Investor","floor":12,"gold_loss":0}],"is_beta":false,"boss_relics":[],"items_purged_floors":[4,7],"is_endless":false,"potions_floor_spawned":[3,14],"killed_by":"The Guardian","ascension_level":0}}