{"host":"6rz02yiipefhcw4r","time":1613216343,"event":{"mods":["2.2 Compatiblity","BaseMod","Block Reminder","Colored Map","Curses Come First","DeckTracker","Googly Eyes","Minty Spire (QoL Compilation)","Quick Restart","Rare Cards Sparkle","StSLib"],"gold_per_floor":[112,112,126,22,22,62,62,101,101,101,114,133,208,224,224,320,320,339,339,362,381,10,10,10,10],"floor_reached":24,"language":"ENG","playtime":858,"items_purged":["Doubt"],"score":412,"play_id":"3c95c19f-6ae5-4ef8-84a2-470fe27029f2","local_time":"20210213093903","is_ascension_mode":true,"campfire_choices":[{"floor":7,"key":"REST"},{"data":"Apotheosis","floor":10,"key":"SMITH"},{"data":"Caltrops","floor":15,"key":"SMITH"},{"floor":23,"key":"REST"}],"circlet_count":0,"master_deck":["AscendersBane","Strike_G","Strike_G+1","Strike_G","Strike_G","Strike_G","Defend_G","Defend_G","Defend_G","Defend_G","Defend_G","Survivor","Neutralize","Apotheosis+1","Quick Slash","Crippling Poison","Backflip+1","Bouncing Flask","PiercingWail","Caltrops+1","Blade Dance","Adrenaline","Bullet Time","PiercingWail+1","Sucker Punch","Noxious Fumes"],"relics":["Ring of the Snake","Golden Idol","Lizard Tail","StrikeDummy","Pantograph","Sozu","OrangePellets","PreservedInsect"],"acts_visited":["Exordium","TheCity"],"potions_floor_usage":[8,16,21],"damage_taken":[{"damage":7,"enemies":"Jaw Worm","floor":1,"turns":4},{"damage":10,"enemies":"Small Slimes","floor":3,"turns":4},{"damage":13,"enemies":"Lagavulin","floor":6,"turns":10},{"damage":30,"enemies":"Gremlin Nob","floor":8,"turns":4},{"damage":0,"enemies":"2 Louse","floor":11,"turns":3},{"damage":0,"enemies":"Blue Slaver","floor":12,"turns":4},{"damage":1,"enemies":"2 Fungi Beasts","floor":14,"turns":4},{"damage":9,"enemies":"Hexaghost","floor":16,"turns":8},{"damage":0,"enemies":"2 Thieves","floor":18,"turns":4},{"damage":4,"enemies":"3 Byrds","floor":20,"turns":3},{"damage":38,"enemies":"Cultist and Chosen","floor":21,"turns":6},{"damage":32,"enemies":"Book of Stabbing","floor":24,"turns":4}],"seed_played":"-2934095026558256624","potions_obtained":[{"floor":1,"key":"Explosive Potion"},{"floor":8,"key":"Poison Potion"},{"floor":14,"key":"LiquidMemories"}],"is_trial":false,"path_per_floor":["M","?","M","$","?","E","R","E","T","R","M","M","?","M","R","B",null,"M","?","M","M","$","R","E"],"character_chosen":"THE_SILENT","items_purchased":["Backflip","Noxious Fumes","OrangePellets","PreservedInsect"],"campfire_rested":2,"item_purchase_floors":[4,22,22,22],"current_hp_per_floor":[52,52,42,42,24,11,29,30,30,30,30,30,19,18,18,34,54,54,54,50,12,12,30,0,0],"gold":10,"neow_bonus":"RANDOM_COLORLESS_2","is_daily":false,"chose_seed":false,"campfire_upgraded":2,"win_rate":0.0,"timestamp":1613216343,"path_taken":["M","?","M","$","?","E","R","E","T","R","M","M","?","M","R","BOSS","M","?","M","M","$","R","E"],"items_purchased_type":["Card","Card","Relic","Relic"],"build_version":"2020-12-22","purchased_purges":1,"victory":false,"max_hp_per_floor":[66,60,60,60,60,60,60,60,60,60,60,60,60,60,60,60,60,60,60,60,60,60,60,60,60],"card_choices":[{"not_picked":["Master of Strategy","The Bomb"],"picked":"Apotheosis","floor":0},{"not_picked":["Finisher","Deflect"],"picked":"Quick Slash","floor":1},{"not_picked":["Quick Slash","Dagger Throw"],"picked":"Crippling Poison","floor":3},{"not_picked":["Acrobatics","Calculated Gamble"],"picked":"Bouncing Flask","floor":6},{"not_picked":["Distraction","Cloak And Dagger"],"picked":"PiercingWail","floor":8},{"not_picked":["Bane","Masterful Stab"],"picked":"Caltrops","floor":11},{"not_picked":["Accuracy","PiercingWail"],"picked":"Blade Dance","floor":12},{"not_picked":["Distraction","Flechettes"],"picked":"Adrenaline","floor":14},{"not_picked":["Malaise","Phantasmal Killer"],"picked":"Bullet Time","floor":16},{"not_picked":["Outmaneuver","Dagger Throw","Infinite Blades+1"],"picked":"SKIP","floor":18},{"not_picked":["Backstab","Blade Dance+1"],"picked":"PiercingWail+1","floor":20},{"not_picked":["Prepared","Blade Dance"],"picked":"Sucker Punch","floor":21}],"player_experience":807324,"relics_obtained":[{"floor":6,"key":"Lizard Tail"},{"floor":8,"key":"StrikeDummy"},{"floor":9,"key":"Pantograph"}],"event_choices":[{"damage_healed":0,"gold_gain":0,"player_choice":"Lose Max HP","damage_taken":0,"relics_obtained":["Golden Idol"],"max_hp_gain":0,"max_hp_loss":6,"event_name":"Golden Idol","floor":2,"gold_loss":0},{"damage_healed":0,"gold_gain":0,"player_choice":"Entered Light","damage_taken":18,"max_hp_gain":0,"max_hp_loss":0,"event_name":"Shining Light","floor":5,"gold_loss":0,"cards_upgraded":["Strike_G","Backflip"]},{"damage_healed":0,"gold_gain":75,"player_choice":"Gather Gold","damage_taken":11,"max_hp_gain":0,"max_hp_loss":0,"event_name":"World of Goop","floor":13,"gold_loss":0},{"damage_healed":0,"gold_gain":0,"player_choice":"Ignored","damage_taken":0,"max_hp_gain":0,"max_hp_loss":0,"event_name":"The Mausoleum","floor":19,"gold_loss":0}],"is_beta":false,"boss_relics":[{"not_picked":["Snecko Eye","Philosopher\u0027s Stone"],"picked":"Sozu"}],"items_purged_floors":[4],"is_endless":false,"potions_floor_spawned":[1,8,14],"killed_by":"Book of Stabbing","ascension_level":20}}