{"host":"8nctav4lo34mnono","time":1613175580,"event":{"mods":["BaseMod","Bestiary","Highlight Path","Minty Spire (QoL Compilation)","Relic Stats","Slay the Relics Exporter"],"gold_per_floor":[161,176,193,211,231,231,244,275,275,288,288,308,308,343,343,454,454,473,473,21,43,43,43],"floor_reached":22,"language":"ENG","playtime":993,"items_purged":["Strike_B"],"score":250,"play_id":"273bfae1-6cac-4a51-bf8b-a5b1b964a202","local_time":"20210213001940","is_ascension_mode":true,"campfire_choices":[{"data":"Coolheaded","floor":6,"key":"SMITH"},{"floor":13,"key":"REST"},{"floor":15,"key":"REST"}],"circlet_count":0,"master_deck":["Strike_B","Strike_B+1","Strike_B","Defend_B","Defend_B","Defend_B","Defend_B","Zap","Dualcast","Beam Cell","Coolheaded+1","Ball Lightning","Ball Lightning","Buffer","Chill","Hologram","Static Discharge","Static Discharge","Amplify","Stack","Heatsinks","Reinforced Body"],"relics":["Tiny House","Singing Bowl","Emotion Chip","CeramicFish","Snecko Eye","Bottled Tornado","WingedGreaves"],"acts_visited":["Exordium","TheCity"],"potions_floor_usage":[16,16,16,16,21,21,21],"damage_taken":[{"damage":2,"enemies":"2 Louse","floor":1,"turns":3},{"damage":1,"enemies":"Cultist","floor":2,"turns":3},{"damage":2,"enemies":"Jaw Worm","floor":3,"turns":3},{"damage":1,"enemies":"Looter","floor":4,"turns":4},{"damage":22,"enemies":"Exordium Thugs","floor":5,"turns":4},{"damage":0,"enemies":"Exordium Wildlife","floor":7,"turns":4},{"damage":34,"enemies":"Gremlin Nob","floor":8,"turns":4},{"damage":6,"enemies":"Looter","floor":10,"turns":2},{"damage":10,"enemies":"Exordium Thugs","floor":12,"turns":4},{"damage":19,"enemies":"3 Sentries","floor":14,"turns":5},{"damage":44,"enemies":"The Guardian","floor":16,"turns":9},{"damage":26,"enemies":"Shell Parasite","floor":18,"turns":6},{"damage":19,"enemies":"3 Byrds","floor":21,"turns":5},{"damage":35,"enemies":"Shelled Parasite and Fungi","floor":22,"turns":5}],"seed_played":"8014778189017139552","potions_obtained":[{"floor":0,"key":"BlessingOfTheForge"},{"floor":2,"key":"Strength Potion"},{"floor":5,"key":"LiquidBronze"},{"floor":7,"key":"EntropicBrew"},{"floor":16,"key":"Regen Potion"},{"floor":18,"key":"LiquidMemories"}],"is_trial":false,"path_per_floor":["M","M","M","M","M","R","M","E","T","M","?","M","R","E","R","B",null,"M","T","$","M","M"],"character_chosen":"DEFECT","items_purchased":["WingedGreaves","Heatsinks"],"campfire_rested":2,"item_purchase_floors":[20,20],"current_hp_per_floor":[78,77,75,74,52,52,52,20,20,14,14,6,31,14,39,10,67,41,41,41,27,0,0],"gold":43,"neow_bonus":"BOSS_RELIC","is_daily":false,"chose_seed":false,"campfire_upgraded":1,"win_rate":0.0,"timestamp":1613175580,"path_taken":["M","M","M","M","M","R","M","E","T","M","?","M","R","E","R","BOSS","M","?","?","M","M"],"items_purchased_type":["Relic","Card"],"build_version":"2020-12-22","purchased_purges":1,"victory":false,"max_hp_per_floor":[80,80,80,80,80,80,80,82,82,82,82,84,84,86,86,86,86,86,86,86,86,86,86],"relic_stats":{"Emotion Chip":[41,29,12,0,0],"Singing Bowl":6,"counters":[14,61],"CeramicFish":36,"Snecko Eye":[27,26,37,29],"obtain_stats":[{"Emotion Chip":9,"Tiny House":0,"Singing Bowl":8,"CeramicFish":14,"Snecko Eye":17,"WingedGreaves":20,"Bottled Tornado":19,"Cracked Core":0},{"Emotion Chip":7,"Tiny House":0,"Singing Bowl":7,"CeramicFish":10,"Snecko Eye":11,"WingedGreaves":12,"Bottled Tornado":12,"Cracked Core":0},{"Emotion Chip":25,"Tiny House":0,"Singing Bowl":25,"CeramicFish":36,"Snecko Eye":45,"WingedGreaves":51,"Bottled Tornado":51,"Cracked Core":0}]},"card_choices":[{"not_picked":["Barrage","Auto Shields"],"picked":"Beam Cell","floor":0},{"not_picked":["Double Energy","Leap"],"picked":"Coolheaded","floor":1},{"not_picked":["Fusion","Cold Snap"],"picked":"Ball Lightning","floor":2},{"not_picked":["Stack","Leap"],"picked":"Ball Lightning","floor":3},{"not_picked":["Sweeping Beam","Cold Snap"],"picked":"Buffer","floor":4},{"not_picked":["Chaos","Undo"],"picked":"Chill","floor":5},{"not_picked":["Steam","Sweeping Beam"],"picked":"Hologram","floor":7},{"not_picked":["Redo","Hello World","Heatsinks"],"picked":"Singing Bowl","floor":8},{"not_picked":["Turbo","Go for the Eyes"],"picked":"Static Discharge","floor":10},{"not_picked":["Scrape","Leap","Streamline"],"picked":"Singing Bowl","floor":12},{"not_picked":["Redo","Beam Cell","Undo"],"picked":"Singing Bowl","floor":14},{"not_picked":["Buffer","Creative AI"],"picked":"Amplify","floor":16},{"not_picked":["Rebound","Gash"],"picked":"Stack","floor":18},{"not_picked":["Steam","Darkness"],"picked":"Reinforced Body","floor":21}],"player_experience":387745,"relics_obtained":[{"floor":8,"key":"Singing Bowl"},{"floor":9,"key":"Emotion Chip"},{"floor":14,"key":"CeramicFish"},{"floor":19,"key":"Bottled Tornado"}],"event_choices":[{"damage_healed":0,"gold_gain":0,"player_choice":"1 cards matched","damage_taken":0,"max_hp_gain":0,"max_hp_loss":0,"event_name":"Match and Keep!","floor":11,"gold_loss":0,"cards_obtained":["Static Discharge"]}],"is_beta":false,"boss_relics":[{"not_picked":["Fusion Hammer","Sozu"],"picked":"Snecko Eye"}],"items_purged_floors":[20],"is_endless":false,"potions_floor_spawned":[2,5,7,16,18],"killed_by":"Shelled Parasite and Fungi","ascension_level":5}}