{"host":"qbjtml023iza03hb","time":1613254594,"event":{"mods":["AchievementEnabler","BaseMod","Better Sensory Stone","Better Skull","Minty Spire (QoL Compilation)","StSLib"],"gold_per_floor":[18,18,35,51,66,66,241,241,241,254,329,359,116,130,130,230,230,250,175,175,3,19,0,0,32,101,134,134,13,13,46,46,147,147,162,162,1161,1178,1195,1195,1222,1222,1274,1300,1300,1353,1353,0,0,0,0,0,0,26,26],"floor_reached":56,"language":"FRA","playtime":4284,"items_purged":["Doubt","Strike_G","Strike_G"],"score":1483,"play_id":"c8b36960-0387-4fba-b267-9d4290265596","local_time":"20210213231634","is_ascension_mode":true,"campfire_choices":[{"data":"Dagger Spray","floor":6.0,"key":"SMITH"},{"data":"Predator","floor":8.0,"key":"SMITH"},{"data":"Apotheosis","floor":15.0,"key":"SMITH"},{"data":"Well Laid Plans","floor":28.0,"key":"SMITH"},{"floor":30.0,"key":"RECALL"},{"data":"Accuracy","floor":32.0,"key":"SMITH"},{"data":"Prepared","floor":40.0,"key":"SMITH"},{"floor":42.0,"key":"REST"},{"floor":45.0,"key":"REST"},{"floor":49.0,"key":"REST"},{"data":"Tools of the Trade","floor":52.0,"key":"SMITH"}],"circlet_count":0,"master_deck":["Defend_G","Defend_G","Defend_G","Survivor","Neutralize","Storm of Steel","Dagger Spray+1","Cloak And Dagger","Blur","Predator+1","Terror","Apotheosis+1","Leg Sweep","Burst","Calculated Gamble+1","Flechettes+1","Terror+1","Dagger Throw","Blade Dance","Well Laid Plans+1","Eviscerate","Accuracy+1","Tools of the Trade+1","Prepared+1","Backflip+1","Blade Dance+1","Deflect+1","Finisher+1","Acrobatics","Outmaneuver","Magnetism","Dark Shackles"],"relics":["Ring of the Snake","Mango","Tingsha","Astrolabe","Omamori","Happy Flower","The Courier","Singing Bowl","Art of War","WristBlade","Anchor","Calipers","Pocketwatch","Letter Opener","Potion Belt","TheAbacus","Vajra","Pen Nib","Regal Pillow","StoneCalendar"],"acts_visited":["Exordium","TheCity","TheBeyond","TheEnding"],"potions_floor_usage":[55,55,55,55],"damage_taken":[{"damage":1.0,"enemies":"Jaw Worm","floor":1.0,"turns":6.0},{"damage":3.0,"enemies":"Small Slimes","floor":3.0,"turns":3.0},{"damage":8.0,"enemies":"2 Louse","floor":4.0,"turns":2.0},{"damage":0.0,"enemies":"Large Slime","floor":5.0,"turns":5.0},{"damage":3.0,"enemies":"Looter","floor":10.0,"turns":2.0},{"damage":21.0,"enemies":"Gremlin Nob","floor":12.0,"turns":4.0},{"damage":0.0,"enemies":"3 Louse","floor":14.0,"turns":2.0},{"damage":8.0,"enemies":"The Guardian","floor":16.0,"turns":10.0},{"damage":14.0,"enemies":"Shell Parasite","floor":18.0,"turns":4.0},{"damage":0.0,"enemies":"2 Thieves","floor":22.0,"turns":1.0},{"damage":0.0,"enemies":"Gremlin Leader","floor":25.0,"turns":4.0},{"damage":6.0,"enemies":"Slavers","floor":27.0,"turns":4.0},{"damage":0.0,"enemies":"Gremlin Leader","floor":31.0,"turns":4.0},{"damage":32.0,"enemies":"Champ","floor":33.0,"turns":8.0},{"damage":12.0,"enemies":"3 Darklings","floor":35.0,"turns":3.0},{"damage":3.0,"enemies":"3 Shapes","floor":38.0,"turns":3.0},{"damage":0.0,"enemies":"Transient","floor":39.0,"turns":5.0},{"damage":35.0,"enemies":"Reptomancer","floor":41.0,"turns":4.0},{"damage":0.0,"enemies":"Giant Head","floor":44.0,"turns":5.0},{"damage":17.0,"enemies":"2 Orb Walkers","floor":46.0,"turns":3.0},{"damage":25.0,"enemies":"Donu and Deca","floor":50.0,"turns":5.0},{"damage":23.0,"enemies":"Shield and Spear","floor":54.0,"turns":5.0},{"damage":68,"enemies":"The Heart","floor":55,"turns":6}],"seed_played":"3898987532502769238","potions_obtained":[{"floor":3.0,"key":"Fire Potion"},{"floor":12.0,"key":"AttackPotion"},{"floor":16.0,"key":"SteroidPotion"},{"floor":22.0,"key":"ColorlessPotion"},{"floor":25.0,"key":"Block Potion"},{"floor":31.0,"key":"Fire Potion"},{"floor":35.0,"key":"SkillPotion"},{"floor":38.0,"key":"SkillPotion"},{"floor":41.0,"key":"DistilledChaos"}],"is_trial":false,"path_per_floor":["M","$","M","M","M","R","?","R","T","M","?","E","$","M","R","B",null,"M","?","?","$","M","?","$","E","T","E","R","$","R","E","R","B",null,"M","?","?","M","M","R","E","R","T","E","R","?","?","$","R","B",null,"R","$","E","B",null],"character_chosen":"THE_SILENT","items_purchased":["Apotheosis","Omamori","Blade Dance","Swift Potion","Ancient Potion","Fruit Juice","CultistPotion","Acrobatics","Outmaneuver","Potion Belt","TheAbacus","Vajra","Pen Nib","GamblersBrew","Fire Potion","Strength Potion","Magnetism","Dark Shackles","Regal Pillow"],"campfire_rested":3,"item_purchase_floors":[13,21,21,29,48,48,48,48,48,48,48,48,48,48,48,48,48,48,48],"current_hp_per_floor":[69,69,66,58,58,58,58,58,72,69,58,37,37,37,37,29,84,70,70,70,70,70,70,70,70,70,66,66,66,66,66,66,34,86,74,74,74,71,71,71,38,64,64,64,88,71,71,76,93,68,93,93,93,72,4],"gold":26,"neow_bonus":"THREE_RARE_CARDS","is_daily":false,"chose_seed":false,"campfire_upgraded":7,"win_rate":0.0,"timestamp":1613254594,"path_taken":["M","$","M","M","M","R","?","R","T","M","?","E","$","M","R","BOSS","M","?","?","$","M","?","$","E","T","E","R","$","R","E","R","BOSS","M","?","?","M","M","R","E","R","T","E","R","?","?","$","R","BOSS","R","$","E","BOSS"],"items_purchased_type":["Card","Relic","Card","Potion","Potion","Potion","Potion","Card","Card","Relic","Relic","Relic","Relic","Potion","Potion","Potion","Card","Card","Relic"],"build_version":"2020-12-22","purchased_purges":3,"victory":true,"max_hp_per_floor":[70,70,70,70,70,70,70,70,84,84,84,84,84,84,84,84,84,84,84,84,84,84,84,84,84,84,86,86,86,86,86,86,86,86,86,86,86,86,86,86,88,88,88,88,88,88,88,93,93,93,93,93,93,95,95],"card_choices":[{"not_picked":["A Thousand Cuts","Night Terror"],"picked":"Storm of Steel","floor":0.0},{"not_picked":["PiercingWail","Backflip"],"picked":"Dagger Spray","floor":1.0},{"not_picked":["Bane","Dodge and Roll"],"picked":"Cloak And Dagger","floor":3.0},{"not_picked":["Slice","Acrobatics"],"picked":"Blur","floor":4.0},{"not_picked":["Skewer","Deadly Poison"],"picked":"Predator","floor":5.0},{"not_picked":["Heel Hook","Infinite Blades"],"picked":"Terror","floor":10.0},{"not_picked":["Outmaneuver","Deflect","Cloak And Dagger"],"picked":"SKIP","floor":12.0},{"not_picked":["Riddle With Holes","Catalyst"],"picked":"Leg Sweep","floor":14.0},{"not_picked":["Bullet Time","Night Terror"],"picked":"Burst","floor":16.0},{"not_picked":["Slice","PiercingWail"],"picked":"Dagger Throw","floor":18.0},{"not_picked":["Flying Knee","Predator"],"picked":"Well Laid Plans","floor":22.0},{"not_picked":["Blade Dance","Corpse Explosion"],"picked":"Eviscerate","floor":25.0},{"not_picked":["Flying Knee","Backstab","A Thousand Cuts"],"picked":"Singing Bowl","floor":27.0},{"not_picked":["Finisher","Catalyst"],"picked":"Accuracy","floor":31.0},{"not_picked":["A Thousand Cuts","Venomology"],"picked":"Tools of the Trade","floor":33.0},{"not_picked":["Poisoned Stab","Dagger Throw+1"],"picked":"Prepared","floor":35.0},{"not_picked":["Flying Knee","Endless Agony"],"picked":"Backflip+1","floor":38.0},{"not_picked":["Riddle With Holes","Flechettes+1"],"picked":"Blade Dance+1","floor":39.0},{"not_picked":["Quick Slash+1","Backstab","Flying Knee+1"],"picked":"Singing Bowl","floor":41.0},{"not_picked":["Doppelganger","Distraction"],"picked":"Deflect+1","floor":44.0},{"not_picked":["Blade Dance+1","Outmaneuver+1"],"picked":"Finisher+1","floor":46.0},{"not_picked":["Flechettes+1","Heel Hook","Deadly Poison"],"picked":"Singing Bowl","floor":54.0}],"player_experience":291850,"relics_obtained":[{"floor":9.0,"key":"Mango"},{"floor":12.0,"key":"Tingsha"},{"floor":25.0,"key":"Happy Flower"},{"floor":26.0,"key":"The Courier"},{"floor":27.0,"key":"Singing Bowl"},{"floor":31.0,"key":"Art of War"},{"floor":41.0,"key":"Anchor"},{"floor":44.0,"key":"Calipers"},{"floor":46.0,"key":"Pocketwatch"},{"floor":47.0,"key":"Letter Opener"},{"floor":54.0,"key":"StoneCalendar"}],"event_choices":[{"damage_healed":0.0,"max_hp_gain":0.0,"max_hp_loss":0.0,"gold_gain":175.0,"event_name":"Liars Game","player_choice":"AGREE","floor":7.0,"gold_loss":0.0,"damage_taken":0.0,"cards_obtained":["Doubt"]},{"damage_healed":0.0,"max_hp_gain":0.0,"max_hp_loss":0.0,"gold_gain":75.0,"event_name":"World of Goop","player_choice":"Gather Gold","floor":11.0,"gold_loss":0.0,"damage_taken":11.0},{"cards_removed":["Strike_G"],"damage_healed":0.0,"max_hp_gain":0.0,"max_hp_loss":0.0,"gold_gain":0.0,"event_name":"Beggar","player_choice":"Gave Gold","floor":19.0,"gold_loss":75.0,"damage_taken":0.0},{"cards_removed":["Strike_G"],"damage_healed":0.0,"max_hp_gain":0.0,"max_hp_loss":0.0,"gold_gain":0.0,"event_name":"Back to Basics","player_choice":"Elegance","floor":20.0,"gold_loss":0.0,"damage_taken":0.0},{"damage_healed":0.0,"max_hp_gain":0.0,"max_hp_loss":0.0,"gold_gain":0.0,"event_name":"Masked Bandits","player_choice":"Paid Fearfully","floor":23.0,"gold_loss":19.0,"damage_taken":0.0},{"damage_healed":0.0,"max_hp_gain":0.0,"max_hp_loss":0.0,"gold_gain":0.0,"event_name":"Tomb of Lord Red Mask","player_choice":"Ignored","floor":36.0,"gold_loss":0.0,"damage_taken":0.0},{"damage_healed":0.0,"max_hp_gain":0.0,"max_hp_loss":0.0,"gold_gain":999.0,"event_name":"MindBloom","player_choice":"Gold","floor":37.0,"gold_loss":0.0,"damage_taken":0.0,"cards_obtained":["Normality","Normality"]},{"damage_healed":0.0,"max_hp_gain":0.0,"max_hp_loss":0.0,"gold_gain":0.0,"event_name":"Mysterious Sphere","player_choice":"Fight","floor":46.0,"gold_loss":0.0,"damage_taken":0.0},{"damage_healed":0.0,"max_hp_gain":0.0,"max_hp_loss":0.0,"gold_gain":0.0,"event_name":"Wheel of Change","player_choice":"Relic","floor":47.0,"gold_loss":0.0,"damage_taken":0.0}],"is_beta":false,"boss_relics":[{"not_picked":["Runic Pyramid","Busted Crown"],"picked":"Astrolabe"},{"not_picked":["Fusion Hammer","Runic Dome"],"picked":"WristBlade"}],"items_purged_floors":[13,29,48],"is_endless":false,"potions_floor_spawned":[3,12,16,22,25,31,35,38,41],"ascension_level":3}}