{"host":"06x7ibqulglyn97c","time":1613199012,"event":{"mods":["AchievementEnabler","BaseMod","Downfall","Minty Spire (QoL Compilation)","Rare Cards Sparkle","Relic Sorter","Relic Stats","StSLib","The Awakened One except there are too many feathers"],"gold_per_floor":[99,111,96,196,206,222,222,222,222,235,245,258,276,291,307,307,307,307],"floor_reached":16,"language":"ENG","playtime":1099,"items_purged":[],"score":98,"play_id":"b807dca8-112c-4b06-aee4-fd50a4211699","local_time":"20210213065012","is_ascension_mode":false,"campfire_choices":[{"data":"bronze:Replicate","floor":1,"key":"SMITH"},{"data":"bronze:Overload","floor":9,"key":"SMITH"}],"circlet_count":0,"master_deck":["bronze:Strike","bronze:Strike","bronze:Strike","bronze:Strike","bronze:Defend","bronze:Defend","bronze:Defend","bronze:Defend","bronze:Replicate+1","bronze:Goto","bronze:FineTuning+1","bronze:Overload+1","bronze:Optimize","bronze:FineTuning","bronze:Branch","bronze:Mutator"],"relics":["bronze:BronzeCore","Sundial"],"acts_visited":["Exordium"],"potions_floor_usage":[13,16,16],"damage_taken":[{"damage":1,"enemies":"Jaw Worm","floor":2,"turns":5},{"damage":0,"enemies":"downfall:FleeingMerchant","floor":3,"turns":4},{"damage":0,"enemies":"Cultist","floor":5,"turns":4},{"damage":1,"enemies":"Small Slimes","floor":6,"turns":3},{"damage":1,"enemies":"Exordium Wildlife","floor":10,"turns":5},{"damage":26,"enemies":"Lots of Slimes","floor":11,"turns":5},{"damage":4,"enemies":"2 Fungi Beasts","floor":12,"turns":4},{"damage":0,"enemies":"Red Slaver","floor":13,"turns":4},{"damage":2,"enemies":"Blue Slaver","floor":14,"turns":3},{"damage":18,"enemies":"Red Slaver","floor":15,"turns":5},{"damage":45,"enemies":"DF_ARCHETYPE_STREAMLINE","floor":16,"turns":6}],"seed_played":"-3204102294439383630","potions_obtained":[{"floor":2,"key":"Swift Potion"},{"floor":10,"key":"Strength Potion"},{"floor":12,"key":"Strength Potion"}],"is_trial":false,"path_per_floor":["R","M","$","?","M","M","T","?","R","M","M","M","M","M","M","B"],"character_chosen":"THE_AUTOMATON","items_purchased":[],"campfire_rested":0,"item_purchase_floors":[],"current_hp_per_floor":[77,76,76,76,76,75,75,75,75,74,48,44,44,42,24,0,0,0],"gold":307,"neow_bonus":"TEN_PERCENT_HP_BONUS","is_daily":false,"chose_seed":false,"campfire_upgraded":2,"win_rate":0.0,"timestamp":1613199012,"path_taken":["R","M","$","?","?","M","T","?","R","M","M","M","?","M","M","BOSS"],"items_purchased_type":[],"build_version":"2020-12-22","purchased_purges":0,"victory":false,"max_hp_per_floor":[77,77,77,77,77,77,77,77,77,77,77,77,77,77,77,77,77,77],"relic_stats":{"counters":[11,48],"Sundial":[10],"obtain_stats":[{"bronze:BronzeCore":0,"Sundial":7},{"bronze:BronzeCore":0,"Sundial":4},{"bronze:BronzeCore":0,"Sundial":16}]},"card_choices":[{"not_picked":["bronze:GetLatest","bronze:BugBarrage"],"picked":"bronze:FineTuning","floor":2},{"not_picked":["bronze:BuggyMess","bronze:Allocate","bronze:Deprecate"],"picked":"SKIP","floor":3},{"not_picked":["bronze:DelayedGuard","bronze:BitShift"],"picked":"bronze:Overload","floor":5},{"not_picked":["bronze:Overheat","bronze:Philosophize"],"picked":"bronze:Optimize","floor":6},{"not_picked":["bronze:Branch","bronze:Allocate"],"picked":"bronze:FineTuning","floor":10},{"not_picked":["bronze:BugBarrage","bronze:ShipIt"],"picked":"bronze:Branch","floor":11},{"not_picked":["bronze:Overheat","bronze:BitShift","bronze:Philosophize"],"picked":"SKIP","floor":12},{"not_picked":["bronze:BitShift","bronze:DarkDash","bronze:Turbo"],"picked":"SKIP","floor":13},{"not_picked":["bronze:Deprecate","bronze:WhirlingStrike"],"picked":"bronze:Mutator","floor":14},{"not_picked":["bronze:Safeguard","bronze:WildBeam","bronze:Overload"],"picked":"SKIP","floor":15}],"player_experience":695041,"relics_obtained":[{"floor":7,"key":"Sundial"}],"event_choices":[],"is_beta":false,"boss_relics":[],"items_purged_floors":[],"is_endless":false,"potions_floor_spawned":[2,10,11,12],"killed_by":"DF_ARCHETYPE_STREAMLINE","ascension_level":0}}