{"host":"df48i9djcn92c5sx","time":1613226313,"event":{"mods":["Act Like it!","Arknights","BaseMod","Decade(王小明)","Downfall","Gensokyo","Marisa（F雨　魔理沙）","Minty Spire (QoL Compilation)","READ ME - Guardian Mod","READ ME - Snecko Mod","Reimu（博丽灵梦）","Remilia（蕾米莉亚）","Shop Mod","StSLib","The Jungle","The Servant 0.9.4"],"gold_per_floor":[99,118,132,149,166,166,241,241,241,272,287,307,307,317,317,317,317],"floor_reached":16,"language":"ZHS","playtime":355,"items_purged":[],"score":122,"play_id":"954fcacc-805b-4d29-a47b-f9d216615cee","local_time":"20210213222513","is_ascension_mode":true,"campfire_choices":[{"data":"ats:Emotion Absorption","floor":1,"key":"SMITH"},{"data":"ats:Shadow Assault","floor":6,"key":"SMITH"},{"data":"ats:Ignite","floor":9,"key":"SMITH"},{"data":"ats:Curse Doll","floor":13,"key":"SMITH"}],"circlet_count":0,"master_deck":["ats:Strike C","ats:Strike G","ats:Strike S","ats:Strike V","ats:Armor Crushing Shot","ats:Defend","ats:Defend","ats:Defend","ats:Defend","ats:Emotion Absorption+1","ats:Ignite+1","ats:Shadow Assault+1","ats:Soul Absorption","ats:Curse Doll+1","ats:Healing Drone","ats:Apocalypse"],"relics":["ats:Sanity","Ornamental Fan","ats:Originium","Lantern"],"acts_visited":["Exordium"],"potions_floor_usage":[10,11,15],"damage_taken":[{"damage":1,"enemies":"Cultist","floor":2,"turns":3},{"damage":3,"enemies":"2 Louse","floor":3,"turns":3},{"damage":7,"enemies":"Jaw Worm","floor":4,"turns":5},{"damage":1,"enemies":"3 Louse","floor":5,"turns":2},{"damage":20,"enemies":"3 Sentries","floor":10,"turns":4},{"damage":0,"enemies":"Exordium Wildlife","floor":11,"turns":1},{"damage":0,"enemies":"3 Louse","floor":12,"turns":2},{"damage":10,"enemies":"Red Slaver","floor":14,"turns":3},{"damage":0,"enemies":"2 Fungi Beasts","floor":15,"turns":1},{"damage":63,"enemies":"DF_ARCHETYPE_STREAMLINE","floor":16,"turns":8}],"seed_played":"-7385250458545699948","potions_obtained":[{"floor":3,"key":"FearPotion"},{"floor":5,"key":"Fire Potion"},{"floor":8,"key":"SmokeBomb"}],"is_trial":false,"path_per_floor":["R","M","M","M","M","R","T","?","R","E","M","M","R","M","M","B"],"character_chosen":"DOCTOR_CLASS","items_purchased":[],"campfire_rested":0,"item_purchase_floors":[],"current_hp_per_floor":[79,78,75,68,67,67,67,67,67,47,47,47,47,43,43,0,0],"gold":317,"neow_bonus":"TEN_PERCENT_HP_BONUS","is_daily":false,"chose_seed":false,"campfire_upgraded":4,"win_rate":0.0,"timestamp":1613226313,"path_taken":["R","M","M","M","M","R","T","?","R","E","M","M","R","?","M","BOSS"],"items_purchased_type":[],"build_version":"2020-12-22","purchased_purges":0,"victory":false,"max_hp_per_floor":[79,79,79,79,79,79,79,79,79,79,79,79,79,79,79,79,79],"card_choices":[{"not_picked":["ats:Composite Medical Shells","ats:Powerful Strike"],"picked":"ats:Ignite","floor":2},{"not_picked":["ats:Consecutive Shot Auto","ats:Guard Mode"],"picked":"ats:Shadow Assault","floor":3},{"not_picked":["ats:Blood Oath","ats:Rapid Magazine","ats:Chain Hook"],"picked":"SKIP","floor":4},{"not_picked":["ats:Explosion Area Strengthen","ats:Beaten Up","ats:Powerful Strike"],"picked":"SKIP","floor":5},{"not_picked":["ats:Chain Hook","ats:Hammer On"],"picked":"ats:Soul Absorption","floor":10},{"not_picked":["ats:Cat Scratch","ats:Absolute Focus"],"picked":"ats:Curse Doll","floor":11},{"not_picked":["ats:Shell Defense","ats:Hammer On"],"picked":"ats:Healing Drone","floor":12},{"not_picked":["ats:Powerful Strike","ats:Explosion Area Strengthen"],"picked":"ats:Apocalypse","floor":14}],"player_experience":1547096,"relics_obtained":[{"floor":7,"key":"Ornamental Fan"},{"floor":10,"key":"ats:Originium"},{"floor":10,"key":"Lantern"}],"event_choices":[{"damage_healed":0,"gold_gain":0,"player_choice":"Got Potions","damage_taken":0,"max_hp_gain":0,"max_hp_loss":0,"event_name":"Lab","floor":8,"gold_loss":0}],"is_beta":false,"boss_relics":[],"items_purged_floors":[],"is_endless":false,"potions_floor_spawned":[3,5,15],"killed_by":"DF_ARCHETYPE_STREAMLINE","ascension_level":3}}