{"host":"t9zjxed0utvsfjwc","time":1613216659,"event":{"mods":["2.2 Compatiblity","Aspiration","BaseMod","Better Altar","Better Match","Better Note","Better Sensory Stone","Better Skull","Better Third Choice","Block Reminder","Colored Map","Colored Powertips","Custom Start","Downfall","Hermit","Highlight Path","Hubris","Infinite Spire","Marisa????????","Minty Spire (QoL Compilation)","Quick Restart","Rare Cards Sparkle","Reliquary","Replay The Spire","StSLib","The Cursed","The Marked","The Runesmith","Unceasing Turn Reminder","everything is the same but u backflip on backflip"],"gold_per_floor":[109,122,47,122,22,22,51,51,74,74,74,34,67,77,77,177,177,191,66,66,78,78,78,90,90,141,141,160,174,174,174,174,174,174],"floor_reached":33,"language":"ENG","playtime":908,"items_purged":["theMarked:Strike","theMarked:Strike","theMarked:Strike"],"score":251,"play_id":"599aaa49-9412-4f12-80ef-03203109925c","local_time":"20210213114419","is_ascension_mode":false,"campfire_choices":[{"data":"theMarked:EmpowerWeapon","floor":6,"key":"SMITH"},{"data":"theMarked:SoldierOfQuellstein","floor":10,"key":"SMITH"},{"floor":15,"key":"REST"},{"floor":23,"key":"REST"},{"floor":25,"key":"REST"},{"data":"theMarked:EmpowerWeapon","floor":27,"key":"SMITH"},{"floor":30,"key":"REST"},{"data":"theMarked:EmpowerWeapon","floor":32,"key":"SMITH"}],"circlet_count":0,"master_deck":["theMarked:Strike","theMarked:Strike","theMarked:Defend","theMarked:Defend","theMarked:Defend","theMarked:Defend","theMarked:SoldierOfQuellstein+1","theMarked:EmpowerWeapon+1","theMarked:EmpowerWeapon+1","theMarked:EmpowerWeapon+1","theMarked:ChannelForce+1","theMarked:SoldierOfQuellstein+1","theMarked:BindingBlade"],"relics":["theMarked:ArtifactOfAir","aspiration:Nostalgia","m_SlimeRing","bronze:BronzeIdol","Juzu Bracelet","Gremlin Horn","infinitespire:Cupcake","reliquary:Aerogel"],"acts_visited":["Exordium","TheCity"],"potions_floor_usage":[7,13,13,16,16,33],"damage_taken":[{"damage":0,"enemies":"2 Louse","floor":1,"turns":2},{"damage":3,"enemies":"Jaw Worm","floor":2,"turns":3},{"damage":6,"enemies":"Gremlin Nob","floor":7,"turns":4},{"damage":13,"enemies":"3 Sentries","floor":13,"turns":6},{"damage":0,"enemies":"Cultist","floor":14,"turns":2},{"damage":45,"enemies":"Fading Forest","floor":16,"turns":11},{"damage":0,"enemies":"Spheric Guardian","floor":18,"turns":2},{"damage":16,"enemies":"2 Thieves","floor":21,"turns":4},{"damage":25,"enemies":"Centurion and Healer","floor":24,"turns":4},{"damage":0,"enemies":"Snecko","floor":28,"turns":2},{"damage":17,"enemies":"Sentry and Sphere","floor":29,"turns":4},{"damage":79,"enemies":"Champ","floor":33,"turns":6}],"seed_played":"-2349536701014917520","potions_obtained":[{"floor":1,"key":"LifebloodPotion"},{"floor":12,"key":"Energy Potion"},{"floor":12,"key":"LiquidBronze"},{"floor":12,"key":"Cursed Concoction"},{"floor":14,"key":"theMarked:ChargePotion"},{"floor":21,"key":"GamblersBrew"}],"is_trial":false,"path_per_floor":["M","M","$","?","$","R","E","?","T","R","$","?","E","M","R","B",null,"M","$","?","M","$","R","M","R","T","R","M","M","R","?","R","B"],"character_chosen":"THE_DEFAULT","items_purchased":[],"campfire_rested":4,"item_purchase_floors":[],"current_hp_per_floor":[70,67,67,56,56,56,50,50,50,50,50,50,37,37,58,23,70,70,70,70,54,54,70,45,66,66,66,66,49,70,70,70,0,0],"gold":174,"neow_bonus":"NOSTALGIA","is_daily":false,"chose_seed":false,"campfire_upgraded":4,"win_rate":0.0,"timestamp":1613216659,"path_taken":["M","M","$","?","$","R","E","?","T","R","?","?","E","M","R","BOSS","M","$","?","M","?","R","M","R","T","R","M","M","R","?","R","BOSS"],"items_purchased_type":[],"build_version":"2020-12-22","purchased_purges":3,"victory":false,"max_hp_per_floor":[70,70,70,70,70,70,70,70,70,70,70,70,70,70,70,70,70,70,70,70,70,70,70,70,70,70,70,70,70,70,70,70,70,70],"card_choices":[{"not_picked":["theMarked:TwofoldDefense","theMarked:Parkour","theMarked:Aftermath"],"picked":"SKIP","floor":1},{"not_picked":["theMarked:Indomitable","theMarked:Friction"],"picked":"theMarked:EmpowerWeapon","floor":2},{"not_picked":["theMarked:TwofoldDefense","theMarked:Standoff","Slimebound:WasteNot"],"picked":"SKIP","floor":7},{"not_picked":["ReplayTheSpireMod:Shiv Toss","theMarked:Improvise"],"picked":"theMarked:EmpowerWeapon","floor":13},{"not_picked":["theMarked:Aftermath","Hidden Blade"],"picked":"theMarked:EmpowerWeapon","floor":14},{"not_picked":["theMarked:EmpowerWeapon","theMarked:Generate"],"picked":"theMarked:ChannelForce+1","floor":18},{"not_picked":["theMarked:Parkour","theMarked:ChainLightning","theMarked:RepellingDischarge"],"picked":"SKIP","floor":21},{"not_picked":["theMarked:BanishingStrike","theMarked:Memento","theMarked:RepellingDischarge"],"picked":"SKIP","floor":24},{"not_picked":["theMarked:BanishingStrike","theMarked:Memento","theMarked:RepellingDischarge"],"picked":"SKIP","floor":24},{"not_picked":["theMarked:Electrify","theMarked:FavorableWinds","theMarked:StartUp"],"picked":"SKIP","floor":28},{"not_picked":["theMarked:Generate","theMarked:EnhanceMovement","theMarked:Frustration+1"],"picked":"SKIP","floor":29}],"player_experience":549113,"relics_obtained":[{"floor":7,"key":"bronze:BronzeIdol"},{"floor":9,"key":"Juzu Bracelet"},{"floor":13,"key":"Gremlin Horn"},{"floor":26,"key":"reliquary:Aerogel"}],"event_choices":[{"damage_healed":0,"gold_gain":75,"player_choice":"Gold","damage_taken":11,"max_hp_gain":0,"max_hp_loss":0,"event_name":"betterThird:BetterGoop","floor":4,"gold_loss":0},{"damage_healed":0,"gold_gain":0,"player_choice":"Bought 3 Potions","damage_taken":0,"max_hp_gain":0,"max_hp_loss":0,"event_name":"The Woman in Blue","floor":12,"gold_loss":0},{"damage_healed":0,"gold_gain":0,"player_choice":"Copied","damage_taken":0,"max_hp_gain":0,"max_hp_loss":0,"event_name":"Duplicator","floor":20,"gold_loss":0,"cards_obtained":["theMarked:SoldierOfQuellstein"]},{"cards_removed":["theMarked:SoldierOfQuellstein"],"damage_healed":0,"gold_gain":0,"player_choice":"Take \u0026 Give","damage_taken":0,"max_hp_gain":0,"max_hp_loss":0,"event_name":"betterNote:BetterNote","floor":31,"gold_loss":0,"cards_obtained":["theMarked:BindingBlade"]}],"is_beta":false,"boss_relics":[{"not_picked":["Ectoplasm","reliquary:RedCape"],"picked":"infinitespire:Cupcake"}],"items_purged_floors":[3,5,19],"is_endless":false,"potions_floor_spawned":[1,14,21],"killed_by":"Champ","ascension_level":0}}