{"host":"5y2vm16xfq9gfmb2","time":1613195593,"event":{"mods":["AchievementEnabler","BaseMod","Better Third Choice","Colored Map","Colored Powertips","DeckTracker","Marisa????????","Minty Spire (QoL Compilation)","Rare Cards Sparkle","Relic Stats","StSLib","The Alterego","The Animator","The Marked","The Servant 0.9.4"],"gold_per_floor":[15,15,34,46,63,63,63,98,123,123,123,148,148,148,148,277,277,301,301,315,335,359,359,359],"floor_reached":23,"language":"ENG","playtime":1634,"items_purged":[],"score":228,"play_id":"804fd5d6-b673-42c5-b2ec-82f21b65d148","local_time":"20210213005313","is_ascension_mode":true,"campfire_choices":[{"data":"alterego_mod:Palingenesis","floor":6,"key":"SMITH"},{"floor":11,"key":"RECALL"},{"floor":15,"key":"REST"}],"circlet_count":0,"master_deck":["alterego_mod:Strike","alterego_mod:Strike","alterego_mod:Strike","alterego_mod:Strike","alterego_mod:Defend","alterego_mod:Defend","alterego_mod:Defend","alterego_mod:Defend","alterego_mod:Impale+1","alterego_mod:BigMeatyClaws","alterego_mod:BrynhildrsRune","alterego_mod:Palingenesis+1","alterego_mod:SakuraFive","Burn","alterego_mod:Undulate","alterego_mod:Crossover","alterego_mod:Clap","alterego_mod:BiFurious","alterego_mod:Rake","alterego_mod:Clones","alterego_mod:Bounce","alterego_mod:Undulate","alterego_mod:BrynhildrRomantia"],"relics":["alterego_mod:MasochisticConstitution","Strawberry","Golden Idol","Sundial","Philosopher\u0027s Stone"],"acts_visited":["Exordium","TheCity"],"potions_floor_usage":[16,16,16,23,23,23],"damage_taken":[{"damage":6,"enemies":"Jaw Worm","floor":1,"turns":7},{"damage":9,"enemies":"Small Slimes","floor":3,"turns":5},{"damage":0,"enemies":"2 Louse","floor":4,"turns":4},{"damage":9,"enemies":"Large Slime","floor":5,"turns":6},{"damage":15,"enemies":"Gremlin Nob","floor":8,"turns":4},{"damage":11,"enemies":"Red Slaver","floor":12,"turns":8},{"damage":67,"enemies":"The Guardian","floor":16,"turns":14},{"damage":52,"enemies":"2 Thieves","floor":18,"turns":5},{"damage":9,"enemies":"Spheric Guardian","floor":20,"turns":4},{"damage":41,"enemies":"Snake Plant","floor":21,"turns":6},{"damage":5,"enemies":"Centurion and Healer","floor":22,"turns":6},{"damage":56,"enemies":"Gremlin Leader","floor":23,"turns":8}],"seed_played":"6110333107602045501","potions_obtained":[{"floor":1,"key":"SteroidPotion"},{"floor":4,"key":"DuplicationPotion"},{"floor":12,"key":"DuplicationPotion"},{"floor":16,"key":"GamblersBrew"},{"floor":21,"key":"Swift Potion"},{"floor":22,"key":"SneckoOil"}],"is_trial":false,"path_per_floor":["M","?","M","M","M","R","?","E","T","?","R","M","T","?","R","B",null,"M","?","M","M","M","E"],"character_chosen":"The_Alterego","items_purchased":[],"campfire_rested":1,"item_purchase_floors":[],"current_hp_per_floor":[65,65,64,71,63,63,63,56,56,36,36,33,33,60,82,23,83,32,94,86,46,42,0,0],"gold":359,"neow_bonus":"THREE_RARE_CARDS","is_daily":false,"chose_seed":false,"campfire_upgraded":1,"win_rate":0.0,"timestamp":1613195593,"path_taken":["M","?","M","M","M","R","?","E","T","?","R","M","?","?","R","BOSS","M","?","M","M","?","E"],"items_purchased_type":[],"build_version":"2020-12-22","purchased_purges":0,"victory":false,"max_hp_per_floor":[71,71,72,72,73,73,73,81,81,81,81,82,82,82,82,83,83,84,94,95,96,97,97,97],"relic_stats":{"counters":[12,77],"Golden Idol":48,"Sundial":[6],"obtain_stats":[{"alterego_mod:MasochisticConstitution":0,"Golden Idol":10,"Sundial":13,"Strawberry":8,"Philosopher\u0027s Stone":17},{"alterego_mod:MasochisticConstitution":0,"Golden Idol":5,"Sundial":6,"Strawberry":5,"Philosopher\u0027s Stone":7},{"alterego_mod:MasochisticConstitution":0,"Golden Idol":26,"Sundial":34,"Strawberry":26,"Philosopher\u0027s Stone":48}]},"card_choices":[{"not_picked":["alterego_mod:IdEs","alterego_mod:Valkyrie"],"picked":"alterego_mod:Palingenesis","floor":0},{"not_picked":["alterego_mod:Santa","alterego_mod:Belle"],"picked":"alterego_mod:SakuraFive","floor":1},{"not_picked":["alterego_mod:Punishment","alterego_mod:Santa"],"picked":"alterego_mod:Undulate","floor":3},{"not_picked":["alterego_mod:DeftHands","alterego_mod:Punishment"],"picked":"alterego_mod:Crossover","floor":4},{"not_picked":["alterego_mod:GoddessCore","alterego_mod:Cycle"],"picked":"alterego_mod:Clap","floor":5},{"not_picked":["alterego_mod:Mirror","alterego_mod:Collar"],"picked":"alterego_mod:IdEs","floor":8},{"not_picked":["alterego_mod:Valentines","alterego_mod:Stockings"],"picked":"alterego_mod:BiFurious","floor":12},{"not_picked":["alterego_mod:Weigh","alterego_mod:PainIsPleasure"],"picked":"alterego_mod:Rake","floor":16},{"not_picked":["alterego_mod:SakuraPetals","alterego_mod:Complex"],"picked":"alterego_mod:Clones","floor":18},{"not_picked":["alterego_mod:Cooking","alterego_mod:HighServant"],"picked":"alterego_mod:Bounce","floor":20},{"not_picked":["alterego_mod:Pet","alterego_mod:TrashNCrash"],"picked":"alterego_mod:Undulate","floor":21},{"not_picked":["alterego_mod:1TonWallop","alterego_mod:Skirt"],"picked":"alterego_mod:BrynhildrRomantia","floor":22}],"player_experience":76252,"relics_obtained":[{"floor":8,"key":"Strawberry"},{"floor":13,"key":"Sundial"}],"event_choices":[{"damage_healed":65,"gold_gain":0,"player_choice":"Embrace Burn","damage_taken":0,"max_hp_gain":0,"max_hp_loss":71,"event_name":"betterThird:BetterShining","floor":2,"gold_loss":0},{"damage_healed":0,"gold_gain":0,"player_choice":"Grow","damage_taken":0,"max_hp_gain":0,"max_hp_loss":0,"event_name":"Living Wall","floor":7,"gold_loss":0,"cards_upgraded":["alterego_mod:Impale"]},{"damage_healed":0,"gold_gain":0,"player_choice":"Take Damage","damage_taken":20,"relics_obtained":["Golden Idol"],"max_hp_gain":0,"max_hp_loss":0,"event_name":"Golden Idol","floor":10,"gold_loss":0},{"damage_healed":27,"gold_gain":0,"player_choice":"Banana","damage_taken":0,"max_hp_gain":0,"max_hp_loss":0,"event_name":"Big Fish","floor":14,"gold_loss":0},{"cards_removed":["alterego_mod:IdEs"],"damage_healed":52,"gold_gain":0,"player_choice":"Offered Rare","damage_taken":0,"max_hp_gain":10,"max_hp_loss":0,"event_name":"Bonfire Elementals","floor":19,"gold_loss":0}],"is_beta":false,"boss_relics":[{"not_picked":["Cursed Key","Fusion Hammer"],"picked":"Philosopher\u0027s Stone"}],"items_purged_floors":[],"is_endless":false,"potions_floor_spawned":[1,4,12,16,21,22],"killed_by":"Gremlin Leader","ascension_level":1}}