{"host":"dey9j018cvpdh1nv","time":1613257161,"event":{"mods":["BaseMod","Downfall","Minty Spire (QoL Compilation)","Replay The Spire","StSLib","The Cursed"],"gold_per_floor":[119,129,54,54,129,129,148,148,172,14,34,34,59,88,88,183,183,196,196,295,308,320,320,333,111,137,166,166,166,200,214,214,317,317,337,337,162,180,180,180,214,225,225,25,39,39,39,54,54,54],"floor_reached":51,"language":"ENG","playtime":2499,"items_purged":["Strike_G","Strike_G","downfall:Aged","Voices","Looming Evil","downfall:Bewildered"],"score":788,"play_id":"22dd1e85-9f0f-4b59-b342-8a1f6764f12c","local_time":"20210213175921","is_ascension_mode":false,"campfire_choices":[{"data":"Neutralize","floor":6.0,"key":"SMITH"},{"data":"Dagger Spray","floor":8.0,"key":"SMITH"},{"data":"Predator","floor":12.0,"key":"SMITH"},{"data":"A Thousand Cuts","floor":15.0,"key":"SMITH"},{"data":"Infinite Blades","floor":23.0,"key":"SMITH"},{"floor":28.0,"key":"REST"},{"floor":32.0,"key":"REST"},{"data":"After Image","floor":40.0,"key":"SMITH"},{"data":"Accuracy","floor":49,"key":"SMITH"}],"circlet_count":0,"master_deck":["Strike_G+1","Strike_G","Strike_G","Defend_G","Defend_G","Defend_G","Defend_G","Defend_G","Survivor","Neutralize+1","Dagger Spray+1","Predator+1","Draining Mist+1","Cloak And Dagger","Skewer+1","Cloak And Dagger","A Thousand Cuts+1","Glass Knife","Clumsy","Bane","Infinite Blades+1","Corpse Explosion","Caltrops+1","Accuracy+1","After Image+1","Atom Bomb+1","Well Laid Plans+1","Deadly Poison+1","Cloak And Dagger+1","Blade Dance+1","Poisoned Stab","Bandage Up","Doubt","Accuracy+1"],"relics":["Ring of the Snake","Nunchaku","ReplayTheSpireMod:CursedCoin","Bag of Preparation","Replay:Ancient Bell","Replay:Wax Seal","Pantograph","Gambling Chip","ReplayTheSpireMod:Ring of Exchange","Ring of Peace","Replay:Rubber Ducky","Tough Bandages","MutagenicStrength","Calipers","bronze:MakeshiftBattery","Whetstone","Blue Doll"],"acts_visited":["Exordium","TheCity","TheBeyond"],"potions_floor_usage":[50,50],"damage_taken":[{"damage":1.0,"enemies":"Cultist","floor":1.0,"turns":3.0},{"damage":0.0,"enemies":"2 Louse","floor":2.0,"turns":2.0},{"damage":2.0,"enemies":"Jaw Worm","floor":7.0,"turns":3.0},{"damage":0.0,"enemies":"Exordium Wildlife","floor":11.0,"turns":3.0},{"damage":8.0,"enemies":"3 Sentries","floor":14.0,"turns":6.0},{"damage":0.0,"enemies":"Hexaghost","floor":16.0,"turns":10.0},{"damage":0.0,"enemies":"3 Byrds","floor":18.0,"turns":4.0},{"damage":0.0,"enemies":"Spheric Guardian","floor":21.0,"turns":4.0},{"damage":8.0,"enemies":"Chosen and Byrds","floor":22.0,"turns":6.0},{"damage":35.0,"enemies":"Centurion and Healer","floor":24.0,"turns":6.0},{"damage":14.0,"enemies":"Gremlin Leader","floor":27.0,"turns":6.0},{"damage":44.0,"enemies":"Book of Stabbing","floor":30.0,"turns":6.0},{"damage":1.0,"enemies":"Snecko","floor":31.0,"turns":6.0},{"damage":43.0,"enemies":"Champ","floor":33.0,"turns":12.0},{"damage":0.0,"enemies":"3 Shapes","floor":35.0,"turns":3.0},{"damage":0.0,"enemies":"Orb Walker","floor":38.0,"turns":4.0},{"damage":28.0,"enemies":"Giant Head","floor":41.0,"turns":9.0},{"damage":7.0,"enemies":"Transient","floor":42.0,"turns":5.0},{"damage":0,"enemies":"3 Darklings","floor":45,"turns":3},{"damage":0,"enemies":"Jaw Worm Horde","floor":48,"turns":4},{"damage":69,"enemies":"Donu and Deca","floor":50,"turns":6}],"seed_played":"4041749940858456586","potions_obtained":[{"floor":1.0,"key":"Weak Potion"},{"floor":2.0,"key":"FairyPotion"},{"floor":16.0,"key":"Milkshake"},{"floor":30.0,"key":"SpeedPotion"},{"floor":31.0,"key":"champ:CounterPotion"},{"floor":33.0,"key":"Poison Potion"},{"floor":35.0,"key":"Block Potion"},{"floor":38.0,"key":"Dexterity Potion"},{"floor":45,"key":"Strength Potion"}],"is_trial":false,"path_per_floor":["M","M","$","?","?","R","M","R","T","$","M","R","$","E","R","B",null,"M","?","?","M","M","R","M","$","T","E","R","?","E","M","R","B",null,"M","?","$","M","?","R","E","M","T","$","M","?","?","M","R","B",null],"character_chosen":"THE_SILENT","items_purchased":["Skewer+1","ReplayTheSpireMod:CursedCoin","Accuracy"],"campfire_rested":2,"item_purchase_floors":[10,13,25],"current_hp_per_floor":[69,69,69,69,58,58,56,56,56,56,56,56,56,48,48,48,70,70,70,70,70,62,62,27,27,27,13,34,34,11,10,31,13,70,70,70,70,70,70,70,42,35,35,35,35,35,70,70,70,1],"gold":54,"neow_bonus":"THREE_CARDS","is_daily":false,"chose_seed":false,"campfire_upgraded":7,"win_rate":0.0,"timestamp":1613257161,"path_taken":["M","?","?","?","?","R","M","R","T","$","?","R","$","E","R","BOSS","M","?","?","M","M","R","M","$","T","E","R","?","E","M","R","BOSS","M","?","$","M","?","R","E","M","T","$","?","?","?","M","R","BOSS"],"items_purchased_type":["Card","Relic","Card"],"build_version":"2020-12-22","purchased_purges":6,"victory":true,"max_hp_per_floor":[70,70,70,70,70,70,70,70,70,70,70,70,70,70,70,70,70,70,70,70,70,70,70,70,70,70,70,70,70,70,70,70,70,70,70,70,70,70,70,70,70,70,70,70,70,70,70,70,70,70],"card_choices":[{"not_picked":["Backflip","Prepared"],"picked":"Dagger Spray","floor":0.0},{"not_picked":["Catalyst","Dagger Spray"],"picked":"Predator","floor":1.0},{"not_picked":["Predator","Flying Knee"],"picked":"Draining Mist","floor":2.0},{"not_picked":["Underhanded Strike","Quick Slash"],"picked":"Cloak And Dagger","floor":7.0},{"not_picked":["Dodge and Roll","Sucker Punch"],"picked":"Cloak And Dagger","floor":11.0},{"not_picked":["ReplayTheSpireMod:Shiv Toss","Hidden Blade"],"picked":"A Thousand Cuts","floor":14.0},{"not_picked":["Night Terror","Burst"],"picked":"Glass Knife","floor":16.0},{"not_picked":["Spreading Infection","AbeCurse"],"picked":"Looming Evil","floor":17.0},{"not_picked":["downfall:Haunted","Normality"],"picked":"Clumsy","floor":17.0},{"not_picked":["ReplayTheSpireMod:Splinters","CurseOfTheBell"],"picked":"Voices","floor":17.0},{"not_picked":["Acrobatics","Quick Slash"],"picked":"Bane","floor":18.0},{"not_picked":["Acrobatics+1","Cloak And Dagger+1"],"picked":"Infinite Blades","floor":21.0},{"not_picked":["Cloak And Dagger","Poisoned Stab"],"picked":"Corpse Explosion","floor":22.0},{"not_picked":["Flying Knee","Underhanded Strike"],"picked":"Caltrops+1","floor":24.0},{"not_picked":["Outmaneuver","Predator+1","Dagger Throw"],"picked":"SKIP","floor":27.0},{"not_picked":["Underhanded Strike","Flying Knee+1","Fluid Movement"],"picked":"SKIP","floor":30.0},{"not_picked":["Backflip","Poisoned Stab+1"],"picked":"After Image","floor":31.0},{"not_picked":["Night Terror","ReplayTheSpireMod:Necrosis"],"picked":"Atom Bomb","floor":33.0},{"not_picked":["Quick Slash","Choke"],"picked":"Well Laid Plans+1","floor":35.0},{"not_picked":["Prepared+1","Tactician"],"picked":"Deadly Poison+1","floor":38.0},{"not_picked":["Doppelganger","Sneak Up"],"picked":"Cloak And Dagger+1","floor":41.0},{"not_picked":["ReplayTheSpireMod:Scrap Shanks+1","Poisoned Stab"],"picked":"Blade Dance+1","floor":42.0},{"not_picked":["Bane","Dagger Spray+1"],"picked":"Poisoned Stab","floor":45},{"not_picked":["Master of Strategy","HandOfGreed"],"picked":"Bandage Up","floor":46},{"not_picked":["Calculated Gamble","Dagger Throw+1"],"picked":"Accuracy","floor":48}],"player_experience":2048289,"relics_obtained":[{"floor":9.0,"key":"Nunchaku"},{"floor":14.0,"key":"Bag of Preparation"},{"floor":19.0,"key":"ReplayTheSpireMod:Ring of Exchange"},{"floor":19.0,"key":"Ring of Peace"},{"floor":26.0,"key":"Replay:Rubber Ducky"},{"floor":27.0,"key":"Tough Bandages"},{"floor":30.0,"key":"Calipers"},{"floor":41.0,"key":"Whetstone"},{"floor":43.0,"key":"Blue Doll"}],"event_choices":[{"damage_healed":0.0,"max_hp_gain":0.0,"max_hp_loss":0.0,"gold_gain":75.0,"event_name":"World of Goop","player_choice":"Gather Gold","floor":5.0,"gold_loss":0.0,"damage_taken":11.0},{"damage_healed":0.0,"max_hp_gain":0.0,"max_hp_loss":0.0,"gold_gain":99.0,"event_name":"Nest","player_choice":"Stole From Cult","floor":20.0,"gold_loss":0.0,"damage_taken":0.0},{"damage_healed":0.0,"max_hp_gain":0.0,"max_hp_loss":0.0,"gold_gain":0.0,"event_name":"Drug Dealer","player_choice":"Inject Mutagens","floor":29.0,"gold_loss":0.0,"damage_taken":0.0,"relics_obtained":["MutagenicStrength"]},{"damage_healed":0.0,"max_hp_gain":0.0,"max_hp_loss":0.0,"gold_gain":0.0,"event_name":"Mysterious Sphere","player_choice":"Ignored","floor":36.0,"gold_loss":0.0,"damage_taken":0.0},{"damage_healed":0.0,"max_hp_gain":0.0,"max_hp_loss":0.0,"gold_gain":0.0,"event_name":"Upgrade Shrine","player_choice":"Upgraded","floor":39.0,"gold_loss":0.0,"damage_taken":0.0,"cards_upgraded":["Accuracy"]},{"damage_healed":0,"gold_gain":0,"player_choice":"Memory 1","damage_taken":0,"max_hp_gain":0,"max_hp_loss":0,"event_name":"SensoryStone","floor":46,"gold_loss":0},{"damage_healed":35,"gold_gain":0,"player_choice":"Heal","damage_taken":0,"max_hp_gain":0,"max_hp_loss":0,"event_name":"MindBloom","floor":47,"gold_loss":0,"cards_obtained":["Doubt"]}],"is_beta":false,"boss_relics":[{"not_picked":["ChewingGum","Snecko Eye"],"picked":"Replay:Ancient Bell"},{"not_picked":["Grinning Jar","Replay:Baseball"],"picked":"Replay:Wax Seal"},{"not_picked":["Mercury Hourglass","Replay:Bottled Steam"],"picked":"Pantograph"},{"not_picked":["Girya","Unceasing Top"],"picked":"Gambling Chip"},{"not_picked":["PrismaticShard","SacredBark"],"picked":"bronze:MakeshiftBattery"}],"items_purged_floors":[3,10,13,25,37,44],"is_endless":false,"potions_floor_spawned":[1,2,16,30,31,33,35,38,45,48],"ascension_level":0}}