{"host":"jfbo3eu2ui08ej1u","time":1613244045,"event":{"mods":["2.2 Compatiblity","AchievementEnabler","Act Like it!","Aspiration","BaseMod","Better Altar","Better Match","Better Note","Better Sensory Stone","Better Skull","Better Third Choice","Block Reminder","Colored Map","Colored Powertips","Conspire","DeckTracker","Displayed Cursed Tome","Energized Spire","Fox Events","GifTheSpireLib","Hermit","Hubris","Infinite Spire","Marked Mod","Minty Spire (QoL Compilation)","Monster B Gone","Pale of the Ancients","Poor People Problems","Quick Restart","Relic Filter","Reliquary","Reorder Act Four","Replay The Spire","Shop Mod","Spicy Shops","Spire Arcade","StSLib","Stuff the Spire","The Blue Laboratory","The Disciple","The Forsaken","The Hierophant","The Marked","Uncapped","Unceasing Turn Reminder","Wandering Minibosses"],"gold_per_floor":[110,35,47,61,75,103,103,121,145,145,145,155,155,155],"floor_reached":13,"language":"ENG","playtime":386,"items_purged":[],"score":100,"play_id":"54cc2d28-b07b-4d65-8234-72f61dc3b8dd","local_time":"20210213142045","is_ascension_mode":true,"campfire_choices":[{"data":"theForsaken:Tranquility","floor":7,"key":"SMITH"},{"floor":11,"key":"REST"}],"circlet_count":0,"master_deck":["theForsaken:TheForsaken_Strike","theForsaken:TheForsaken_Strike","theForsaken:TheForsaken_Strike","theForsaken:TheForsaken_Strike","theForsaken:TheForsaken_Defend","theForsaken:TheForsaken_Defend","theForsaken:TheForsaken_Defend","theForsaken:TheForsaken_Defend","theForsaken:Smite","theForsaken:Penitence","theForsaken:SacrificeSoul","theForsaken:AncientWords","theForsaken:Thunderbolt","theForsaken:BountifulSunlight","theForsaken:Backlash","theForsaken:Tranquility+1","theForsaken:Preservation","theForsaken:WordOfPower"],"relics":["theForsaken:JudgementScales","infinitespire:Eraser","Potion Belt"],"acts_visited":["Exordium"],"potions_floor_usage":[6,6],"damage_taken":[{"damage":4.0,"enemies":"Cultist","floor":1.0,"turns":5.0},{"damage":0.0,"enemies":"2 Louse","floor":3.0,"turns":2.0},{"damage":12.0,"enemies":"Jaw Worm","floor":4.0,"turns":4.0},{"damage":26.0,"enemies":"Exordium Thugs","floor":5.0,"turns":4.0},{"damage":26,"enemies":"Gremlin Nob","floor":6,"turns":4},{"damage":25,"enemies":"2 Fungi Beasts","floor":8,"turns":7},{"damage":3,"enemies":"Gremlin Gang","floor":12,"turns":4},{"damage":35,"enemies":"Lagavulin","floor":13,"turns":8}],"seed_played":"6612663132050852362","potions_obtained":[{"floor":1.0,"key":"LiquidBronze"},{"floor":5.0,"key":"DistilledChaos"}],"is_trial":false,"path_per_floor":["M","$","M","M","M","E","R","M","T","?","R","M","E"],"character_chosen":"THE_FORSAKEN","items_purchased":["theForsaken:Thunderbolt"],"campfire_rested":1,"item_purchase_floors":[2],"current_hp_per_floor":[62,62,64,54,32,17,17,11,11,11,30,27,0,0],"gold":155,"neow_bonus":"ONE_RANDOM_RARE_CARD","is_daily":false,"chose_seed":false,"campfire_upgraded":1,"win_rate":0.0,"timestamp":1613244045,"path_taken":["M","$","M","M","M","E","R","M","T","?","R","M","E"],"items_purchased_type":["Card"],"build_version":"2020-12-22","purchased_purges":0,"victory":false,"max_hp_per_floor":[65,65,65,65,65,65,65,65,65,65,65,65,65,65],"card_choices":[{"not_picked":["theForsaken:RainingSunlight","theForsaken:NobleSacrifice"],"picked":"theForsaken:AncientWords","floor":1.0},{"not_picked":["theForsaken:BlindFaith","theForsaken:SpinAttack"],"picked":"theForsaken:BountifulSunlight","floor":3.0},{"not_picked":["theForsaken:InspiringBlow","theForsaken:RainingSunlight"],"picked":"theForsaken:Backlash","floor":4.0},{"not_picked":["theForsaken:BlindFaith","theForsaken:HymnOfRest"],"picked":"theForsaken:Tranquility","floor":5.0},{"not_picked":["theForsaken:Eulogy","theForsaken:Thunderbolt"],"picked":"theForsaken:Preservation","floor":6},{"not_picked":["theForsaken:ChargeAttack","theForsaken:BlindFaith"],"picked":"theForsaken:WordOfPower","floor":8},{"not_picked":["theForsaken:RainingSunlight","theForsaken:Tranquility","theForsaken:BottledPlague"],"picked":"SKIP","floor":12}],"player_experience":1324822,"relics_obtained":[{"floor":6,"key":"infinitespire:Eraser"},{"floor":9,"key":"Potion Belt"}],"event_choices":[],"is_beta":false,"boss_relics":[],"items_purged_floors":[],"is_endless":false,"potions_floor_spawned":[1,5],"killed_by":"Lagavulin","ascension_level":3}}