{"host":"fbtt2xdrd49xyqed","time":1613225413,"event":{"mods":["Act Like it!","BaseMod","Gensokyo","Koishi","Marisa£®ÏF”Í°°ƒß¿Ì…≥£©","Minty Spire (QoL Compilation)","Remilia£®¿Ÿ√◊¿Ú—«£©","StSLib","The Servant 0.9.4"],"gold_per_floor":[115,132,145,145,75,404,404,439,439,439,439,471,488,61,61,61,61],"floor_reached":16,"language":"ZHS","playtime":748,"items_purged":[],"score":127,"play_id":"99692bed-5e06-4d14-954e-933bc852e903","local_time":"20210213221013","is_ascension_mode":true,"campfire_choices":[{"data":"Manipulate","floor":7,"key":"SMITH"},{"floor":10,"key":"RECALL"},{"floor":15,"key":"REST"}],"circlet_count":0,"master_deck":["Strike_S","Strike_S","Strike_S","Strike_S","Defend_S+1","Defend_S","Defend_S","Defend_S","KidneyShot+1","Exchange","StarChef","DoubleEdge","Manipulate+1","Solidify+1","Moondial+1","SpecialFormula+1","Gensokyo:Shovel","Gensokyo:BlemishedSteel"],"relics":["Uniform","NeowsBlessing","Old Coin","Toxic Egg 2","Strawberry","Omamori","Medical Kit","OrangePellets"],"acts_visited":["Gensokyo:Gensokyo"],"potions_floor_usage":[12],"damage_taken":[{"damage":0,"enemies":"Gensokyo:Gryphon","floor":1,"turns":1},{"damage":2,"enemies":"Gensokyo:3_Fairies","floor":2,"turns":2},{"damage":0,"enemies":"Gensokyo:2_Kodama","floor":3,"turns":1},{"damage":4,"enemies":"Gensokyo:Mamizou","floor":6,"turns":10},{"damage":22,"enemies":"Gensokyo:Aya","floor":8,"turns":8},{"damage":20,"enemies":"Gensokyo:Cirno","floor":12,"turns":6},{"damage":7,"enemies":"Gensokyo:Gryphon_and_Rabbit","floor":13,"turns":7},{"damage":47,"enemies":"Gensokyo:Kokoro","floor":16,"turns":16}],"seed_played":"-2140675964959666684","potions_obtained":[{"floor":1,"key":"Energy Potion"},{"floor":2,"key":"Strength Potion"},{"floor":6,"key":"Dexterity Potion"}],"is_trial":false,"path_per_floor":["M","M","M","?","?","E","R","E","T","R","?","E","M","COS","R","B"],"character_chosen":"THE_SERVANT","items_purchased":[],"campfire_rested":1,"item_purchase_floors":[],"current_hp_per_floor":[65,63,63,69,69,65,65,43,43,43,40,20,13,13,36,0,0],"gold":61,"neow_bonus":"THREE_ENEMY_KILL","is_daily":false,"chose_seed":false,"campfire_upgraded":1,"win_rate":0.0,"timestamp":1613225413,"path_taken":["M","M","?","?","?","E","R","E","T","R","?","E","M","COS","R","BOSS"],"items_purchased_type":[],"build_version":"2020-12-22","purchased_purges":0,"victory":false,"max_hp_per_floor":[65,65,65,71,71,71,71,71,71,71,78,78,78,78,78,78,78],"card_choices":[{"not_picked":["Collapse","Shuttle"],"picked":"StarChef","floor":1},{"not_picked":["Replace","Moondial"],"picked":"DoubleEdge","floor":2},{"not_picked":["DoubleEdge","Ricochet"],"picked":"Manipulate","floor":3},{"not_picked":["StarChef","Unruled","DoubleEdge"],"picked":"SKIP","floor":6},{"not_picked":["Deadline+1","Unruled"],"picked":"Solidify+1","floor":8},{"not_picked":["Potential","Gouge"],"picked":"Moondial+1","floor":12},{"not_picked":["Revamp+1","Potential"],"picked":"SpecialFormula+1","floor":13}],"player_experience":742710,"relics_obtained":[{"floor":6,"key":"Old Coin"},{"floor":8,"key":"Toxic Egg 2"},{"floor":12,"key":"Omamori"}],"event_choices":[],"is_beta":false,"boss_relics":[],"items_purged_floors":[],"is_endless":false,"potions_floor_spawned":[1,2,6],"killed_by":"Gensokyo:Kokoro","ascension_level":2}}