{"host":"gfxjwtol062e9znw","time":1613191592,"event":{"mods":["BaseMod","Colored Map","Minty Spire (QoL Compilation)","Rare Cards Sparkle","StSLib"],"gold_per_floor":[116,132,146,146,146,176,176,209,232,244,3,3,51,83,83,83,83],"floor_reached":16,"language":"ENG","playtime":623,"items_purged":[],"score":186,"play_id":"66252429-9553-4448-95d2-9b507b474a36","local_time":"20210213154632","is_ascension_mode":true,"campfire_choices":[{"floor":7,"key":"REST"},{"floor":15,"key":"REST"}],"circlet_count":0,"master_deck":["AscendersBane","Strike_R","Strike_R","Strike_R","Strike_R+1","Strike_R","Defend_R+1","Defend_R","Defend_R","Defend_R","Bash","Wild Strike","Perfected Strike","Uppercut","Twin Strike","True Grit","Bludgeon","Hemokinesis","Dual Wield","Warcry"],"relics":["Burning Blood","Pen Nib","Regal Pillow","PreservedInsect","Art of War","Golden Idol","CeramicFish"],"acts_visited":["Exordium"],"potions_floor_usage":[13,13],"damage_taken":[{"damage":20,"enemies":"Small Slimes","floor":1,"turns":4},{"damage":9,"enemies":"2 Louse","floor":2,"turns":2},{"damage":7,"enemies":"Jaw Worm","floor":3,"turns":3},{"damage":30,"enemies":"Lagavulin","floor":6,"turns":5},{"damage":20,"enemies":"Gremlin Nob","floor":8,"turns":4},{"damage":15,"enemies":"Gremlin Gang","floor":10,"turns":6},{"damage":12,"enemies":"3 Sentries","floor":13,"turns":5},{"damage":5,"enemies":"Exordium Wildlife","floor":14,"turns":2},{"damage":72,"enemies":"Hexaghost","floor":16,"turns":9}],"seed_played":"-8966033727404909157","potions_obtained":[{"floor":8,"key":"ColorlessPotion"},{"floor":10,"key":"Block Potion"},{"floor":13,"key":"Energy Potion"}],"is_trial":false,"path_per_floor":["M","M","M","?","?","E","R","E","T","M","$","?","E","M","R","B"],"character_chosen":"IRONCLAD","items_purchased":["Bludgeon","Hemokinesis","Energy Potion"],"campfire_rested":2,"item_purchase_floors":[11,11,11],"current_hp_per_floor":[58,55,54,80,64,40,79,65,65,56,56,36,30,31,70,0,0],"gold":83,"neow_bonus":"RANDOM_COMMON_RELIC","is_daily":false,"chose_seed":false,"campfire_upgraded":0,"win_rate":0.0,"timestamp":1613191592,"path_taken":["M","M","M","?","?","E","R","E","T","M","$","?","E","M","R","BOSS"],"items_purchased_type":["Card","Card","Potion"],"build_version":"2020-12-22","purchased_purges":0,"victory":false,"max_hp_per_floor":[80,80,80,80,80,80,80,80,80,80,80,80,80,80,80,80,80],"card_choices":[{"not_picked":["Headbutt","Cleave"],"picked":"Wild Strike","floor":1},{"not_picked":["Havoc","Twin Strike"],"picked":"Perfected Strike","floor":2},{"not_picked":["Wild Strike","Power Through"],"picked":"Uppercut","floor":3},{"not_picked":["Impervious","Combust"],"picked":"Twin Strike","floor":6},{"not_picked":["Dual Wield","Anger"],"picked":"True Grit","floor":8},{"not_picked":["Sentinel","Rupture","Twin Strike"],"picked":"SKIP","floor":10},{"not_picked":["Corruption","Clothesline"],"picked":"Dual Wield","floor":13},{"not_picked":["Clash","Body Slam"],"picked":"Warcry","floor":14}],"player_experience":161078,"relics_obtained":[{"floor":6,"key":"Regal Pillow"},{"floor":8,"key":"PreservedInsect"},{"floor":9,"key":"Art of War"},{"floor":13,"key":"CeramicFish"}],"event_choices":[{"damage_healed":26,"gold_gain":0,"player_choice":"Banana","damage_taken":0,"max_hp_gain":0,"max_hp_loss":0,"event_name":"Big Fish","floor":4,"gold_loss":0},{"damage_healed":0,"gold_gain":0,"player_choice":"Entered Light","damage_taken":16,"max_hp_gain":0,"max_hp_loss":0,"event_name":"Shining Light","floor":5,"gold_loss":0,"cards_upgraded":["Defend_R","Strike_R"]},{"damage_healed":0,"gold_gain":0,"player_choice":"Take Damage","damage_taken":20,"relics_obtained":["Golden Idol"],"max_hp_gain":0,"max_hp_loss":0,"event_name":"Golden Idol","floor":12,"gold_loss":0}],"is_beta":false,"boss_relics":[],"items_purged_floors":[],"is_endless":false,"potions_floor_spawned":[8,10,13],"killed_by":"Hexaghost","ascension_level":11}}