{"host":"5inz41fcnifmg6v2","time":1613215433,"event":{"mods":["BaseMod","Downfall","Minty Spire (QoL Compilation)","Reliquary","Replay The Spire","StSLib"],"gold_per_floor":[119,223,234,234,8,8,42,217,289,289,364,403,417,440,440,570,570,593,611,135,50,65,65,99,118,167,167,167,167,210,210,210,229,229,350,350,370,370,370],"floor_reached":38,"language":"ZHS","playtime":2573,"items_purged":["Strike_R","Doubt"],"score":515,"play_id":"905f5b58-6b30-4cd9-8d85-6f74549d076c","local_time":"20210213192353","is_ascension_mode":true,"campfire_choices":[{"floor":6,"key":"RECALL"},{"data":"Infernal Blade","floor":10,"key":"SMITH"},{"floor":15,"key":"REST"},{"data":"Berserk","floor":23,"key":"SMITH"},{"floor":27,"key":"REST"},{"floor":34,"key":"REST"}],"circlet_count":0,"master_deck":["Strike_R","Strike_R","Strike_R","Strike_R","Defend_R","Defend_R","Defend_R","Defend_R","Bash","Cleave","ReplayTheSpireMod:LeadingStrike","ReplayTheSpireMod:Muscle Training","Infernal Blade+1","Inflame","Pummel","Flex","Rage","Berserk+1","Barricade","Seeing Red+1","Flex","Entrench","Mayhem","Heavy Blade","Blood for Blood","Dual Wield","Replay:Undeath\u0027s Touch+1","J.A.X.","Writhe","ReplayTheSpireMod:Limb From Limb+1","Juggernaut+1","Sword Boomerang+1"],"relics":["Burning Blood","NeowsBlessing","Golden Idol","ReplayTheSpireMod:TigerMarble","Divine Protection","Mirror","MealTicket","Honey Jar","Sling","reliquary:FeatherDuster","Replay:Mystery Machine","Frozen Egg 2","Toy Ornithopter","ReplayTheSpireMod:DimensionalGlitch"],"acts_visited":["Exordium","TheCity","TheBeyond"],"potions_floor_usage":[22,35,35,37],"damage_taken":[{"damage":0,"enemies":"Jaw Worm","floor":1,"turns":1},{"damage":0,"enemies":"Small Slimes","floor":3,"turns":1},{"damage":0,"enemies":"Lagavulin","floor":7,"turns":1},{"damage":19,"enemies":"Gremlin Nob","floor":12,"turns":4},{"damage":0,"enemies":"2 Louse","floor":13,"turns":2},{"damage":5,"enemies":"Blue Slaver","floor":14,"turns":2},{"damage":37,"enemies":"The Guardian","floor":16,"turns":8},{"damage":17,"enemies":"2 Thieves","floor":18,"turns":5},{"damage":9,"enemies":"Spheric Guardian","floor":19,"turns":4},{"damage":31,"enemies":"Shelled Parasite and Fungi","floor":22,"turns":7},{"damage":19,"enemies":"Slavers","floor":24,"turns":5},{"damage":17,"enemies":"Snake Plant","floor":25,"turns":3},{"damage":11,"enemies":"Book of Stabbing","floor":30,"turns":3},{"damage":10,"enemies":"Centurion and Healer","floor":33,"turns":4},{"damage":31,"enemies":"Automaton","floor":35,"turns":6},{"damage":35,"enemies":"3 Darklings","floor":37,"turns":4},{"damage":62,"enemies":"3 Shapes","floor":38,"turns":4}],"seed_played":"4872608572830926645","potions_obtained":[{"floor":3,"key":"SpeedPotion"},{"floor":7,"key":"Elixir"},{"floor":13,"key":"Energy Potion"},{"floor":19,"key":"Elixir"},{"floor":25,"key":"EssenceOfSteel"},{"floor":35,"key":"SteroidPotion"},{"floor":37,"key":"SteroidPotion"}],"is_trial":false,"path_per_floor":["M","?","M","?","$","R","E","?","T","R","?","E","M","M","R","B",null,"M","M","$","?","M","R","E","M","T","R","PTL","PTL","E","?","?","M","R","B",null,"M","M"],"character_chosen":"IRONCLAD","items_purchased":["ReplayTheSpireMod:TigerMarble","Entrench","Sling","Mayhem"],"campfire_rested":3,"item_purchase_floors":[5,20,20,20],"current_hp_per_floor":[80,80,80,60,60,60,66,66,66,66,55,42,48,49,73,42,80,69,66,80,80,58,58,45,34,34,58,58,58,53,53,53,49,73,58,83,54,0,0],"gold":370,"neow_bonus":"THREE_ENEMY_KILL","is_daily":false,"chose_seed":false,"campfire_upgraded":2,"win_rate":0.0,"timestamp":1613215433,"path_taken":["M","?","M","?","$","R","E","?","T","R","?","E","?","M","R","BOSS","M","M","$","?","M","R","E","M","T","R","PTL","PTL","E","?","?","M","R","BOSS","M","M"],"items_purchased_type":["Relic","Card","Relic","Card"],"build_version":"2020-12-22","purchased_purges":2,"victory":false,"max_hp_per_floor":[80,80,80,80,80,80,80,80,80,80,80,80,80,80,80,80,80,80,80,80,80,83,83,83,83,83,83,83,83,83,83,83,83,83,83,83,83,83,83],"card_choices":[{"not_picked":["Shrug It Off","Intimidate"],"picked":"Cleave","floor":1},{"not_picked":["Pommel Strike","Thunderclap"],"picked":"ReplayTheSpireMod:LeadingStrike","floor":2},{"not_picked":["Whirlwind","Infernal Blade"],"picked":"ReplayTheSpireMod:Muscle Training","floor":2},{"not_picked":["Clash","Hemogenesis"],"picked":"Infernal Blade","floor":2},{"not_picked":["Sword Boomerang","Armaments"],"picked":"Inflame","floor":3},{"not_picked":["Twin Strike","Run Through"],"picked":"Pummel","floor":7},{"not_picked":["Iron Wave","Evolve"],"picked":"Flex","floor":12},{"not_picked":["Perfected Strike","Warcry"],"picked":"Rage","floor":13},{"not_picked":["Warcry","Replay:Undeath\u0027s Touch"],"picked":"Berserk","floor":14},{"not_picked":["Berserk","Immolate"],"picked":"Barricade","floor":16},{"not_picked":["True Grit","ReplayTheSpireMod:LeadingStrike+1","Abandon"],"picked":"Seeing Red+1","floor":18},{"not_picked":["Clothesline+1","True Grit+1","Havoc"],"picked":"Flex","floor":19},{"not_picked":["Havoc","Thunderclap","ReplayTheSpireMod:Strike From Hell"],"picked":"Heavy Blade","floor":22},{"not_picked":["True Grit","Carnage","Defy Death"],"picked":"Blood for Blood","floor":24},{"not_picked":["Warcry","Perfected Strike","Uppercut+1"],"picked":"Dual Wield","floor":25},{"not_picked":["Defy Death","Massacre","Body Slam+1"],"picked":"Replay:Undeath\u0027s Touch+1","floor":30},{"not_picked":["Iron Wave","Replay:Undeath\u0027s Touch+1","Pommel Strike"],"picked":"ReplayTheSpireMod:Limb From Limb+1","floor":33},{"not_picked":["Fiend Fire","Immolate","Impervious"],"picked":"Juggernaut+1","floor":35},{"not_picked":["Havoc","Clothesline","Warcry+1"],"picked":"Sword Boomerang+1","floor":37}],"player_experience":96010,"relics_obtained":[{"floor":7,"key":"Divine Protection"},{"floor":9,"key":"Mirror"},{"floor":12,"key":"MealTicket"},{"floor":24,"key":"Replay:Mystery Machine"},{"floor":30,"key":"Frozen Egg 2"}],"event_choices":[{"damage_healed":0,"gold_gain":0,"player_choice":"Take Damage","damage_taken":20,"relics_obtained":["Golden Idol"],"max_hp_gain":0,"max_hp_loss":0,"event_name":"Golden Idol","floor":4,"gold_loss":0},{"damage_healed":0,"gold_gain":175,"player_choice":"AGREE","damage_taken":0,"max_hp_gain":0,"max_hp_loss":0,"event_name":"Liars Game","floor":8,"gold_loss":0,"cards_obtained":["Doubt"]},{"damage_healed":0,"gold_gain":75,"player_choice":"Gather Gold","damage_taken":11,"max_hp_gain":0,"max_hp_loss":0,"event_name":"World of Goop","floor":11,"gold_loss":0},{"damage_healed":0,"gold_gain":0,"player_choice":"Obtained Relic","damage_taken":0,"relics_obtained":["reliquary:FeatherDuster"],"max_hp_gain":0,"max_hp_loss":0,"event_name":"Addict","floor":21,"gold_loss":85},{"damage_healed":0,"gold_gain":0,"player_choice":"Obtain J.A.X.","damage_taken":0,"max_hp_gain":0,"max_hp_loss":0,"event_name":"Drug Dealer","floor":31,"gold_loss":0,"cards_obtained":["J.A.X."]},{"damage_healed":0,"gold_gain":0,"player_choice":"Opened","damage_taken":0,"relics_obtained":["Toy Ornithopter"],"max_hp_gain":0,"max_hp_loss":0,"event_name":"The Mausoleum","floor":32,"gold_loss":0,"cards_obtained":["Writhe"]}],"is_beta":false,"boss_relics":[{"not_picked":["SacredBark","Replay:Wanted Poster"],"picked":"Honey Jar"},{"not_picked":["reliquary:WritOfMandamus","Black Blood"],"picked":"ReplayTheSpireMod:DimensionalGlitch"}],"items_purged_floors":[5,20],"is_endless":false,"potions_floor_spawned":[3,7,13,14,16,19,25,35,37],"killed_by":"3 Shapes","ascension_level":2}}