{"host":"uy3vg6glkp8m6iit","time":1613205971,"event":{"mods":["AchievementEnabler","BaseMod","Colored Map","DeckTracker","Highlight Path","Keyboard Shortcuts","Minty Spire (QoL Compilation)","Quick Restart","Random Character Button","Rare Cards Sparkle","Relic Stats","StSLib","everything is the same but u backflip on backflip"],"gold_per_floor":[117,117,134,149,109,109,119,139,166,166,48,67,23,36,36,107,107,120,120,61,61,71,71,88,115,115,115,115],"floor_reached":27,"language":"KOR","playtime":1043,"items_purged":["Strike_G"],"score":450,"play_id":"d7be64d2-2d90-4595-be0d-2df4d698ac73","local_time":"20210213174611","is_ascension_mode":true,"campfire_choices":[{"data":"Skewer","floor":6.0,"key":"SMITH"},{"data":"Dagger Spray","floor":10.0,"key":"SMITH"},{"data":"Cloak And Dagger","floor":15.0,"key":"SMITH"},{"data":"Crippling Poison","floor":23.0,"key":"SMITH"}],"circlet_count":0,"master_deck":["AscendersBane","Strike_G+1","Strike_G+1","Strike_G+1","Defend_G+1","Defend_G+1","Defend_G+1","Defend_G+1","Defend_G+1","Survivor","Neutralize","Acrobatics+1","Dagger Throw","Cloak And Dagger+1","Skewer+1","Infinite Blades","Dagger Spray+1","Accuracy","Tactician+1","Envenom","Crippling Poison+1","Blade Dance","PiercingWail"],"relics":["Ring of the Snake","Nunchaku","Black Star","Blood Vial","War Paint","Omamori"],"acts_visited":["Exordium","TheCity"],"potions_floor_usage":[25,27],"damage_taken":[{"damage":12.0,"enemies":"Jaw Worm","floor":1.0,"turns":8.0},{"damage":0.0,"enemies":"Cultist","floor":3.0,"turns":4.0},{"damage":0.0,"enemies":"2 Louse","floor":4.0,"turns":4.0},{"damage":0.0,"enemies":"Looter","floor":5.0,"turns":4.0},{"damage":7.0,"enemies":"Red Slaver","floor":7.0,"turns":5.0},{"damage":1.0,"enemies":"2 Fungi Beasts","floor":8.0,"turns":3.0},{"damage":0.0,"enemies":"3 Louse","floor":12.0,"turns":4.0},{"damage":0.0,"enemies":"Gremlin Gang","floor":14.0,"turns":1.0},{"damage":10.0,"enemies":"Slime Boss","floor":16.0,"turns":6.0},{"damage":2.0,"enemies":"Chosen","floor":18.0,"turns":5.0},{"damage":22.0,"enemies":"Spheric Guardian","floor":22.0,"turns":6.0},{"damage":23.0,"enemies":"Shelled Parasite and Fungi","floor":24.0,"turns":6.0},{"damage":30,"enemies":"Book of Stabbing","floor":25,"turns":7},{"damage":13,"enemies":"Slavers","floor":27,"turns":1}],"seed_played":"-2597499740105430766","potions_obtained":[{"floor":2.0,"key":"BlessingOfTheForge"},{"floor":2.0,"key":"CultistPotion"},{"floor":3.0,"key":"FairyPotion"},{"floor":16.0,"key":"Weak Potion"},{"floor":24.0,"key":"PowerPotion"},{"floor":25,"key":"EssenceOfSteel"}],"is_trial":false,"path_per_floor":["M","?","M","M","M","R","M","M","T","R","$","M","$","M","R","B",null,"M","?","$","?","M","R","M","E","T","E"],"character_chosen":"THE_SILENT","items_purchased":["Accuracy","Tactician","PiercingWail"],"campfire_rested":0,"item_purchase_floors":[11,13,20],"current_hp_per_floor":[47,47,47,47,47,47,40,39,39,39,39,39,39,39,39,29,57,55,55,55,55,33,33,10,7,7,0,0],"gold":115,"neow_bonus":"TRANSFORM_CARD","is_daily":false,"chose_seed":false,"campfire_upgraded":4,"win_rate":0.0,"timestamp":1613205971,"path_taken":["M","?","?","M","M","R","M","M","T","R","$","M","?","M","R","BOSS","M","?","$","?","M","R","M","E","T","E"],"items_purchased_type":["Card","Card","Card"],"build_version":"2020-12-22","purchased_purges":1,"victory":false,"max_hp_per_floor":[66,66,66,66,66,66,66,66,66,66,66,66,66,66,66,66,66,66,66,66,66,66,66,66,66,66,66,66],"relic_stats":{"Blood Vial":2,"Nunchaku":[9],"counters":[14,64],"Black Star":1,"War Paint":["Acrobatics","Tactician"],"obtain_stats":[{"Blood Vial":25,"Nunchaku":9,"Black Star":17,"Omamori":26,"War Paint":25,"Ring of the Snake":0},{"Blood Vial":13,"Nunchaku":6,"Black Star":9,"Omamori":13,"War Paint":13,"Ring of the Snake":0},{"Blood Vial":63,"Nunchaku":28,"Black Star":39,"Omamori":63,"War Paint":63,"Ring of the Snake":0}],"Ring of the Snake":[28]},"card_choices":[{"not_picked":["Cloak And Dagger","Outmaneuver"],"picked":"Dagger Throw","floor":1.0},{"not_picked":["Dodge and Roll","Quick Slash"],"picked":"Cloak And Dagger","floor":3.0},{"not_picked":["Finisher","Distraction","Acrobatics"],"picked":"SKIP","floor":4.0},{"not_picked":["Heel Hook","Outmaneuver"],"picked":"Skewer","floor":5.0},{"not_picked":["Predator","Calculated Gamble"],"picked":"Infinite Blades","floor":7.0},{"not_picked":["Deadly Poison","Night Terror"],"picked":"Dagger Spray","floor":8.0},{"not_picked":["Underhanded Strike","Prepared","Flying Knee"],"picked":"SKIP","floor":12.0},{"not_picked":["Prepared","Quick Slash","Skewer"],"picked":"SKIP","floor":14.0},{"not_picked":["A Thousand Cuts","Unload"],"picked":"Envenom","floor":16.0},{"not_picked":["Concentrate","PiercingWail"],"picked":"Crippling Poison","floor":18.0},{"not_picked":["Quick Slash","Poisoned Stab","Choke"],"picked":"SKIP","floor":22.0},{"not_picked":["Sucker Punch","Endless Agony","Quick Slash"],"picked":"SKIP","floor":24.0},{"not_picked":["Deadly Poison","Tools of the Trade","Dash"],"picked":"SKIP","floor":25}],"player_experience":1520592,"relics_obtained":[{"floor":9.0,"key":"Nunchaku"},{"floor":25,"key":"Blood Vial"},{"floor":25,"key":"War Paint"},{"floor":26,"key":"Omamori"}],"event_choices":[{"damage_healed":0.0,"max_hp_gain":0.0,"max_hp_loss":0.0,"gold_gain":0.0,"event_name":"Lab","player_choice":"Got Potions","floor":2.0,"gold_loss":0.0,"damage_taken":0.0},{"damage_healed":0.0,"max_hp_gain":0.0,"max_hp_loss":0.0,"gold_gain":0.0,"event_name":"The Library","player_choice":"Read","floor":19.0,"gold_loss":0.0,"damage_taken":0.0,"cards_obtained":["Blade Dance"]},{"damage_healed":0.0,"max_hp_gain":0.0,"max_hp_loss":0.0,"gold_gain":0.0,"event_name":"Back to Basics","player_choice":"Simplicity","floor":21.0,"gold_loss":0.0,"damage_taken":0.0,"cards_upgraded":["Strike_G","Strike_G","Strike_G","Defend_G","Defend_G","Defend_G","Defend_G","Defend_G"]}],"is_beta":false,"boss_relics":[{"not_picked":["Velvet Choker","Sozu"],"picked":"Black Star"}],"items_purged_floors":[11],"is_endless":false,"potions_floor_spawned":[3,4,8,12,16,24,25],"killed_by":"Slavers","ascension_level":20}}