{"host":"ul3z8ex5o8l5j7mh","time":1613245302,"event":{"mods":["AchievementEnabler","BaseMod","Bestiary","Colored Map","Colored Powertips","DeckTracker","Keyboard Shortcuts","Minty Spire (QoL Compilation)","Relic Sorter","Relic Stats","SuperFastMode"],"gold_per_floor":[116,116,66,66,79,93,128,144,144,144,175,192,46,23,23,23,23],"floor_reached":16,"language":"ENG","playtime":543,"items_purged":[],"score":132,"play_id":"c11e9352-4ea4-4221-a912-38fe568ae96e","local_time":"20210213204142","is_ascension_mode":true,"campfire_choices":[{"floor":10,"key":"REST"},{"floor":15,"key":"REST"}],"circlet_count":0,"master_deck":["Strike_R","Strike_R","Strike_R","Strike_R+1","Strike_R","Defend_R","Defend_R","Bash","Clash","Headbutt","Flame Barrier","Headbutt","Searing Blow","Shrug It Off"],"relics":["Tiny House","Mummified Hand","Shuriken","Paper Frog","Tiny Chest","Anchor"],"acts_visited":["Exordium"],"potions_floor_usage":[],"damage_taken":[{"damage":0,"enemies":"2 Louse","floor":1,"turns":3},{"damage":12,"enemies":"Jaw Worm","floor":5,"turns":2},{"damage":0,"enemies":"Small Slimes","floor":6,"turns":2},{"damage":46,"enemies":"Lagavulin","floor":7,"turns":6},{"damage":2,"enemies":"Blue Slaver","floor":8,"turns":3},{"damage":28,"enemies":"3 Sentries","floor":11,"turns":9},{"damage":4,"enemies":"Exordium Thugs","floor":12,"turns":4},{"damage":37,"enemies":"The Guardian","floor":16,"turns":8}],"seed_played":"-3652045343600669127","potions_obtained":[{"floor":8,"key":"ElixirPotion"},{"floor":11,"key":"ElixirPotion"},{"floor":12,"key":"SmokeBomb"}],"is_trial":false,"path_per_floor":["M","?","?","?","M","M","E","M","T","R","E","M","$","$","R","B"],"character_chosen":"IRONCLAD","items_purchased":["Anchor","Shrug It Off"],"campfire_rested":2,"item_purchase_floors":[13,14],"current_hp_per_floor":[85,82,82,75,63,63,17,15,15,40,12,8,8,8,33,0,0],"gold":23,"neow_bonus":"BOSS_RELIC","is_daily":false,"chose_seed":false,"campfire_upgraded":0,"win_rate":0.0,"timestamp":1613245302,"path_taken":["M","?","?","?","M","M","E","M","T","R","E","M","?","$","R","BOSS"],"items_purchased_type":["Relic","Card"],"build_version":"2020-12-22","purchased_purges":0,"victory":false,"max_hp_per_floor":[85,85,85,85,85,85,85,85,85,85,85,85,85,85,85,85,85],"relic_stats":{"counters":[8,37],"Mummified Hand":[0],"Shuriken":[5],"Tiny Chest":0,"obtain_stats":[{"Anchor":13,"Tiny House":0,"Mummified Hand":2,"Shuriken":7,"Tiny Chest":11,"Burning Blood":0,"Paper Frog":9},{"Anchor":7,"Tiny House":0,"Mummified Hand":1,"Shuriken":4,"Tiny Chest":6,"Burning Blood":0,"Paper Frog":5},{"Anchor":29,"Tiny House":0,"Mummified Hand":3,"Shuriken":13,"Tiny Chest":25,"Burning Blood":0,"Paper Frog":16}]},"card_choices":[{"not_picked":["True Grit","Warcry"],"picked":"Clash","floor":1},{"not_picked":["Whirlwind","Heavy Blade","Clothesline"],"picked":"SKIP","floor":5},{"not_picked":["Hemokinesis","Thunderclap"],"picked":"Headbutt","floor":6},{"not_picked":["Corruption","Inflame"],"picked":"Flame Barrier","floor":7},{"not_picked":["Whirlwind","Carnage"],"picked":"Headbutt","floor":8},{"not_picked":["Shockwave","Warcry","Heavy Blade"],"picked":"SKIP","floor":11},{"not_picked":["Havoc","Thunderclap"],"picked":"Searing Blow","floor":12}],"player_experience":362741,"relics_obtained":[{"floor":7,"key":"Shuriken"},{"floor":9,"key":"Paper Frog"},{"floor":11,"key":"Tiny Chest"}],"event_choices":[{"damage_healed":0,"gold_gain":0,"player_choice":"Success","damage_taken":3,"relics_obtained":["Mummified Hand"],"max_hp_gain":0,"max_hp_loss":0,"event_name":"Scrap Ooze","floor":2,"gold_loss":0},{"cards_removed":["Defend_R"],"damage_healed":0,"gold_gain":0,"player_choice":"Card Removal","damage_taken":0,"max_hp_gain":0,"max_hp_loss":0,"event_name":"The Cleric","floor":3,"gold_loss":50},{"cards_removed":["Defend_R"],"damage_healed":0,"gold_gain":0,"player_choice":"Card Removal","damage_taken":7,"max_hp_gain":0,"max_hp_loss":0,"event_name":"Golden Wing","floor":4,"gold_loss":0}],"is_beta":false,"boss_relics":[],"items_purged_floors":[],"is_endless":false,"potions_floor_spawned":[8,11,12],"killed_by":"The Guardian","ascension_level":4}}