{"host":"f2zkc2gsfwbibc34","time":1613208059,"event":{"mods":["AchievementEnabler","BaseMod","Better Note","Colored Map","Colored Powertips","Defuse TimeMaze Blight","Minty Spire (QoL Compilation)","Permanent Neow","StSLib","SuperFastMode","The Exalted"],"gold_per_floor":[115,135,235,248,248,248,280,298,298,317,78,78,94,78,78,180,180,200,200,200,140,150,150,176,189,189,206,36,36,36,50,50,150,150,161,214,89,89,100,100,129,145,145,164,164,191,191,42,42,42],"floor_reached":51,"language":"ENG","playtime":2145,"items_purged":["Bromod:Strike_Bro","Bromod:Strike_Bro","Bromod:Defend_Bro"],"score":802,"play_id":"f00d6d5b-cfa6-4961-8bfd-b157cea10294","local_time":"20210213102059","is_ascension_mode":false,"campfire_choices":[{"data":"Bromod:ArchwingLauncher","floor":6,"key":"SMITH"},{"data":"Bromod:BulletJump","floor":12,"key":"SMITH"},{"floor":15,"key":"REST"},{"data":"Bromod:SteelFiber","floor":23,"key":"SMITH"},{"floor":30,"key":"REST"},{"floor":32,"key":"REST"},{"data":"Bromod:ToxicBarrage","floor":40,"key":"SMITH"},{"floor":45,"key":"REST"},{"data":"Bromod:NoReturn","floor":49,"key":"SMITH"}],"circlet_count":0,"master_deck":["Bromod:Strike_Bro","Bromod:Defend_Bro","Bromod:Defend_Bro","Bromod:SlashDash+1","Bromod:SlashDash","Bromod:SlashDash+1","Bromod:ArchwingLauncher+1","Bromod:OrganShatter","Bromod:SpeedTrigger","Bromod:BulletJump+1","Bromod:Adaptation","Bromod:ChillingReload","Bromod:Rejuvenation+1","Bromod:JaggedEdge","Bromod:SteelFiber+1","Bromod:Vitality","Bromod:SteelFiber+1","Bromod:SteelCharge+1","Bromod:NorthWind","Sadistic Nature","Bromod:Rejuvenation+1","Bromod:ToxicBarrage+1","CurseOfTheBell","Bromod:SteelFiber","Bromod:SlashDash+1","Bromod:ContagiousSpread+1","Bromod:NoReturn+1","Bromod:FocusEnergy"],"relics":["Bromod:Ordis","Bromod:AscarisDevice","Pen Nib","Bromod:ArcaneTrickery","Bromod:ArcaneBarrier","Eternal Feather","Prayer Wheel","CaptainsWheel","Calling Bell","Boot","Bromod:ArcaneGuardian","Calipers","Girya","Vajra","Bromod:ArcanePistoleer","Bromod:ArcaneAegis","Whetstone"],"acts_visited":["Exordium","TheCity","TheBeyond"],"potions_floor_usage":[16,16,16,16,16,16,50,50,50,50,50,50],"damage_taken":[{"damage":0,"enemies":"Cultist","floor":1,"turns":4},{"damage":0,"enemies":"Small Slimes","floor":2,"turns":3},{"damage":0,"enemies":"Jaw Worm","floor":4,"turns":3},{"damage":42,"enemies":"3 Sentries","floor":7,"turns":14},{"damage":5,"enemies":"Looter","floor":8,"turns":2},{"damage":7,"enemies":"Gremlin Gang","floor":10,"turns":8},{"damage":0,"enemies":"Exordium Wildlife","floor":13,"turns":4},{"damage":10,"enemies":"Exordium Thugs","floor":14,"turns":5},{"damage":0,"enemies":"Hexaghost","floor":16,"turns":10},{"damage":16,"enemies":"3 Byrds","floor":18,"turns":13},{"damage":24,"enemies":"2 Thieves","floor":21,"turns":4},{"damage":4,"enemies":"Centurion and Healer","floor":22,"turns":11},{"damage":16,"enemies":"Book of Stabbing","floor":24,"turns":10},{"damage":6,"enemies":"Sentry and Sphere","floor":25,"turns":19},{"damage":3,"enemies":"Snecko","floor":27,"turns":13},{"damage":16,"enemies":"Snake Plant","floor":31,"turns":5},{"damage":9,"enemies":"Champ","floor":33,"turns":12},{"damage":0,"enemies":"Orb Walker","floor":35,"turns":4},{"damage":51,"enemies":"2 Orb Walkers","floor":36,"turns":6},{"damage":0,"enemies":"3 Darklings","floor":39,"turns":6},{"damage":2,"enemies":"Reptomancer","floor":41,"turns":6},{"damage":0,"enemies":"Transient","floor":42,"turns":5},{"damage":15,"enemies":"Spire Growth","floor":44,"turns":5},{"damage":5,"enemies":"Giant Head","floor":46,"turns":7},{"damage":14,"enemies":"Awakened One","floor":50,"turns":9}],"seed_played":"8190855093432056738","potions_obtained":[{"floor":2,"key":"CultistPotion"},{"floor":7,"key":"EntropicBrew"},{"floor":10,"key":"Swift Potion"},{"floor":27,"key":"Swift Potion"},{"floor":31,"key":"EntropicBrew"},{"floor":33,"key":"SneckoOil"},{"floor":36,"key":"Swift Potion"}],"is_trial":false,"path_per_floor":["M","M","?","M","?","R","E","M","T","M","$","R","M","M","R","B",null,"M","T","?","M","M","R","E","M","T","M","$","?","R","M","R","B",null,"M","?","$","?","M","R","E","M","T","M","R","E","?","$","R","B",null],"character_chosen":"THE_EXALTED","items_purchased":["Bromod:ChillingReload","Bromod:NorthWind","Whetstone"],"campfire_rested":4,"item_purchase_floors":[11,28,48],"current_hp_per_floor":[75,75,75,75,75,75,33,28,28,21,21,21,21,11,33,41,75,59,59,59,35,31,40,24,18,18,15,15,15,49,33,67,58,75,75,24,24,24,24,39,37,37,37,22,59,54,54,54,69,55],"gold":42,"neow_bonus":"THREE_CARDS","is_daily":false,"chose_seed":false,"campfire_upgraded":5,"win_rate":0.0,"timestamp":1613208059,"path_taken":["M","M","?","?","?","R","E","M","T","?","?","R","M","M","R","BOSS","M","?","?","M","M","R","E","M","T","M","?","?","R","M","R","BOSS","M","?","$","?","M","R","E","?","T","M","R","E","?","$","R","BOSS"],"items_purchased_type":["Card","Card","Relic"],"build_version":"2020-12-22","purchased_purges":3,"victory":true,"max_hp_per_floor":[75,75,75,75,75,75,75,75,75,75,75,75,75,75,75,75,75,75,75,75,75,75,75,75,75,75,75,75,75,75,75,75,75,75,75,75,75,75,75,75,75,75,75,75,75,75,75,75,75,75],"card_choices":[{"not_picked":["Bromod:HornetStrike","Bromod:Maglev"],"picked":"Bromod:ArchwingLauncher","floor":0},{"not_picked":["Bromod:Redirection","Bromod:FastHands"],"picked":"Bromod:OrganShatter","floor":1},{"not_picked":["Bromod:FastHands","Bromod:FinishingTouch","Bromod:ReflexCoil"],"picked":"SKIP","floor":2},{"not_picked":["Bromod:FastHands","Bromod:KillingBlow"],"picked":"Bromod:SpeedTrigger","floor":4},{"not_picked":["Bromod:Foundry","Bromod:ReflexCoil","Bromod:BloodRush"],"picked":"SKIP","floor":7},{"not_picked":["Bromod:FastHands","Bromod:Foundry"],"picked":"Bromod:BulletJump","floor":8},{"not_picked":["Bromod:FastHands","Bromod:QuickDraw"],"picked":"Bromod:Adaptation","floor":10},{"not_picked":["Bromod:Vitality","Bromod:BodyCount"],"picked":"Bromod:Rejuvenation","floor":13},{"not_picked":["Bromod:QuickDraw","Bromod:HornetStrike","Bromod:PressurePoint"],"picked":"SKIP","floor":14},{"not_picked":["Bromod:FocusEnergy","Bromod:VoltaicStrike"],"picked":"Bromod:JaggedEdge","floor":16},{"not_picked":["Bromod:Fury","Bromod:RadialBlind"],"picked":"Bromod:SteelFiber","floor":18},{"not_picked":["Bromod:BloodRush+1","Bromod:Redirection"],"picked":"Bromod:Vitality","floor":21},{"not_picked":["Bromod:HornetStrike","Bromod:Stretch","Bromod:FinishingTouch"],"picked":"SKIP","floor":22},{"not_picked":["Bromod:QuickDraw+1","Bromod:FastHands+1","Bromod:Fury"],"picked":"SKIP","floor":24},{"not_picked":["Bromod:SlashDash","Bromod:Serration"],"picked":"Bromod:SteelFiber+1","floor":25},{"not_picked":["Bromod:ReflexCoil","Bromod:BloodRush","Bromod:Foundry+1"],"picked":"SKIP","floor":25},{"not_picked":["Bromod:QuickDraw+1","Bromod:Redirection+1"],"picked":"Bromod:SteelCharge+1","floor":27},{"not_picked":["Bromod:ToxicBarrage","Bromod:Fury","Bromod:Patagium+1"],"picked":"SKIP","floor":27},{"not_picked":["Bromod:SlashDash+1","Bromod:SteelFiber"],"picked":"Bromod:Rejuvenation+1","floor":31},{"not_picked":["Bromod:Vitality","Bromod:Foundry+1","Bromod:SeismicWave+1"],"picked":"SKIP","floor":31},{"not_picked":["Bromod:Rage","Bromod:ChillingReload"],"picked":"Bromod:ToxicBarrage","floor":33},{"not_picked":["Bromod:SlipMagazine","Bromod:ReflexCoil","Bromod:Vitality"],"picked":"SKIP","floor":35},{"not_picked":["Bromod:OrganShatter","Bromod:Foundry","Bromod:Reflection+1"],"picked":"SKIP","floor":35},{"not_picked":["Bromod:QuickDraw+1","Bromod:ArchwingLauncher"],"picked":"Bromod:SteelFiber","floor":36},{"not_picked":["Bromod:Redirection+1","Bromod:OrganShatter"],"picked":"Bromod:SlashDash+1","floor":39},{"not_picked":["Bromod:BodyCount","Bromod:QuickThinking","Bromod:SlipMagazine"],"picked":"SKIP","floor":39},{"not_picked":["Bromod:BodyCount","Bromod:QuickThinking","Bromod:SlipMagazine"],"picked":"SKIP","floor":39},{"not_picked":["Bromod:PointStrike+1","Bromod:HornetStrike","Bromod:FastHands"],"picked":"SKIP","floor":41},{"not_picked":["Bromod:TargetCracker","Bromod:SlipMagazine+1"],"picked":"Bromod:ContagiousSpread+1","floor":42},{"not_picked":["Bromod:SpeedTrigger","Bromod:Redirection","Bromod:ArchwingLauncher+1"],"picked":"SKIP","floor":42},{"not_picked":["Bromod:FastHands+1","Bromod:BloodRush+1"],"picked":"Bromod:NoReturn","floor":44},{"not_picked":["Bromod:SlipMagazine+1","Bromod:KillingBlow+1","Bromod:PointStrike"],"picked":"SKIP","floor":44},{"not_picked":["Bromod:TargetCracker","Bromod:Stretch"],"picked":"Bromod:FocusEnergy","floor":46}],"player_experience":101421,"relics_obtained":[{"floor":7,"key":"Pen Nib"},{"floor":9,"key":"Bromod:ArcaneTrickery"},{"floor":19,"key":"Eternal Feather"},{"floor":24,"key":"Prayer Wheel"},{"floor":26,"key":"CaptainsWheel"},{"floor":34,"key":"Boot"},{"floor":34,"key":"Bromod:ArcaneGuardian"},{"floor":34,"key":"Calipers"},{"floor":36,"key":"Girya"},{"floor":41,"key":"Vajra"},{"floor":43,"key":"Bromod:ArcanePistoleer"},{"floor":46,"key":"Bromod:ArcaneAegis"}],"event_choices":[{"damage_healed":0,"gold_gain":100,"player_choice":"Pray","damage_taken":0,"max_hp_gain":0,"max_hp_loss":0,"event_name":"Golden Shrine","floor":3,"gold_loss":0},{"damage_healed":0,"gold_gain":0,"player_choice":"Bought 0 Potions","damage_taken":0,"max_hp_gain":0,"max_hp_loss":0,"event_name":"The Woman in Blue","floor":5,"gold_loss":0},{"cards_removed":["Sadistic Nature"],"damage_healed":0,"gold_gain":0,"player_choice":"Take \u0026 Give","damage_taken":0,"max_hp_gain":0,"max_hp_loss":0,"event_name":"betterNote:BetterNote","floor":29,"gold_loss":0,"cards_obtained":["Sadistic Nature"]},{"damage_healed":0,"gold_gain":0,"player_choice":"Fight","damage_taken":0,"max_hp_gain":0,"max_hp_loss":0,"event_name":"Mysterious Sphere","floor":36,"gold_loss":0},{"cards_removed":["Bromod:Defend_Bro"],"damage_healed":0,"gold_gain":0,"player_choice":"Purged","damage_taken":0,"max_hp_gain":0,"max_hp_loss":0,"event_name":"Purifier","floor":38,"gold_loss":0},{"damage_healed":0,"gold_gain":0,"player_choice":"Ignored","damage_taken":0,"max_hp_gain":0,"max_hp_loss":0,"event_name":"Tomb of Lord Red Mask","floor":47,"gold_loss":0}],"is_beta":false,"boss_relics":[{"not_picked":["Pandora\u0027s Box","Fusion Hammer"],"picked":"Bromod:ArcaneBarrier"},{"not_picked":["Runic Pyramid","Tiny House"],"picked":"Calling Bell"}],"items_purged_floors":[11,28,37],"is_endless":false,"potions_floor_spawned":[2,7,10,14,27,31,33,36,41,46],"ascension_level":0}}