{"host":"oigynbtg272c19pw","time":1613230044,"event":{"mods":["BaseMod","Colored Map","Minty Spire (QoL Compilation)","Relic Stats","Slay the Relics Exporter","StSLib"],"gold_per_floor":[113,123,19,19,19,19,29,64,64,84,84,100,100,119,119,198,198,213,213,213,213,232,232,263,263,263,263,263,276,287,320,320,394,394,411,411,430,430,444,475,494,512,512,547,547,572,587,587,587,587,587,587,587,35,62,62,62],"floor_reached":56,"playtime":3868,"items_purged":["Strike_P","Strike_P+1"],"score":2154,"play_id":"376da35b-362a-4161-8b3a-3c411307f1c0","local_time":"20210213162724","is_ascension_mode":true,"campfire_choices":[{"data":"Wallop","floor":6.0,"key":"SMITH"},{"floor":13.0,"key":"REST"},{"data":"Meditate","floor":15.0,"key":"SMITH"},{"data":"Vault","floor":23.0,"key":"SMITH"},{"floor":25.0,"key":"REST"},{"data":"Ghostly","floor":28.0,"key":"SMITH"},{"data":"Ghostly","floor":32.0,"key":"SMITH"},{"floor":45.0,"key":"RECALL"},{"data":"Ghostly","floor":49.0,"key":"SMITH"},{"data":"MentalFortress","floor":53,"key":"SMITH"}],"circlet_count":0,"master_deck":["AscendersBane","Defend_P","Defend_P","Defend_P","Defend_P","Eruption+1","Vigilance+1","FlurryOfBlows","Wallop+1","DeceiveReality","Meditate+1","CutThroughFate+1","Vault+1","WaveOfTheHand+1","Ghostly+1","Ghostly+1","Ghostly+1","Fasting2+1","MentalFortress+1","JustLucky"],"relics":["PureWater","Regal Pillow","CloakClasp","Bird Faced Urn","Runic Dome","Enchiridion","Dead Branch","Calipers","Whetstone","Busted Crown","InkBottle","TungstenRod","Centennial Puzzle","Shuriken","Lee\u0027s Waffle","Lantern"],"acts_visited":["Exordium","TheCity","TheBeyond","TheEnding"],"potions_floor_usage":[50,56,56],"damage_taken":[{"damage":0.0,"enemies":"Small Slimes","floor":1.0,"turns":4.0},{"damage":8.0,"enemies":"2 Louse","floor":2.0,"turns":2.0},{"damage":0.0,"enemies":"Jaw Worm","floor":7.0,"turns":5.0},{"damage":15.0,"enemies":"Lagavulin","floor":8.0,"turns":7.0},{"damage":6.0,"enemies":"Large Slime","floor":10.0,"turns":4.0},{"damage":0.0,"enemies":"Looter","floor":12.0,"turns":4.0},{"damage":1.0,"enemies":"Lots of Slimes","floor":14.0,"turns":4.0},{"damage":17.0,"enemies":"The Guardian","floor":16.0,"turns":15.0},{"damage":0.0,"enemies":"2 Thieves","floor":18.0,"turns":4.0},{"damage":0.0,"enemies":"Spheric Guardian","floor":22.0,"turns":4.0},{"damage":31.0,"enemies":"Slavers","floor":24.0,"turns":15.0},{"damage":3.0,"enemies":"3 Cultists","floor":29.0,"turns":6.0},{"damage":0.0,"enemies":"Sentry and Sphere","floor":30.0,"turns":7.0},{"damage":0.0,"enemies":"Gremlin Leader","floor":31.0,"turns":6.0},{"damage":3.0,"enemies":"Automaton","floor":33.0,"turns":11.0},{"damage":0.0,"enemies":"3 Darklings","floor":35.0,"turns":5.0},{"damage":0.0,"enemies":"3 Shapes","floor":37.0,"turns":5.0},{"damage":0.0,"enemies":"Sphere and 2 Shapes","floor":39.0,"turns":5.0},{"damage":6.0,"enemies":"Nemesis","floor":40.0,"turns":8.0},{"damage":1.0,"enemies":"Writhing Mass","floor":41.0,"turns":6.0},{"damage":0.0,"enemies":"Jaw Worm Horde","floor":42.0,"turns":7.0},{"damage":0.0,"enemies":"Giant Head","floor":44.0,"turns":10.0},{"damage":0.0,"enemies":"Reptomancer","floor":46.0,"turns":8.0},{"damage":0.0,"enemies":"Transient","floor":47.0,"turns":7.0},{"damage":14,"enemies":"Awakened One","floor":50,"turns":15},{"damage":0,"enemies":"Donu and Deca","floor":51,"turns":11},{"damage":33,"enemies":"Shield and Spear","floor":55,"turns":7},{"damage":22,"enemies":"The Heart","floor":56,"turns":11}],"seed_played":"-4286252987200358152","potions_obtained":[{"floor":12.0,"key":"LiquidMemories"},{"floor":14.0,"key":"Strength Potion"},{"floor":16.0,"key":"LiquidMemories"},{"floor":29.0,"key":"Weak Potion"},{"floor":30.0,"key":"GamblersBrew"},{"floor":35.0,"key":"Dexterity Potion"},{"floor":39.0,"key":"BlessingOfTheForge"},{"floor":55,"key":"ColorlessPotion"}],"is_trial":false,"path_per_floor":["M","M","$","?","?","R","M","E","T","M","?","M","R","M","R","B",null,"M","?","?","?","M","R","E","R","T","?","R","M","M","E","R","B",null,"M","?","M","?","M","E","M","M","T","E","R","E","M","?","R","B","B",null,"R","$","E","B"],"character_chosen":"WATCHER","items_purchased":["CrushJoints","Shuriken","Lee\u0027s Waffle"],"campfire_rested":2,"item_purchase_floors":[3,54,54],"current_hp_per_floor":[61,53,53,33,26,26,26,11,11,5,5,5,40,39,39,22,57,57,36,36,34,34,34,3,28,28,28,28,31,34,34,34,33,34,34,34,34,34,34,32,33,34,34,34,34,34,34,34,34,24,34,34,34,41,8,0,0],"gold":62,"neow_bonus":"RANDOM_COMMON_RELIC","is_daily":false,"chose_seed":false,"campfire_upgraded":7,"win_rate":0.0,"timestamp":1613230044,"path_taken":["M","M","$","?","?","R","M","E","T","M","?","M","R","M","R","BOSS","M","?","?","?","M","R","E","R","T","?","R","?","M","E","R","BOSS","M","?","M","?","M","E","M","M","T","E","R","E","?","?","R","BOSS","BOSS","R","$","E","BOSS"],"items_purchased_type":["Card","Relic","Relic"],"build_version":"2020-12-13","purchased_purges":2,"victory":false,"max_hp_per_floor":[68,68,68,68,68,68,68,68,68,68,68,68,68,68,68,68,68,68,68,68,34,34,34,34,34,34,34,34,34,34,34,34,34,34,34,34,34,34,34,34,34,34,34,34,34,34,34,34,34,34,34,34,34,41,41,41,41],"relic_stats":{"Regal Pillow":30,"Lee\u0027s Waffle":7,"counters":[28,203],"Dead Branch":[209],"CloakClasp":[756],"Whetstone":["Strike_P","CutThroughFate"],"Centennial Puzzle":[7],"Busted Crown":20,"Shuriken":[6],"Bird Faced Urn":[44],"obtain_stats":[{"Regal Pillow":0,"Lee\u0027s Waffle":54,"Lantern":55,"Calipers":26,"Dead Branch":24,"Enchiridion":19,"CloakClasp":8,"Whetstone":31,"Runic Dome":17,"Centennial Puzzle":46,"Busted Crown":34,"Shuriken":54,"Bird Faced Urn":9,"PureWater":0,"InkBottle":40,"TungstenRod":44},{"Regal Pillow":0,"Lee\u0027s Waffle":26,"Lantern":27,"Calipers":11,"Dead Branch":11,"Enchiridion":9,"CloakClasp":4,"Whetstone":14,"Runic Dome":8,"Centennial Puzzle":23,"Busted Crown":15,"Shuriken":26,"Bird Faced Urn":4,"PureWater":0,"InkBottle":19,"TungstenRod":22},{"Regal Pillow":0,"Lee\u0027s Waffle":185,"Lantern":192,"Calipers":68,"Dead Branch":68,"Enchiridion":49,"CloakClasp":18,"Whetstone":87,"Runic Dome":45,"Centennial Puzzle":152,"Busted Crown":98,"Shuriken":185,"Bird Faced Urn":18,"PureWater":0,"InkBottle":121,"TungstenRod":144}],"InkBottle":[46],"TungstenRod":11},"card_choices":[{"not_picked":["CutThroughFate","Evaluate"],"picked":"FlurryOfBlows","floor":1.0},{"not_picked":["EmptyBody","Halt"],"picked":"Wallop","floor":2.0},{"not_picked":["SashWhip","PathToVictory","WreathOfFlame"],"picked":"SKIP","floor":7.0},{"not_picked":["Worship","WheelKick"],"picked":"DeceiveReality","floor":8.0},{"not_picked":["Consecrate","Study"],"picked":"Meditate","floor":10.0},{"not_picked":["Prostrate","Weave"],"picked":"CutThroughFate","floor":12.0},{"not_picked":["FlurryOfBlows","ForeignInfluence","EmptyBody"],"picked":"SKIP","floor":14.0},{"not_picked":["Wish","Scrawl"],"picked":"Vault","floor":16.0},{"not_picked":["PathToVictory","FlurryOfBlows"],"picked":"WaveOfTheHand+1","floor":18.0},{"not_picked":["Conclude","Nirvana","CutThroughFate"],"picked":"SKIP","floor":22.0},{"not_picked":["Wallop","CrushJoints"],"picked":"Fasting2+1","floor":24.0},{"not_picked":["WreathOfFlame","CarveReality"],"picked":"MentalFortress","floor":29.0},{"not_picked":["BowlingBash","CutThroughFate","Devotion"],"picked":"SKIP","floor":30.0},{"not_picked":["FollowUp","Pray","Vengeance"],"picked":"SKIP","floor":31.0},{"not_picked":["FollowUp","Pray","Vengeance"],"picked":"SKIP","floor":31.0},{"not_picked":["WheelKick"],"picked":"SKIP","floor":35.0},{"not_picked":["JustLucky"],"picked":"SKIP","floor":37.0},{"not_picked":[],"picked":"JustLucky","floor":37.0},{"not_picked":["CutThroughFate"],"picked":"SKIP","floor":39.0},{"not_picked":["Halt"],"picked":"SKIP","floor":40.0},{"not_picked":["Pray"],"picked":"SKIP","floor":41.0},{"not_picked":["Meditate"],"picked":"SKIP","floor":42.0},{"not_picked":["BattleHymn"],"picked":"SKIP","floor":44.0},{"not_picked":["Conclude"],"picked":"SKIP","floor":46.0},{"not_picked":["SashWhip"],"picked":"SKIP","floor":47.0},{"not_picked":["Consecrate"],"picked":"SKIP","floor":55}],"player_experience":1594819,"relics_obtained":[{"floor":8.0,"key":"CloakClasp"},{"floor":9.0,"key":"Bird Faced Urn"},{"floor":19.0,"key":"Enchiridion"},{"floor":24.0,"key":"Dead Branch"},{"floor":26.0,"key":"Calipers"},{"floor":31.0,"key":"Whetstone"},{"floor":40.0,"key":"InkBottle"},{"floor":44.0,"key":"TungstenRod"},{"floor":46.0,"key":"Centennial Puzzle"},{"floor":55,"key":"Lantern"}],"event_choices":[{"damage_healed":0.0,"max_hp_gain":0.0,"max_hp_loss":0.0,"gold_gain":0.0,"event_name":"Shining Light","player_choice":"Entered Light","floor":4.0,"gold_loss":0.0,"damage_taken":20.0,"cards_upgraded":["Vigilance","Eruption"]},{"cards_removed":["Strike_P"],"damage_healed":0.0,"max_hp_gain":0.0,"max_hp_loss":0.0,"gold_gain":0.0,"event_name":"Golden Wing","player_choice":"Card Removal","floor":5.0,"gold_loss":0.0,"damage_taken":7.0},{"damage_healed":0.0,"max_hp_gain":0.0,"max_hp_loss":0.0,"gold_gain":0.0,"event_name":"Scrap Ooze","player_choice":"Fled","floor":11.0,"gold_loss":0.0,"damage_taken":0.0},{"damage_healed":0.0,"max_hp_gain":0.0,"max_hp_loss":0.0,"gold_gain":0.0,"event_name":"Cursed Tome","player_choice":"Obtained Book","floor":19.0,"gold_loss":0.0,"damage_taken":21.0},{"damage_healed":0.0,"max_hp_gain":0.0,"max_hp_loss":0.0,"gold_gain":0.0,"event_name":"Vampires","player_choice":"Ignored","floor":20.0,"gold_loss":0.0,"damage_taken":0.0},{"damage_healed":0.0,"max_hp_gain":0.0,"max_hp_loss":34.0,"gold_gain":0.0,"event_name":"Ghosts","player_choice":"Became a Ghost","floor":21.0,"gold_loss":0.0,"damage_taken":0.0,"cards_obtained":["Ghostly","Ghostly","Ghostly"]},{"cards_removed":["Strike_P"],"damage_healed":0.0,"max_hp_gain":0.0,"max_hp_loss":0.0,"gold_gain":0.0,"event_name":"Back to Basics","player_choice":"Elegance","floor":27.0,"gold_loss":0.0,"damage_taken":0.0},{"cards_removed":["CrushJoints"],"damage_healed":0.0,"max_hp_gain":0.0,"max_hp_loss":0.0,"gold_gain":0.0,"event_name":"Falling","player_choice":"Removed Attack","floor":36.0,"gold_loss":0.0,"damage_taken":0.0},{"damage_healed":0.0,"max_hp_gain":0.0,"max_hp_loss":0.0,"gold_gain":0.0,"event_name":"SecretPortal","player_choice":"Ignored","floor":38.0,"gold_loss":0.0,"damage_taken":0.0},{"damage_healed":0.0,"max_hp_gain":0.0,"max_hp_loss":0.0,"gold_gain":0.0,"event_name":"Tomb of Lord Red Mask","player_choice":"Ignored","floor":48.0,"gold_loss":0.0,"damage_taken":0.0}],"is_beta":false,"boss_relics":[{"not_picked":["Pandora\u0027s Box","HolyWater"],"picked":"Runic Dome"},{"not_picked":["Runic Pyramid","SacredBark"],"picked":"Busted Crown"}],"items_purged_floors":[3,54],"is_endless":false,"potions_floor_spawned":[12,14,16,29,30,31,35,39,42,46,47,55],"killed_by":"The Heart","ascension_level":20}}