{"host":"q349ucdsdrgdzjwk","time":1613256685,"event":{"mods":["2.2 Compatiblity","A Penny For Your Troubles","AchievementEnabler","BaseMod","Beaked The Cultist","Better Altar","Better Match","Better Note","Better Skull","Better Third Choice","Better Vampires","BetterRewards","Displayed Cursed Tome","Downfall","Energized Spire","Friendly Minions","Googly Eyes","Gremlin Mod","Hermit","Hubris","Infinite Spire","Marisa????????","Minty Spire (QoL Compilation)","Permanent Neow","Relic Filter Mod","Reliquary","Replay The Spire","Robot Space Explorer","Shop Mod","Spire Arcade","StSLib","The Construct","The Cursed","The Disciple","The Marked","The Necromancer","The Servant 0.9.4","TheVacant","Transform Curses"],"gold_per_floor":[363,413,413,127,97,200,252,252,252,267,267],"floor_reached":10,"language":"ENG","playtime":402,"items_purged":["ReplayTheSpireMod:Restless Dread"],"score":90,"play_id":"08bff938-39af-42f8-bcc9-fb37da5b9087","local_time":"20210213225125","is_ascension_mode":true,"campfire_choices":[{"data":"Barricade","floor":8,"key":"SMITH"}],"circlet_count":0,"master_deck":["Strike_R","Strike_R","Strike_R","Strike_R","Strike_R","Defend_R","Defend_R","Defend_R","Defend_R","Bash","Strike_P","Defend_B","Twin Strike","Barricade+1","Clumsy","Rampage"],"relics":["Burning Blood","Ring of Greed","Replay:Bandana","Blue Doll","ReplayTheSpireMod:Ring of Collecting","Pen Nib","betterThird:SlimedRelic","reliquary:RosewoodLute","Ring of Panic","infinitespire:PuzzleCube"],"acts_visited":["Exordium"],"potions_floor_usage":[],"damage_taken":[{"damage":4,"enemies":"Small Slimes","floor":1,"turns":3},{"damage":60,"enemies":"3 Sentries","floor":6,"turns":14},{"damage":0,"enemies":"Jaw Worm","floor":7,"turns":3},{"damage":19,"enemies":"Replay:BlueRogue","floor":10,"turns":2}],"seed_played":"6451720286429035900","potions_obtained":[],"is_trial":false,"path_per_floor":["M","?","?","$","?","E","M","R","T","E"],"character_chosen":"IRONCLAD","items_purchased":["Barricade","Pen Nib"],"campfire_rested":0,"item_purchase_floors":[4,4],"current_hp_per_floor":[74,74,74,74,63,9,15,15,15,0,0],"gold":267,"neow_bonus":"TWO_FIFTY_GOLD","is_daily":false,"chose_seed":false,"campfire_upgraded":1,"win_rate":0.0,"timestamp":1613256685,"path_taken":["M","?","?","$","?","E","M","R","T","E"],"items_purchased_type":["Card","Relic"],"build_version":"2020-12-22","purchased_purges":1,"victory":false,"max_hp_per_floor":[80,80,80,80,80,80,80,80,80,80,80],"card_choices":[{"not_picked":["Havoc","Shrug It Off"],"picked":"Twin Strike","floor":1},{"not_picked":["Bludgeon","Sever Soul"],"picked":"Rampage","floor":6},{"not_picked":["Power Through","Whirlwind","Wild Strike"],"picked":"SKIP","floor":7}],"player_experience":469210,"relics_obtained":[{"floor":2,"key":"Ring of Greed"},{"floor":2,"key":"Replay:Bandana"},{"floor":2,"key":"Blue Doll"},{"floor":2,"key":"ReplayTheSpireMod:Ring of Collecting"},{"floor":6,"key":"reliquary:RosewoodLute"},{"floor":9,"key":"Ring of Panic"},{"floor":9,"key":"infinitespire:PuzzleCube"}],"event_choices":[{"damage_healed":0,"gold_gain":0,"player_choice":"Ignored","damage_taken":413,"max_hp_gain":0,"max_hp_loss":0,"event_name":"betterThird:BetterSerpent","floor":3,"gold_loss":0},{"damage_healed":0,"gold_gain":0,"player_choice":"Slimed","damage_taken":11,"max_hp_gain":0,"max_hp_loss":0,"event_name":"betterThird:BetterGoop","floor":5,"gold_loss":30}],"is_beta":false,"boss_relics":[],"items_purged_floors":[4],"is_endless":false,"potions_floor_spawned":[],"killed_by":"Replay:BlueRogue","ascension_level":8}}