{"host":"clf2hd4adhiiw0zf","time":1613257099,"event":{"mods":["AchievementEnabler","BaseMod","Beaked The Cultist","Bestiary","Dark Map","Downfall","Gremlin Mod","Hermit","Jorbs\u0027s Wanderer Trilogy","Marisa????????","Minty Spire (QoL Compilation)","Shop Mod","StSLib","The Cursed","The Servant 0.9.4","Wide Potions"],"gold_per_floor":[99,118,118,136,136,169,193,207,235,247,272,272,284,318,333,432,432,232,252,252,268,107,133,133,33,66,166,192,202,34,45,60,160,160,160,177,177,230,230,240,240,240,255,255,272,304,320,346,364,364,364,394,15,15,15,15],"floor_reached":57,"language":"ENG","playtime":3720,"items_purged":[],"score":1922,"play_id":"212c219d-9923-41e2-b9d9-b1c56ace2dd9","local_time":"20210213155819","is_ascension_mode":true,"campfire_choices":[{"floor":1.0,"key":"RECALL"},{"data":"Gremlin:CongaLine","floor":18.0,"key":"SMITH"},{"data":"champ:PerfectedStrike","floor":25.0,"key":"SMITH"},{"data":"champ:EnchantCrown","floor":35.0,"key":"SMITH"},{"data":"expansioncontent:AwakenDeath","floor":44.0,"key":"SMITH"},{"data":"champ:UltimateStance","floor":54.0,"key":"SMITH"}],"circlet_count":0,"master_deck":["AscendersBane","champ:Strike","champ:Strike+1","champ:Strike","champ:Strike","champ:Defend","champ:Defend+1","champ:Defend","champ:Defend+1","champ:Execute","champ:Taunt+1","champ:FlashCut","champ:StanceDance+1","champ:ArenaPreparation","champ:BringItOn+1","champ:GladiatorStyle","champ:DancingMaster+1","champ:PerfectedStrike+1","champ:PreciseThrust","champ:ShieldThrow","Gremlin:CongaLine+1","champ:FlashCut","champ:Shatter","champ:Duel","champ:StanceDance+1","champ:ShieldWall","champ:IgnorePain","champ:GladiatorStyle","champ:EnchantCrown+1","champ:ShieldWall","champ:TornadoPunch","champ:MurderStrike","expansioncontent:AwakenDeath+1","champ:Parry","champ:FaceSlap","champ:AdrenalArmor+1","champ:SwordSigil","champ:BringItOn","champ:UltimateStance+1","champ:BringItOn+1"],"relics":["Runic Pyramid","Art of War","Omamori","War Paint","Mercury Hourglass","Singing Bowl","beaked:SacredDeck","downfall:HeartBlessingRed","downfall:HeartBlessingGreen","Chemical X","InkBottle","downfall:HeartBlessingBlue","Tiny Chest","Happy Flower","OrangePellets","beaked:MawFillet","champ:DuelingGlove","Vajra","champ:SpectersHand","champ:DeflectingBracers","Potion Belt","Pear","champ:FightingForDummies","Guardian:BottledAnomaly"],"acts_visited":["Exordium","TheCity","TheBeyond","TheEnding"],"potions_floor_usage":[],"damage_taken":[{"damage":10.0,"enemies":"2 Louse","floor":2.0,"turns":2.0},{"damage":10.0,"enemies":"Jaw Worm","floor":4.0,"turns":3.0},{"damage":19.0,"enemies":"Gremlin Nob","floor":6.0,"turns":4.0},{"damage":15.0,"enemies":"Small Slimes","floor":8.0,"turns":3.0},{"damage":37.0,"enemies":"3 Sentries","floor":9.0,"turns":6.0},{"damage":13.0,"enemies":"2 Fungi Beasts","floor":10.0,"turns":3.0},{"damage":51.0,"enemies":"Gremlin Nob","floor":11.0,"turns":6.0},{"damage":0.0,"enemies":"Exordium Wildlife","floor":12.0,"turns":1.0},{"damage":1.0,"enemies":"Blue Slaver","floor":13.0,"turns":3.0},{"damage":25.0,"enemies":"3 Sentries","floor":14.0,"turns":6.0},{"damage":12.0,"enemies":"3 Louse","floor":15.0,"turns":3.0},{"damage":14.0,"enemies":"DF_ARCHETYPE_STREAMLINE","floor":16.0,"turns":10.0},{"damage":23.0,"enemies":"Shell Parasite","floor":19.0,"turns":4.0},{"damage":0.0,"enemies":"Spheric Guardian","floor":21.0,"turns":3.0},{"damage":25.0,"enemies":"downfall:FleeingMerchant","floor":22.0,"turns":4.0},{"damage":25.0,"enemies":"Slavers","floor":23.0,"turns":4.0},{"damage":11.0,"enemies":"Book of Stabbing","floor":26.0,"turns":3.0},{"damage":45.0,"enemies":"Gremlin Leader","floor":28.0,"turns":6.0},{"damage":29.0,"enemies":"3 Cultists","floor":29.0,"turns":4.0},{"damage":35.0,"enemies":"downfall:FleeingMerchant","floor":30.0,"turns":4.0},{"damage":19.0,"enemies":"Centurion and Healer","floor":31.0,"turns":7.0},{"damage":15.0,"enemies":"Snake Plant","floor":32.0,"turns":4.0},{"damage":29.0,"enemies":"SI_MIRROR_ARCHETYPE","floor":33.0,"turns":11.0},{"damage":21.0,"enemies":"3 Darklings","floor":36.0,"turns":5.0},{"damage":10.0,"enemies":"2 Orb Walkers","floor":38.0,"turns":4.0},{"damage":16.0,"enemies":"3 Shapes","floor":40.0,"turns":3.0},{"damage":10.0,"enemies":"Transient","floor":43.0,"turns":5.0},{"damage":13.0,"enemies":"Jaw Worm Horde","floor":45.0,"turns":4.0},{"damage":15.0,"enemies":"Nemesis","floor":46.0,"turns":5.0},{"damage":38.0,"enemies":"Maw","floor":47.0,"turns":4.0},{"damage":0.0,"enemies":"Reptomancer","floor":48.0,"turns":3.0},{"damage":10.0,"enemies":"Transient","floor":49.0,"turns":5.0},{"damage":84.0,"enemies":"IC_BLOCK_ARCHETYPE","floor":50.0,"turns":9.0},{"damage":55.0,"enemies":"downfall:CharBossMerchant","floor":52.0,"turns":8.0},{"damage":170,"enemies":"downfall:NeowBoss","floor":55,"turns":14},{"damage":25,"enemies":"downfall:NeowBossFinal","floor":56,"turns":10}],"seed_played":"5368606960093544974","potions_obtained":[{"floor":2.0,"key":"champ:UltimateStancePotion"},{"floor":6.0,"key":"Block Potion"},{"floor":11.0,"key":"SmokeBomb"},{"floor":16.0,"key":"SteroidPotion"},{"floor":21.0,"key":"FearPotion"},{"floor":32.0,"key":"Regen Potion"},{"floor":46.0,"key":"hexamod:SoulburnPotion"},{"floor":47.0,"key":"FearPotion"}],"is_trial":false,"path_per_floor":["R","M","?","M","?","E","T","M","E","M","E","M","M","E","M","B",null,"R","M","?","M","$","E","T","R","E","?","E","M","$","M","M","B",null,"R","M","?","?","T","M","T","?","M","R","M","E","M","E","M","B",null,"E","$","R","B","B",null],"character_chosen":"THE_CHAMP","items_purchased":["Chemical X","OrangePellets","champ:FightingForDummies","Guardian:BottledAnomaly","DistilledChaos"],"campfire_rested":0,"item_purchase_floors":[22,30,53,53,53],"current_hp_per_floor":[81,81,81,81,81,72,72,72,70,67,36,36,35,25,15,6,71,71,68,68,68,68,53,53,63,62,62,47,43,43,34,19,15,80,80,71,71,71,71,65,65,57,57,57,44,39,30,32,32,30,87,84,84,84,69,79],"gold":15,"neow_bonus":"BOSS_RELIC","is_daily":false,"chose_seed":false,"campfire_upgraded":5,"win_rate":0.0,"timestamp":1613257099,"path_taken":["R","M","?","M","?","E","T","M","E","M","E","M","?","E","M","BOSS","R","M","?","M","$","E","T","R","E","?","E","M","$","M","M","BOSS","R","M","?","?","?","M","T","?","?","R","M","E","M","E","M","BOSS","E","$","R","BOSS","BOSS"],"items_purchased_type":["Relic","Relic","Relic","Relic","Potion"],"build_version":"2020-12-22","purchased_purges":0,"victory":true,"max_hp_per_floor":[90,90,90,90,90,90,90,90,90,90,90,90,90,90,92,92,92,92,92,92,92,92,92,92,102,102,102,102,102,102,102,102,102,102,102,104,104,104,104,104,104,104,104,104,104,104,104,106,106,106,106,118,118,118,118,118],"card_choices":[{"not_picked":["champ:Endure","champ:FocusedDefense"],"picked":"champ:FlashCut","floor":2.0},{"not_picked":["champ:EndlessRage","champ:FancyFootwork"],"picked":"champ:StanceDance","floor":4.0},{"not_picked":["champ:CrownThrow","champ:DefensiveStyle"],"picked":"champ:ArenaPreparation","floor":6.0},{"not_picked":["champ:FlashCut","champ:Circumvent"],"picked":"champ:BringItOn","floor":8.0},{"not_picked":["champ:TornadoPunch","champ:CalledShot"],"picked":"champ:GladiatorStyle","floor":9.0},{"not_picked":["champ:BerserkersShout","champ:DefensiveShout"],"picked":"champ:DancingMaster","floor":10.0},{"not_picked":["champ:FlashCut","champ:Backstep"],"picked":"champ:PerfectedStrike","floor":11.0},{"not_picked":["champ:HeartStrike","champ:AdrenalArmor","champ:SkillfulDodge"],"picked":"SKIP","floor":13.0},{"not_picked":["champ:Encircle","champ:RisingSlash"],"picked":"champ:PreciseThrust","floor":14.0},{"not_picked":["champ:BerserkersShout","champ:FlashCut","champ:FocusedBerserking"],"picked":"Singing Bowl","floor":15.0},{"not_picked":["champ:UltimateStance","champ:StrikeOfGenius"],"picked":"champ:ShieldThrow","floor":16.0},{"not_picked":["champ:CrownThrow","champ:BladeFlurry"],"picked":"champ:FlashCut","floor":19.0},{"not_picked":["champ:BerserkersShout","champ:BladeFlurry"],"picked":"champ:Shatter","floor":21.0},{"not_picked":["champ:PerfectedStrike+1","champ:ArenaPreparation+1"],"picked":"champ:Duel","floor":22.0},{"not_picked":["champ:EnGarde+1","champ:DefensiveShout+1"],"picked":"champ:StanceDance+1","floor":23.0},{"not_picked":["champ:MurderStrike","champ:BerserkersShout+1"],"picked":"champ:ShieldWall","floor":26.0},{"not_picked":["champ:RecklessLeap","champ:BerserkersShout"],"picked":"champ:IgnorePain","floor":28.0},{"not_picked":["champ:EndlessRage","champ:BerserkerStyle"],"picked":"champ:GladiatorStyle","floor":29.0},{"not_picked":["champ:Haymaker+1","champ:BerserkersShout"],"picked":"champ:EnchantCrown","floor":30.0},{"not_picked":["champ:RapidStrikes","champ:BerserkersShout"],"picked":"champ:ShieldWall","floor":31.0},{"not_picked":["champ:ShieldSigil","champ:CrookedStrike"],"picked":"champ:TornadoPunch","floor":32.0},{"not_picked":["champ:StrikeOfGenius","champ:HoldFirm"],"picked":"champ:MurderStrike","floor":33.0},{"not_picked":["champ:PerfectedStrike+1","champ:GutPunch+1","champ:BerserkersShout"],"picked":"Singing Bowl","floor":36.0},{"not_picked":["expansioncontent:PolyBeam","expansioncontent:GuardianWhirl"],"picked":"expansioncontent:AwakenDeath","floor":37.0},{"not_picked":["champ:SkillfulDodge+1","champ:PerfectedStrike+1"],"picked":"champ:Parry","floor":38.0},{"not_picked":["champ:Encircle+1","champ:ShieldSlam"],"picked":"champ:FaceSlap","floor":40.0},{"not_picked":["champ:TornadoPunch","champ:PreciseThrust+1"],"picked":"champ:AdrenalArmor+1","floor":43.0},{"not_picked":["champ:Backstep+1","champ:FancyFootwork+1"],"picked":"champ:SwordSigil","floor":45.0},{"not_picked":["champ:BladeFlurry+1","champ:Shatter+1"],"picked":"champ:BringItOn","floor":46.0},{"not_picked":["champ:Haymaker","champ:BringItOn"],"picked":"champ:UltimateStance","floor":47.0},{"not_picked":["champ:BerserkersShout","champ:DefensiveShout","champ:StrikeOfGenius"],"picked":"Singing Bowl","floor":48.0},{"not_picked":["champ:DefensiveShout+1","champ:ShieldSlam"],"picked":"champ:BringItOn+1","floor":49.0},{"not_picked":["champ:AdrenalArmor","champ:BladeFlurry+1","champ:TornadoPunch"],"picked":"Singing Bowl","floor":52.0}],"player_experience":275358,"relics_obtained":[{"floor":6.0,"key":"Art of War"},{"floor":7.0,"key":"Omamori"},{"floor":9.0,"key":"War Paint"},{"floor":11.0,"key":"Mercury Hourglass"},{"floor":14.0,"key":"Singing Bowl"},{"floor":23.0,"key":"InkBottle"},{"floor":26.0,"key":"Tiny Chest"},{"floor":28.0,"key":"Happy Flower"},{"floor":38.0,"key":"champ:DuelingGlove"},{"floor":39.0,"key":"Vajra"},{"floor":41.0,"key":"champ:SpectersHand"},{"floor":46.0,"key":"champ:DeflectingBracers"},{"floor":48.0,"key":"Potion Belt"},{"floor":52.0,"key":"Pear"}],"event_choices":[{"cards_removed":["downfall:Malfunctioning"],"damage_healed":0.0,"max_hp_gain":0.0,"max_hp_loss":0.0,"gold_gain":0.0,"event_name":"Living Wall","player_choice":"Forget","floor":5.0,"gold_loss":0.0,"damage_taken":0.0},{"damage_healed":0.0,"max_hp_gain":0.0,"max_hp_loss":0.0,"gold_gain":0.0,"event_name":"Mysterious Sphere","player_choice":"Fight","floor":38.0,"gold_loss":0.0,"damage_taken":0.0}],"is_beta":false,"boss_relics":[{"not_picked":["Runic Dome","expansioncontent:StudyCardRelic"],"picked":"beaked:SacredDeck"},{"not_picked":["Calling Bell","Black Star"],"picked":"beaked:MawFillet"}],"items_purged_floors":[],"is_endless":false,"potions_floor_spawned":[2,6,11,12,16,19,21,23,32,38,46,47],"ascension_level":10}}