{"host":"y36bp6mnm73x3iob","time":1613217789,"event":{"mods":["2.2 Compatiblity","Aspiration","BaseMod","Bossed Relics","Downfall","GifTheSpireLib","Hermit","Minty Spire (QoL Compilation)","Reliquary","StSLib"],"gold_per_floor":[99,99,199,199,199,199,223,234,234,244,244,25,25,40,51,147,147,147,163,148,158,178,10,10,10,36,36,36],"floor_reached":26,"language":"ENG","playtime":1737,"items_purged":[],"score":214,"play_id":"02969df4-b481-47e3-a921-964edf918b38","local_time":"20210213140309","is_ascension_mode":false,"campfire_choices":[{"data":"bronze:Goto","floor":1,"key":"SMITH"},{"data":"bronze:Flail","floor":6,"key":"SMITH"},{"data":"bronze:Verify","floor":11,"key":"SMITH"},{"data":"bronze:Terminator","floor":13,"key":"SMITH"},{"data":"bronze:Verify","floor":18,"key":"SMITH"},{"floor":25,"key":"REST"}],"circlet_count":0,"master_deck":["bronze:Strike","bronze:Defend","bronze:Defend","bronze:Defend","bronze:Defend","bronze:Replicate","bronze:Goto+1","bronze:Flail+1","bronze:DelayedGuard","bronze:Terminator+1","bronze:Verify+1","Grand Finale","Dagger Throw","Choke","bronze:Boost","bronze:BronzeArmor","bronze:BugBarrage","bronze:ItsAFeature","bronze:Repair","bronze:Verify+1","bronze:Frontload+1","bronze:Invalidate","bronze:Constructor","bronze:Repair","bronze:Format","bronze:ItsAFeature","bronze:Flail","bronze:Fortify+1"],"relics":["bronze:BronzeCore","downfall:HeartsMalice","reliquary:RedPaperclip","InkBottle","HornCleat"],"acts_visited":["Exordium","TheCity"],"potions_floor_usage":[12,16,20,23],"damage_taken":[{"damage":0,"enemies":"Small Slimes","floor":2,"turns":1},{"damage":0,"enemies":"Cultist","floor":4,"turns":1},{"damage":0,"enemies":"2 Louse","floor":5,"turns":1},{"damage":1,"enemies":"Large Slime","floor":8,"turns":4},{"damage":5,"enemies":"Blue Slaver","floor":10,"turns":4},{"damage":0,"enemies":"downfall:FleeingMerchant","floor":12,"turns":4},{"damage":22,"enemies":"Gremlin Gang","floor":14,"turns":2},{"damage":3,"enemies":"Red Slaver","floor":15,"turns":3},{"damage":38,"enemies":"WA_ARCHETYPE_RETAIN","floor":16,"turns":12},{"damage":11,"enemies":"Chosen","floor":19,"turns":6},{"damage":5,"enemies":"downfall:FleeingMerchant","floor":20,"turns":4},{"damage":46,"enemies":"3 Byrds","floor":21,"turns":9},{"damage":23,"enemies":"Snake Plant","floor":22,"turns":10},{"damage":0,"enemies":"downfall:FleeingMerchant","floor":23,"turns":4},{"damage":19,"enemies":"Book of Stabbing","floor":26,"turns":10}],"seed_played":"-716685139329211888","potions_obtained":[{"floor":8,"key":"Slimebound:ThreeZeroPotion"},{"floor":15,"key":"Dexterity Potion"},{"floor":16,"key":"Swift Potion"},{"floor":22,"key":"DistilledChaos"},{"floor":26,"key":"Swift Potion"}],"is_trial":false,"path_per_floor":["R","M","?","M","M","R","T","M","?","M","R","$","R","M","M","B",null,"R","M","$","M","M","$","T","R","E"],"character_chosen":"THE_AUTOMATON","items_purchased":["bronze:SilverBullet","bronze:BugBarrage","bronze:ItsAFeature","bronze:Flail"],"campfire_rested":1,"item_purchase_floors":[12,12,23,23],"current_hp_per_floor":[70,70,70,70,70,70,70,69,69,64,64,64,64,42,39,8,70,70,66,68,29,13,27,27,48,43,43,43],"gold":36,"neow_bonus":"THREE_ENEMY_KILL","is_daily":false,"chose_seed":false,"campfire_upgraded":5,"win_rate":0.0,"timestamp":1613217789,"path_taken":["R","M","?","M","M","R","T","M","?","?","R","$","R","M","M","BOSS","R","M","$","?","?","$","T","R","E"],"items_purchased_type":["Relic","Card","Card","Card"],"build_version":"2020-12-22","purchased_purges":0,"victory":false,"max_hp_per_floor":[70,70,70,70,70,70,70,70,70,70,70,70,70,70,70,70,70,70,70,70,70,70,70,70,70,70,70,70],"card_choices":[{"not_picked":["bronze:Shield","bronze:DelayedGuard"],"picked":"bronze:Flail","floor":2},{"not_picked":["bronze:WildBeam","bronze:Separator"],"picked":"bronze:DelayedGuard","floor":4},{"not_picked":["bronze:Boost","bronze:Invalidate"],"picked":"bronze:Terminator","floor":5},{"not_picked":["bronze:NullPointer","bronze:Deprecate"],"picked":"bronze:Verify","floor":8},{"not_picked":["bronze:Branch","bronze:BitShift"],"picked":"bronze:Boost","floor":10},{"not_picked":["bronze:BitShift","bronze:Turbo"],"picked":"bronze:BronzeArmor","floor":12},{"not_picked":["bronze:Overheat","bronze:Branch"],"picked":"bronze:ItsAFeature","floor":14},{"not_picked":["bronze:Flail","bronze:Overheat"],"picked":"bronze:Repair","floor":15},{"not_picked":["bronze:ShipIt","bronze:Virus"],"picked":"bronze:Verify","floor":16},{"not_picked":["bronze:Fortify","bronze:OilSpill"],"picked":"bronze:Frontload+1","floor":19},{"not_picked":["bronze:DigitalCarnage","bronze:WildBeam"],"picked":"bronze:Invalidate","floor":20},{"not_picked":["bronze:Shield+1","bronze:OilSpill"],"picked":"bronze:Constructor","floor":21},{"not_picked":["bronze:DigitalCarnage+1","bronze:Backtrace+1"],"picked":"bronze:Repair","floor":22},{"not_picked":["bronze:BugBarrage","bronze:GetLatest"],"picked":"bronze:Format","floor":23},{"not_picked":["bronze:FineTuning","bronze:Turbo"],"picked":"bronze:Fortify+1","floor":26}],"player_experience":570416,"relics_obtained":[{"floor":7,"key":"Bag of Preparation"},{"floor":24,"key":"InkBottle"},{"floor":26,"key":"HornCleat"}],"event_choices":[],"is_beta":false,"boss_relics":[{"not_picked":["Runic Dome","Busted Crown"],"picked":"reliquary:RedPaperclip"}],"items_purged_floors":[],"is_endless":false,"potions_floor_spawned":[8,15,16,22,26],"killed_by":"Book of Stabbing","ascension_level":0}}