{"host":"lv7etzzgwahaenh9","time":1613199072,"event":{"mods":["AchievementEnabler","BaseMod","Colored Map","Colored Powertips","Highlight Path","Minty Spire (QoL Compilation)","Permanent Neow","Quick Restart","Random Character Button","StSLib"],"gold_per_floor":[14,32,47,63,82,82,113,129,153,153,170,170,204,215,215,311,311,330,345,345,365,29,29,56,56,81,109,109,125,151,151,151,255,255,269,330,358,358,377,377,411,411,437,437,489,193,207,233,233,233,233,233,41,66,66,66],"floor_reached":55,"language":"ENG","playtime":3734,"items_purged":["Strike_G","Parasite","Strike_G"],"score":1152,"play_id":"336e1b9a-afd7-4f16-a8bc-e4e921fbf2c9","local_time":"20210212225112","is_ascension_mode":true,"campfire_choices":[{"data":"Cloak And Dagger","floor":6,"key":"SMITH"},{"data":"Neutralize","floor":10,"key":"SMITH"},{"floor":12,"key":"REST"},{"data":"Malaise","floor":15,"key":"SMITH"},{"data":"Envenom","floor":23,"key":"SMITH"},{"floor":25,"key":"REST"},{"data":"After Image","floor":28,"key":"SMITH"},{"data":"Panache","floor":32,"key":"SMITH"},{"floor":40,"key":"REST"},{"data":"Burst","floor":42,"key":"SMITH"},{"floor":44,"key":"REST"},{"floor":49,"key":"RECALL"},{"data":"Noxious Fumes","floor":52,"key":"SMITH"}],"circlet_count":0,"master_deck":["Strike_G","Strike_G","Strike_G","Defend_G","Defend_G","Defend_G","Defend_G","Defend_G+1","Survivor+1","Neutralize+1","Dagger Spray","Blade Dance","Cloak And Dagger+1","Backflip","Endless Agony","Malaise+1","Choke","Calculated Gamble","After Image+1","Deflect","Envenom+1","PiercingWail","Acrobatics","Panache+1","Burst+1","Predator+1","Escape Plan+1","Noxious Fumes+1","The Bomb","Caltrops"],"relics":["Ring of the Snake","War Paint","Vajra","Bag of Marbles","Busted Crown","Red Mask","Potion Belt","Lantern","CeramicFish","Calipers","Black Star","Incense Burner","Nunchaku","White Beast Statue","Orichalcum","TungstenRod","Molten Egg 2","Strawberry","Blue Candle"],"acts_visited":["Exordium","TheCity","TheBeyond","TheEnding"],"potions_floor_usage":[4,5,24,33,36,36,37,50,50,54,55,55],"damage_taken":[{"damage":14,"enemies":"Jaw Worm","floor":1,"turns":9},{"damage":4,"enemies":"Small Slimes","floor":2,"turns":4},{"damage":0,"enemies":"2 Louse","floor":3,"turns":2},{"damage":0,"enemies":"Gremlin Gang","floor":4,"turns":4},{"damage":0,"enemies":"Exordium Wildlife","floor":5,"turns":3},{"damage":36,"enemies":"Lagavulin","floor":7,"turns":10},{"damage":1,"enemies":"Red Slaver","floor":8,"turns":5},{"damage":6,"enemies":"3 Louse","floor":11,"turns":2},{"damage":19,"enemies":"3 Sentries","floor":13,"turns":6},{"damage":0,"enemies":"Lots of Slimes","floor":14,"turns":1},{"damage":1,"enemies":"Hexaghost","floor":16,"turns":13},{"damage":0,"enemies":"Shell Parasite","floor":18,"turns":7},{"damage":8,"enemies":"2 Thieves","floor":19,"turns":4},{"damage":4,"enemies":"3 Cultists","floor":21,"turns":6},{"damage":1,"enemies":"Masked Bandits","floor":24,"turns":4},{"damage":6,"enemies":"Book of Stabbing","floor":27,"turns":6},{"damage":0,"enemies":"Chosen and Byrds","floor":29,"turns":6},{"damage":2,"enemies":"Slavers","floor":30,"turns":6},{"damage":28,"enemies":"Collector","floor":33,"turns":11},{"damage":6,"enemies":"3 Shapes","floor":35,"turns":5},{"damage":14,"enemies":"2 Orb Walkers","floor":36,"turns":6},{"damage":9,"enemies":"3 Darklings","floor":37,"turns":5},{"damage":12,"enemies":"Writhing Mass","floor":39,"turns":8},{"damage":5,"enemies":"Nemesis","floor":41,"turns":7},{"damage":0,"enemies":"Jaw Worm Horde","floor":47,"turns":1},{"damage":0,"enemies":"Reptomancer","floor":48,"turns":4},{"damage":49,"enemies":"Donu and Deca","floor":50,"turns":6},{"damage":6,"enemies":"Shield and Spear","floor":54,"turns":7},{"damage":117,"enemies":"The Heart","floor":55,"turns":8}],"seed_played":"4682445052915648909","potions_obtained":[{"floor":1,"key":"Energy Potion"},{"floor":2,"key":"SpeedPotion"},{"floor":4,"key":"Fire Potion"},{"floor":13,"key":"EssenceOfSteel"},{"floor":24,"key":"Poison Potion"},{"floor":29,"key":"Weak Potion"},{"floor":30,"key":"Fire Potion"},{"floor":33,"key":"ColorlessPotion"},{"floor":39,"key":"Regen Potion"},{"floor":47,"key":"ColorlessPotion"},{"floor":48,"key":"PowerPotion"},{"floor":54,"key":"Fire Potion"}],"is_trial":false,"path_per_floor":["M","M","M","M","M","R","E","M","T","R","M","R","E","M","R","B",null,"M","M","?","M","$","R","?","R","T","E","R","M","E","?","R","B",null,"M","?","M","?","M","R","E","R","T","R","T","$","M","E","R","B",null,"R","$","E","B"],"character_chosen":"THE_SILENT","items_purchased":["Panache","Swift Strike","Noxious Fumes","The Bomb","Caltrops"],"campfire_rested":4,"item_purchase_floors":[22,22,46,46,53],"current_hp_per_floor":[63,59,59,59,59,59,23,22,22,22,16,41,22,22,22,21,68,68,60,44,40,40,40,39,65,65,59,59,59,57,57,57,29,74,68,54,45,45,33,59,54,54,54,80,80,80,80,80,80,31,72,72,72,88,0,0],"gold":66,"neow_bonus":"TWENTY_PERCENT_HP_BONUS","is_daily":false,"chose_seed":false,"campfire_upgraded":8,"win_rate":0.0,"timestamp":1613199072,"path_taken":["M","M","M","M","M","R","E","M","T","R","M","R","E","M","R","BOSS","M","M","?","M","$","R","?","R","T","E","R","M","E","?","R","BOSS","M","?","M","?","M","R","E","R","T","R","?","$","M","E","R","BOSS","R","$","E","BOSS"],"items_purchased_type":["Card","Card","Card","Card","Card"],"build_version":"2020-12-22","purchased_purges":3,"victory":false,"max_hp_per_floor":[84,84,84,84,84,84,84,84,84,84,84,84,84,84,84,84,84,84,84,89,89,89,89,89,89,89,89,89,89,89,89,89,89,89,89,89,89,89,89,89,89,89,89,89,89,86,86,86,86,86,86,86,86,93,93,93],"card_choices":[{"not_picked":["Distraction","Heel Hook"],"picked":"Dagger Spray","floor":1},{"not_picked":["Dagger Spray","Dodge and Roll"],"picked":"Blade Dance","floor":2},{"not_picked":["Dagger Throw","Bane"],"picked":"Cloak And Dagger","floor":3},{"not_picked":["Predator","Outmaneuver"],"picked":"Backflip","floor":4},{"not_picked":["Bane","Acrobatics"],"picked":"Endless Agony","floor":5},{"not_picked":["Outmaneuver","Dodge and Roll"],"picked":"Malaise","floor":7},{"not_picked":["Slice","Flying Knee"],"picked":"Choke","floor":8},{"not_picked":["Backflip","Outmaneuver"],"picked":"Calculated Gamble","floor":11},{"not_picked":["Choke","Blur"],"picked":"After Image","floor":13},{"not_picked":["Prepared","Concentrate"],"picked":"Deflect","floor":14},{"not_picked":["Grand Finale","Night Terror"],"picked":"Envenom","floor":16},{"not_picked":["Prepared"],"picked":"SKIP","floor":18},{"not_picked":[],"picked":"PiercingWail","floor":19},{"not_picked":[],"picked":"Acrobatics","floor":21},{"not_picked":["Underhanded Strike"],"picked":"SKIP","floor":27},{"not_picked":["Outmaneuver"],"picked":"SKIP","floor":29},{"not_picked":["Skewer"],"picked":"SKIP","floor":30},{"not_picked":[],"picked":"Burst","floor":33},{"not_picked":["Dodge and Roll+1"],"picked":"SKIP","floor":35},{"not_picked":[],"picked":"Predator+1","floor":36},{"not_picked":[],"picked":"Escape Plan+1","floor":37},{"not_picked":["Concentrate+1"],"picked":"SKIP","floor":39},{"not_picked":["Outmaneuver"],"picked":"SKIP","floor":41},{"not_picked":["Bane"],"picked":"SKIP","floor":47},{"not_picked":["Heel Hook+1"],"picked":"SKIP","floor":48},{"not_picked":["Tactician"],"picked":"SKIP","floor":54}],"player_experience":360227,"relics_obtained":[{"floor":7,"key":"War Paint"},{"floor":9,"key":"Vajra"},{"floor":13,"key":"Bag of Marbles"},{"floor":24,"key":"Red Mask"},{"floor":26,"key":"Potion Belt"},{"floor":27,"key":"Lantern"},{"floor":30,"key":"CeramicFish"},{"floor":36,"key":"Incense Burner"},{"floor":41,"key":"Nunchaku"},{"floor":41,"key":"White Beast Statue"},{"floor":45,"key":"Orichalcum"},{"floor":48,"key":"TungstenRod"},{"floor":48,"key":"Molten Egg 2"},{"floor":54,"key":"Strawberry"},{"floor":54,"key":"Blue Candle"}],"event_choices":[{"damage_healed":0,"gold_gain":0,"player_choice":"Shed Blood","damage_taken":21,"max_hp_gain":5,"max_hp_loss":0,"event_name":"Forgotten Altar","floor":20,"gold_loss":0},{"damage_healed":0,"gold_gain":0,"player_choice":"Fought Bandits","damage_taken":0,"max_hp_gain":0,"max_hp_loss":0,"event_name":"Masked Bandits","floor":24,"gold_loss":0},{"damage_healed":0,"gold_gain":0,"player_choice":"Opened","damage_taken":0,"relics_obtained":["Calipers"],"max_hp_gain":0,"max_hp_loss":0,"event_name":"The Mausoleum","floor":31,"gold_loss":0},{"damage_healed":0,"gold_gain":0,"player_choice":"Fight","damage_taken":0,"max_hp_gain":0,"max_hp_loss":0,"event_name":"Mysterious Sphere","floor":36,"gold_loss":0},{"cards_removed":["Swift Strike"],"damage_healed":0,"gold_gain":0,"player_choice":"Removed Attack","damage_taken":0,"max_hp_gain":0,"max_hp_loss":0,"event_name":"Falling","floor":38,"gold_loss":0}],"is_beta":false,"boss_relics":[{"not_picked":["Philosopher\u0027s Stone","Runic Dome"],"picked":"Busted Crown"},{"not_picked":["Velvet Choker","Sozu"],"picked":"Black Star"}],"items_purged_floors":[22,46,53],"is_endless":false,"potions_floor_spawned":[1,2,4,13,24,29,30,33,39,47,48,54],"killed_by":"The Heart","ascension_level":9}}