{"host":"8is2j71l4wmybkoi","time":1613230429,"event":{"mods":["AchievementEnabler","BaseMod","Colored Map","DeckTracker","Minty Spire (QoL Compilation)","Rare Cards Sparkle","Relic Stats","StSLib","SuperFastMode"],"gold_per_floor":[360,360,20,54,54,101,135,135,187,277,297,48,48,64,64,161,161,181,201,201,201,63,93,93,93,93],"floor_reached":25,"language":"KOR","playtime":1186,"items_purged":["Strike_G","Defend_G"],"score":445,"play_id":"04dbb2c1-a446-4109-b104-baae675fccd0","local_time":"20210214003349","is_ascension_mode":true,"campfire_choices":[{"floor":8,"key":"REST"},{"floor":13,"key":"REST"},{"data":"Concentrate","floor":15,"key":"SMITH"},{"floor":24,"key":"REST"}],"circlet_count":0,"master_deck":["AscendersBane","Strike_G","Strike_G","Defend_G","Defend_G","Defend_G","Survivor","Neutralize","PiercingWail","HandOfGreed","Dash","All Out Attack","Corpse Explosion","Concentrate+1","Acrobatics","Flying Knee","Adrenaline","Corpse Explosion+1","Malaise+1","Finisher+1","Acrobatics+1","Blur","Ghostly","Ghostly","Ghostly","Footwork","Deadly Poison"],"relics":["Ring of the Snake","Akabeko","Potion Belt","Ornamental Fan","Anchor","Astrolabe","Orichalcum"],"acts_visited":["Exordium","TheCity"],"potions_floor_usage":[16,16,19,25],"damage_taken":[{"damage":1,"enemies":"2 Louse","floor":1,"turns":4},{"damage":0,"enemies":"Cultist","floor":4,"turns":3},{"damage":59,"enemies":"Lagavulin","floor":6,"turns":10},{"damage":0,"enemies":"Small Slimes","floor":7,"turns":2},{"damage":12,"enemies":"3 Sentries","floor":10,"turns":9},{"damage":1,"enemies":"Looter","floor":11,"turns":3},{"damage":0,"enemies":"Large Slime","floor":14,"turns":3},{"damage":13,"enemies":"Slime Boss","floor":16,"turns":8},{"damage":10,"enemies":"Spheric Guardian","floor":18,"turns":7},{"damage":0,"enemies":"Chosen","floor":19,"turns":4},{"damage":14,"enemies":"Gremlin Leader","floor":23,"turns":9},{"damage":23,"enemies":"Book of Stabbing","floor":25,"turns":10}],"seed_played":"-7903586629245571280","potions_obtained":[{"floor":4,"key":"Energy Potion"},{"floor":11,"key":"Poison Potion"},{"floor":14,"key":"DistilledChaos"},{"floor":23,"key":"ColorlessPotion"}],"is_trial":false,"path_per_floor":["M","?","$","M","?","E","M","R","T","E","M","$","R","M","R","B",null,"M","M","?","?","$","E","R","E"],"character_chosen":"THE_SILENT","items_purchased":["HandOfGreed","Dash","Acrobatics","Anchor","Strength Potion","Footwork"],"campfire_rested":3,"item_purchase_floors":[3,3,12,12,12,22],"current_hp_per_floor":[43,65,65,65,65,6,6,25,25,13,12,12,31,31,31,18,54,44,44,26,26,26,12,22,0,0],"gold":93,"neow_bonus":"TWO_FIFTY_GOLD","is_daily":false,"chose_seed":false,"campfire_upgraded":1,"win_rate":0.0,"timestamp":1613230429,"path_taken":["M","?","$","M","?","E","?","R","T","E","M","?","R","M","R","BOSS","M","M","?","?","$","E","R","E"],"items_purchased_type":["Card","Card","Card","Relic","Potion","Card"],"build_version":"2020-12-22","purchased_purges":2,"victory":false,"max_hp_per_floor":[66,66,66,66,66,66,66,66,66,66,66,66,66,66,66,66,66,66,66,71,35,35,35,35,35,35],"relic_stats":{"counters":[12,72],"Ornamental Fan":[20],"Astrolabe":["Corpse Explosion","Malaise","Finisher"],"Orichalcum":[12],"obtain_stats":[{"Potion Belt":6,"Anchor":12,"Ornamental Fan":10,"Astrolabe":17,"Orichalcum":23,"Akabeko":5,"Ring of the Snake":0},{"Potion Belt":3,"Anchor":6,"Ornamental Fan":5,"Astrolabe":8,"Orichalcum":11,"Akabeko":2,"Ring of the Snake":0},{"Potion Belt":17,"Anchor":31,"Ornamental Fan":28,"Astrolabe":42,"Orichalcum":62,"Akabeko":7,"Ring of the Snake":0}],"Ring of the Snake":[24]},"card_choices":[{"not_picked":["Expertise","Prepared"],"picked":"PiercingWail","floor":1},{"not_picked":["Backstab","Outmaneuver"],"picked":"All Out Attack","floor":4},{"not_picked":["PiercingWail","Flechettes","Bane"],"picked":"SKIP","floor":6},{"not_picked":["Poisoned Stab","Outmaneuver","Bane"],"picked":"SKIP","floor":7},{"not_picked":["Well Laid Plans","PiercingWail"],"picked":"Corpse Explosion","floor":10},{"not_picked":["Dagger Throw","Quick Slash"],"picked":"Concentrate","floor":11},{"not_picked":["Dodge and Roll","Dagger Throw"],"picked":"Flying Knee","floor":14},{"not_picked":["Storm of Steel","Phantasmal Killer"],"picked":"Adrenaline","floor":16},{"not_picked":["Blur","Underhanded Strike"],"picked":"Acrobatics+1","floor":18},{"not_picked":["Poisoned Stab","Flying Knee"],"picked":"Blur","floor":19},{"not_picked":["Caltrops","Riddle With Holes"],"picked":"Deadly Poison","floor":23}],"player_experience":1182221,"relics_obtained":[{"floor":6,"key":"Potion Belt"},{"floor":10,"key":"Ornamental Fan"},{"floor":23,"key":"Orichalcum"}],"event_choices":[{"damage_healed":22,"gold_gain":0,"player_choice":"Banana","damage_taken":0,"max_hp_gain":0,"max_hp_loss":0,"event_name":"Big Fish","floor":2,"gold_loss":0},{"damage_healed":0,"gold_gain":0,"player_choice":"Gave Potion","damage_taken":0,"relics_obtained":["Akabeko"],"max_hp_gain":0,"max_hp_loss":0,"event_name":"WeMeetAgain","floor":5,"gold_loss":0},{"damage_healed":0,"gold_gain":0,"player_choice":"Shed Blood","damage_taken":23,"max_hp_gain":5,"max_hp_loss":0,"event_name":"Forgotten Altar","floor":20,"gold_loss":0},{"damage_healed":0,"gold_gain":0,"player_choice":"Became a Ghost","damage_taken":0,"max_hp_gain":0,"max_hp_loss":36,"event_name":"Ghosts","floor":21,"gold_loss":0,"cards_obtained":["Ghostly","Ghostly","Ghostly"]}],"is_beta":false,"boss_relics":[{"not_picked":["Cursed Key","SlaversCollar"],"picked":"Astrolabe"}],"items_purged_floors":[3,22],"is_endless":false,"potions_floor_spawned":[4,11,14,23],"killed_by":"Book of Stabbing","ascension_level":15}}