{"host":"y6zg4wwu39otf01a","time":1613239173,"event":{"mods":["Act Like it!","Aspiration","BaseMod","Better Altar","Better Match","Better Note","Better Sensory Stone","Better Skull","Better Third Choice","Challenge The Spire","Colored Map","Colored Powertips","Conspire","GifTheSpireLib","Glutton Mod","Halation","Hermit","Highlight Path","Hubris","Infinite Spire","Mimic Mod","Minty Spire (QoL Compilation)","Quick Restart","Random Character Button","Rare Cards Sparkle","Replay The Spire","Retaliation","Spicy Shops","Spire Arcade","StSLib","Stuff the Spire","The Blue Laboratory","The Jungle"],"gold_per_floor":[110,59,59,73,87,119,130,130,130],"floor_reached":8,"language":"ENG","playtime":462,"items_purged":[],"score":67,"play_id":"62518911-24ad-4f26-8f52-0a12da8baf76","local_time":"20210213115933","is_ascension_mode":true,"campfire_choices":[],"circlet_count":0,"master_deck":["hermit:Strike_Hermit","hermit:Strike_Hermit","hermit:Strike_Hermit","hermit:Strike_Hermit","hermit:Defend_Hermit","hermit:Defend_Hermit","hermit:Defend_Hermit","hermit:Defend_Hermit","hermit:Snapshot","hermit:Covet","hermit:Midnight","hermit:HighCaliber+1","hermit:TakeAim","hermit:Grudge"],"relics":["ReplayTheSpireMod:DimensionalGlitch","Blood Vial"],"acts_visited":["Exordium"],"potions_floor_usage":[6,6,8],"damage_taken":[{"damage":1,"enemies":"Cultist","floor":1,"turns":3},{"damage":0,"enemies":"2 Louse","floor":4,"turns":2},{"damage":0,"enemies":"Small Slimes","floor":5,"turns":2},{"damage":50,"enemies":"Lagavulin","floor":6,"turns":6},{"damage":8,"enemies":"Blue Slaver","floor":7,"turns":2},{"damage":36,"enemies":"Gremlin Nob","floor":8,"turns":3}],"seed_played":"1014902196349428794","potions_obtained":[{"floor":1,"key":"PowerPotion"},{"floor":5,"key":"LiquidBronze"},{"floor":7,"key":"GamblersBrew"}],"is_trial":false,"path_per_floor":["M","$","?","M","M","E","M","E"],"character_chosen":"HERMIT","items_purchased":["hermit:HighCaliber+1"],"campfire_rested":0,"item_purchase_floors":[2],"current_hp_per_floor":[74,74,75,75,75,25,18,0,0],"gold":130,"neow_bonus":"BOSS_RELIC","is_daily":false,"chose_seed":false,"campfire_upgraded":0,"win_rate":0.0,"timestamp":1613239173,"path_taken":["M","$","?","?","M","E","M","E"],"items_purchased_type":["Card"],"build_version":"2020-12-22","purchased_purges":0,"victory":false,"max_hp_per_floor":[75,75,75,75,75,75,75,75,75],"card_choices":[{"not_picked":["hermit:Brawl","hermit:SprayPray"],"picked":"hermit:Midnight","floor":1},{"not_picked":["hermit:Misfire","hermit:Gestalt","hermit:Feint"],"picked":"SKIP","floor":4},{"not_picked":["hermit:Gestalt","hermit:CursedWeapon"],"picked":"hermit:TakeAim","floor":5},{"not_picked":["hermit:Misfire","hermit:Midnight","hermit:Vantage"],"picked":"SKIP","floor":6},{"not_picked":["hermit:Dive","hermit:CalledShot"],"picked":"hermit:Grudge","floor":7}],"player_experience":806279,"relics_obtained":[{"floor":6,"key":"Blood Vial"}],"event_choices":[{"damage_healed":1,"gold_gain":0,"player_choice":"Full Heal","damage_taken":0,"max_hp_gain":0,"max_hp_loss":0,"event_name":"Wheel of Change","floor":3,"gold_loss":0}],"is_beta":false,"boss_relics":[],"items_purged_floors":[],"is_endless":false,"potions_floor_spawned":[1,5,7],"killed_by":"Gremlin Nob","ascension_level":3}}