{"host":"bvp2uifzy1c463d9","time":1613193613,"event":{"mods":["AchievementEnabler","BaseMod","Block Reminder","Bossed Relics","ChefMod","Colored Map","Colored Powertips","Energized Spire","Hermit","Highlight Path","Hubris","Infinite Spire","Minty Spire (QoL Compilation)","Random Character Button","Relic Sorter","Relic Stats","Reliquary","Replay The Spire","StSLib","The Blue Laboratory","The Jungle","The Servant 0.9.4","Wandering Minibosses"],"gold_per_floor":[109,121,134,134,134,168,168,183,229,246,246,246],"floor_reached":11,"language":"ENG","playtime":438,"items_purged":[],"score":75,"play_id":"f6b40214-eafe-4383-8cd4-7eb98f1599f4","local_time":"20210212232013","is_ascension_mode":false,"campfire_choices":[{"data":"chefmod:QuickThaw","floor":7,"key":"SMITH"}],"circlet_count":0,"master_deck":["chefmod:Strike","chefmod:Strike","chefmod:Strike","chefmod:QuickThaw+1","chefmod:Defend","chefmod:Defend","chefmod:Defend","chefmod:Defend","chefmod:TodaysSpecial","chefmod:IcePick","chefmod:ColdSteel","chefmod:Sorbet","chefmod:HotSoup","chefmod:ZaruSoba","chefmod:AlooGobi"],"relics":["chefmod:TrustyPot","NeowsBlessing","Gremlin Horn","hubris:DisguiseKit","infinitespire:Satchel"],"acts_visited":["Exordium"],"potions_floor_usage":[11,11],"damage_taken":[{"damage":0,"enemies":"Cultist","floor":1,"turns":1},{"damage":0,"enemies":"Small Slimes","floor":2,"turns":1},{"damage":0,"enemies":"2 Louse","floor":3,"turns":1},{"damage":51,"enemies":"Gremlin Nob","floor":6,"turns":7},{"damage":0,"enemies":"Lots of Slimes","floor":8,"turns":2},{"damage":0,"enemies":"Gremlin Gang","floor":10,"turns":3},{"damage":18,"enemies":"3 Sentries","floor":11,"turns":8}],"seed_played":"-5708284338329227070","potions_obtained":[{"floor":3,"key":"Block Potion"},{"floor":8,"key":"Swift Potion"}],"is_trial":false,"path_per_floor":["M","M","M","?","?","E","R","M","T","M","E"],"character_chosen":"THE_CHEF","items_purchased":[],"campfire_rested":0,"item_purchase_floors":[],"current_hp_per_floor":[76,76,76,69,69,18,18,18,18,18,0,0],"gold":246,"neow_bonus":"THREE_ENEMY_KILL","is_daily":false,"chose_seed":false,"campfire_upgraded":1,"win_rate":0.0,"timestamp":1613193613,"path_taken":["M","?","M","?","?","E","R","M","T","M","E"],"items_purchased_type":[],"build_version":"2020-12-22","purchased_purges":0,"victory":false,"max_hp_per_floor":[76,76,76,76,76,76,76,76,76,76,76,76],"relic_stats":{"Gremlin Horn":[8,8],"counters":[7,23],"obtain_stats":[{"chefmod:TrustyPot":0,"hubris:DisguiseKit":6,"NeowsBlessing":0,"Gremlin Horn":4,"infinitespire:Satchel":9},{"chefmod:TrustyPot":0,"hubris:DisguiseKit":4,"NeowsBlessing":0,"Gremlin Horn":3,"infinitespire:Satchel":5},{"chefmod:TrustyPot":0,"hubris:DisguiseKit":10,"NeowsBlessing":0,"Gremlin Horn":3,"infinitespire:Satchel":12}]},"card_choices":[{"not_picked":["chefmod:DinoKale","chefmod:Defrost"],"picked":"chefmod:IcePick","floor":1},{"not_picked":["chefmod:BaoBuns","chefmod:Ratatouille"],"picked":"chefmod:ColdSteel","floor":2},{"not_picked":["chefmod:ZaruSoba","chefmod:LocoMoco"],"picked":"chefmod:Sorbet","floor":3},{"not_picked":["chefmod:DoubleChop","chefmod:PotatoGratin"],"picked":"chefmod:HotSoup","floor":6},{"not_picked":["chefmod:Sorbet","chefmod:Omelette","Thunderclap"],"picked":"chefmod:ZaruSoba","floor":8},{"not_picked":["chefmod:FryPan","chefmod:Fillet","Flame Barrier"],"picked":"chefmod:AlooGobi","floor":10}],"player_experience":324837,"relics_obtained":[{"floor":6,"key":"hubris:DisguiseKit"},{"floor":9,"key":"infinitespire:Satchel"}],"event_choices":[{"damage_healed":0,"gold_gain":0,"player_choice":"Success","damage_taken":7,"relics_obtained":["Gremlin Horn"],"max_hp_gain":0,"max_hp_loss":0,"event_name":"Scrap Ooze","floor":4,"gold_loss":0},{"cards_removed":["chefmod:Strike"],"damage_healed":0,"gold_gain":0,"player_choice":"Offered Basic","damage_taken":0,"max_hp_gain":0,"max_hp_loss":0,"event_name":"Bonfire Elementals","floor":5,"gold_loss":0}],"is_beta":false,"boss_relics":[],"items_purged_floors":[],"is_endless":false,"potions_floor_spawned":[3,8],"killed_by":"3 Sentries","ascension_level":0}}