{"host":"52lujqhsyicpcskq","time":1613221318,"event":{"mods":["BaseMod","Colored Map","DeckTracker","Minty Spire (QoL Compilation)","Permanent Neow","StSLib","SuperFastMode","everything is the same but u backflip on backflip"],"gold_per_floor":[112,129,147,161,180,180,55,90,90,90,112,187,222,66,66,142,142,159,178,178,178,25,58,58,58,127,42,42,42,59,59,59],"floor_reached":31,"language":"KOR","playtime":895,"items_purged":[],"score":444,"play_id":"e9e0f949-0543-43ba-bc74-916f8cf2e196","local_time":"20210213220158","is_ascension_mode":true,"campfire_choices":[{"data":"Zap","floor":6,"key":"SMITH"},{"floor":10,"key":"REST"},{"data":"Ball Lightning","floor":15,"key":"SMITH"},{"floor":24,"key":"REST"},{"data":"Defragment","floor":28,"key":"SMITH"}],"circlet_count":0,"master_deck":["AscendersBane","Strike_B","Strike_B","Strike_B","Strike_B","Defend_B","Defend_B","Defend_B","Defend_B","Zap+1","Dualcast","Ball Lightning","Glacier","Ball Lightning+1","Sweeping Beam","Compile Driver","Conserve Battery","Defragment+1","Cold Snap","Conserve Battery","Conserve Battery","Cold Snap","Electrodynamics","Beam Cell","Streamline+1","Defragment","Chill"],"relics":["Cracked Core","Bottled Flame","Lantern","Odd Mushroom","Omamori","Bag of Preparation","Snecko Eye","DollysMirror","Symbiotic Virus","Bottled Lightning","Tiny Chest","Nilry\u0027s Codex"],"acts_visited":["Exordium","TheCity"],"potions_floor_usage":[8,13],"damage_taken":[{"damage":12,"enemies":"Jaw Worm","floor":1,"turns":3},{"damage":1,"enemies":"2 Louse","floor":2,"turns":4},{"damage":7,"enemies":"Small Slimes","floor":3,"turns":4},{"damage":4,"enemies":"Blue Slaver","floor":4,"turns":4},{"damage":1,"enemies":"2 Fungi Beasts","floor":5,"turns":3},{"damage":8,"enemies":"Gremlin Nob","floor":8,"turns":3},{"damage":2,"enemies":"The Mushroom Lair","floor":11,"turns":3},{"damage":12,"enemies":"Lagavulin","floor":13,"turns":6},{"damage":13,"enemies":"Hexaghost","floor":16,"turns":11},{"damage":11,"enemies":"2 Thieves","floor":18,"turns":4},{"damage":0,"enemies":"3 Byrds","floor":19,"turns":2},{"damage":27,"enemies":"Slavers","floor":23,"turns":3},{"damage":10,"enemies":"Shelled Parasite and Fungi","floor":30,"turns":5},{"damage":16,"enemies":"Centurion and Healer","floor":31,"turns":4}],"seed_played":"-4236531698284568707","potions_obtained":[{"floor":3,"key":"ColorlessPotion"},{"floor":5,"key":"SmokeBomb"},{"floor":8,"key":"SteroidPotion"},{"floor":11,"key":"FearPotion"},{"floor":16,"key":"LiquidBronze"},{"floor":23,"key":"ColorlessPotion"},{"floor":30,"key":"CultistPotion"}],"is_trial":false,"path_per_floor":["M","M","M","M","M","R","$","E","T","R","?","?","E","$","R","B",null,"M","M","$","?","$","E","R","$","T","?","R","?","M","M"],"character_chosen":"DEFECT","items_purchased":["Defragment","Cold Snap","Bag of Preparation","DollysMirror"],"campfire_rested":2,"item_purchase_floors":[7,7,14,22],"current_hp_per_floor":[52,51,44,40,39,39,39,31,31,52,50,39,27,27,27,14,57,46,46,46,46,46,19,40,40,40,40,40,24,14,0,0],"gold":59,"neow_bonus":"THREE_CARDS","is_daily":false,"chose_seed":false,"campfire_upgraded":3,"win_rate":0.0,"timestamp":1613221318,"path_taken":["M","M","M","M","M","R","$","E","T","R","?","?","E","$","R","BOSS","M","M","$","?","$","E","R","?","T","?","R","?","M","M"],"items_purchased_type":["Card","Card","Relic","Relic"],"build_version":"2020-12-22","purchased_purges":0,"victory":false,"max_hp_per_floor":[71,71,71,71,71,71,71,71,71,71,71,71,71,71,71,71,71,71,71,71,71,71,71,71,71,71,71,71,71,71,71,71],"card_choices":[{"not_picked":["Stack","Sweeping Beam"],"picked":"Ball Lightning","floor":0},{"not_picked":["Steam","Heatsinks"],"picked":"Glacier","floor":1},{"not_picked":["Go for the Eyes","Coolheaded"],"picked":"Ball Lightning","floor":2},{"not_picked":["Steam","Skim"],"picked":"Sweeping Beam","floor":3},{"not_picked":["Darkness","Hologram"],"picked":"Compile Driver","floor":4},{"not_picked":["BootSequence","Static Discharge"],"picked":"Conserve Battery","floor":5},{"not_picked":["Loop","Melter"],"picked":"Conserve Battery","floor":8},{"not_picked":["Sweeping Beam","Creative AI"],"picked":"Conserve Battery","floor":11},{"not_picked":["Hello World","Steam"],"picked":"Cold Snap","floor":13},{"not_picked":["All For One","Thunder Strike"],"picked":"Electrodynamics","floor":16},{"not_picked":["Gash","Redo"],"picked":"Beam Cell","floor":18},{"not_picked":["Redo","Turbo"],"picked":"Streamline+1","floor":19},{"not_picked":["Steam","Coolheaded"],"picked":"Chill","floor":23},{"not_picked":["Conserve Battery","Loop","Scrape"],"picked":"SKIP","floor":30}],"player_experience":798916,"relics_obtained":[{"floor":8,"key":"Bottled Flame"},{"floor":9,"key":"Lantern"},{"floor":11,"key":"Odd Mushroom"},{"floor":13,"key":"Omamori"},{"floor":23,"key":"Symbiotic Virus"},{"floor":26,"key":"Bottled Lightning"},{"floor":29,"key":"Nilry\u0027s Codex"}],"event_choices":[{"damage_healed":0,"gold_gain":0,"player_choice":"Fought Mushrooms","damage_taken":0,"max_hp_gain":0,"max_hp_loss":0,"event_name":"Mushrooms","floor":11,"gold_loss":0},{"damage_healed":0,"gold_gain":75,"player_choice":"Gather Gold","damage_taken":11,"max_hp_gain":0,"max_hp_loss":0,"event_name":"World of Goop","floor":12,"gold_loss":0},{"damage_healed":0,"gold_gain":0,"player_choice":"Ignored","damage_taken":0,"max_hp_gain":0,"max_hp_loss":0,"event_name":"Vampires","floor":21,"gold_loss":0},{"damage_healed":0,"gold_gain":0,"player_choice":"Obtained Relic","damage_taken":0,"relics_obtained":["Tiny Chest"],"max_hp_gain":0,"max_hp_loss":0,"event_name":"Addict","floor":27,"gold_loss":85},{"damage_healed":0,"gold_gain":0,"player_choice":"Obtained Book","damage_taken":16,"max_hp_gain":0,"max_hp_loss":0,"event_name":"Cursed Tome","floor":29,"gold_loss":0}],"is_beta":false,"boss_relics":[{"not_picked":["Cursed Key","Astrolabe"],"picked":"Snecko Eye"}],"items_purged_floors":[],"is_endless":false,"potions_floor_spawned":[3,5,8,11,16,23,30],"killed_by":"Centurion and Healer","ascension_level":14}}