{"host":"0tx5hhfcaiyfjvb5","time":1613189489,"event":{"mods":["BaseMod","Downfall","Minty Spire (QoL Compilation)","StSLib"],"gold_per_floor":[99,119,130,145,5,5,30,30,47,65,65,85,96,109,125,222,222,222,222,240,252,263,263,263,263,274,290,1,1,1,12,30,129,129,129,140,140,125,148,175,201,212,229,229,42,57,57,57,74,74,74,74],"floor_reached":50,"language":"ENG","playtime":9376,"items_purged":[],"score":467,"play_id":"1491afd6-d554-4601-ba95-a8e0d47d2458","local_time":"20210212231129","is_ascension_mode":false,"campfire_choices":[{"data":"Slimebound:Split","floor":1.0,"key":"SMITH"},{"data":"Slimebound:FormOfPuddle","floor":6.0,"key":"SMITH"},{"data":"Slimebound:LevelUp","floor":8.0,"key":"SMITH"},{"floor":11.0,"key":"REST"},{"data":"Slimebound:TagTeam","floor":18.0,"key":"SMITH"},{"floor":23.0,"key":"REST"},{"data":"Slimebound:SpikyOuterGoop","floor":30.0,"key":"SMITH"},{"data":"Slimebound:MassRepurpose","floor":35.0,"key":"SMITH"},{"data":"Slimebound:SplitSpecialist","floor":44.0,"key":"SMITH"},{"floor":47.0,"key":"REST"}],"circlet_count":0,"master_deck":["Slimebound:Strike_Slimebound","Slimebound:Strike_Slimebound","Slimebound:Strike_Slimebound","Slimebound:Tackle","Slimebound:Defend_Slimebound","Slimebound:Defend_Slimebound","Slimebound:Defend_Slimebound","Slimebound:Defend_Slimebound","Slimebound:Split+1","Slimebound:CorrosiveSpit","Bandage Up","Slimebound:LevelUp+1","Slimebound:ServeAndProtect","Slimebound:FormOfPuddle+1","Slimebound:FormOfPuddle","Slimebound:RollThrough","Slimebound:SamplingLick","Slimebound:DisruptingSlam","Slimebound:SlimeSpikes","Slimebound:Schlurp","Slimebound:Schlurp","Slimebound:SplitMire","Slimebound:TagTeam+1","Slimebound:SplitLeeching","Slimebound:Equalize+1","RitualDagger","Slimebound:SplitBruiser+1","Slimebound:ProtectTheBoss","Slimebound:SpikyOuterGoop+1","Slimebound:SlimeSpikes","Slimebound:SplitAcid","Slimebound:DivideAndConquer","Slimebound:MassRepurpose+1","Slimebound:SplitLeeching+1","Slimebound:Darklings","Slimebound:SplitSpecialist+1","Slimebound:Recollect+1","Slimebound:Replication+1","Slimebound:Overexert","Slimebound:OozeBath","Pain"],"relics":["Slimebound:AbsorbEndCombatUpgraded","Bag of Marbles","Happy Flower","TungstenRod","Strawberry","bronze:MakeshiftBattery","Boot","Dream Catcher","Juzu Bracelet","Bronze Scales","Gambling Chip","WarpedTongs"],"acts_visited":["Exordium","TheCity","TheBeyond"],"potions_floor_usage":[],"damage_taken":[{"damage":5.0,"enemies":"2 Louse","floor":2.0,"turns":3.0},{"damage":1.0,"enemies":"Small Slimes","floor":3.0,"turns":4.0},{"damage":10.0,"enemies":"Jaw Worm","floor":4.0,"turns":4.0},{"damage":0.0,"enemies":"downfall:FleeingMerchant","floor":5.0,"turns":4.0},{"damage":11.0,"enemies":"Blue Slaver","floor":9.0,"turns":4.0},{"damage":26.0,"enemies":"Exordium Thugs","floor":10.0,"turns":5.0},{"damage":6.0,"enemies":"Lots of Slimes","floor":12.0,"turns":4.0},{"damage":1.0,"enemies":"Exordium Wildlife","floor":13.0,"turns":3.0},{"damage":0.0,"enemies":"Large Slime","floor":14.0,"turns":5.0},{"damage":5.0,"enemies":"Exordium Thugs","floor":15.0,"turns":5.0},{"damage":58.0,"enemies":"WA_ARCHETYPE_RETAIN","floor":16.0,"turns":13.0},{"damage":15.0,"enemies":"3 Byrds","floor":20.0,"turns":6.0},{"damage":10.0,"enemies":"Snecko","floor":21.0,"turns":5.0},{"damage":34.0,"enemies":"3 Cultists","floor":22.0,"turns":6.0},{"damage":7.0,"enemies":"Chosen and Byrds","floor":26.0,"turns":6.0},{"damage":16.0,"enemies":"Shelled Parasite and Fungi","floor":27.0,"turns":6.0},{"damage":2.0,"enemies":"downfall:FleeingMerchant","floor":28.0,"turns":4.0},{"damage":6.0,"enemies":"Snake Plant","floor":31.0,"turns":3.0},{"damage":10.0,"enemies":"Centurion and Healer","floor":32.0,"turns":8.0},{"damage":82.0,"enemies":"IC_MUSHROOM_ARCHETYPE","floor":33.0,"turns":12.0},{"damage":3.0,"enemies":"3 Darklings","floor":36.0,"turns":7.0},{"damage":11.0,"enemies":"downfall:FleeingMerchant","floor":38.0,"turns":4.0},{"damage":5.0,"enemies":"Orb Walker","floor":42.0,"turns":3.0},{"damage":11.0,"enemies":"Maw","floor":43.0,"turns":10.0},{"damage":8.0,"enemies":"downfall:FleeingMerchant","floor":45.0,"turns":4.0},{"damage":26.0,"enemies":"Transient","floor":46.0,"turns":5.0},{"damage":0,"enemies":"4 Shapes","floor":49,"turns":4},{"damage":102,"enemies":"SI_POISON_ARCHETYPE","floor":50,"turns":7}],"seed_played":"-1540750741477940697","potions_obtained":[{"floor":3.0,"key":"LiquidBronze"},{"floor":4.0,"key":"bronze:BurnAndBuffPotion"},{"floor":14.0,"key":"FearPotion"},{"floor":16.0,"key":"Weak Potion"},{"floor":22.0,"key":"Fire Potion"},{"floor":26.0,"key":"Ancient Potion"},{"floor":27.0,"key":"Energy Potion"},{"floor":42.0,"key":"sneckomod:MuddlingPotion"},{"floor":49,"key":"Block Potion"}],"is_trial":false,"path_per_floor":["R","M","M","M","$","R","T","R","M","M","R","M","M","M","M","B",null,"R","?","M","M","M","R","T","?","M","M","$","?","R","M","M","B",null,"R","M","?","$","?","T","T","M","M","R","$","M","R","?","M","B"],"character_chosen":"SLIMEBOUND","items_purchased":["Slimebound:FormOfPuddle","Slimebound:RollThrough","Strawberry","Slimebound:SpikyOuterGoop","Slimebound:SlimeSpikes","Bronze Scales","Slimebound:Overexert","Gambling Chip"],"campfire_rested":3,"item_purchase_floors":[5,5,28,28,28,45,45,45],"current_hp_per_floor":[65,64,65,58,65,65,65,65,64,46,65,62,63,65,62,16,65,65,65,65,61,40,59,59,54,57,48,69,69,69,66,72,16,72,72,72,72,64,64,64,64,62,70,70,72,64,72,72,72,0,0,0],"gold":74,"neow_bonus":"RANDOM_COLORLESS","is_daily":false,"chose_seed":false,"campfire_upgraded":7,"win_rate":0.0,"timestamp":1613189489,"path_taken":["R","M","M","M","$","R","T","R","M","M","R","M","M","M","M","BOSS","R","?","M","M","M","R","T","?","M","M","$","?","R","M","M","BOSS","R","M","?","$","?","?","T","M","M","R","$","M","R","?","M","BOSS"],"items_purchased_type":["Card","Card","Relic","Card","Card","Relic","Card","Relic"],"build_version":"2020-12-22","purchased_purges":0,"victory":false,"max_hp_per_floor":[65,65,65,65,65,65,65,65,65,65,65,65,65,65,65,65,65,65,65,65,65,65,65,65,65,65,65,72,72,72,72,72,72,72,72,72,72,72,72,72,72,72,72,72,72,72,72,72,72,72,72,72],"card_choices":[{"not_picked":["Deep Breath","Purity"],"picked":"Bandage Up","floor":0.0},{"not_picked":["Slimebound:Dissolve","Slimebound:ServeAndProtect"],"picked":"Slimebound:LevelUp","floor":2.0},{"not_picked":["Slimebound:Schlurp","Slimebound:Prepare"],"picked":"Slimebound:ServeAndProtect","floor":3.0},{"not_picked":["Slimebound:ItLooksTasty","Slimebound:HungryTackle"],"picked":"Slimebound:FormOfPuddle","floor":4.0},{"not_picked":["Slimebound:TongueLash","Slimebound:Repurpose"],"picked":"Slimebound:Darklings","floor":5.0},{"not_picked":["Slimebound:Chomp","Slimebound:SlimeSpikes"],"picked":"Slimebound:SamplingLick","floor":9.0},{"not_picked":["Slimebound:Chomp","Slimebound:Nibble"],"picked":"Slimebound:DisruptingSlam","floor":10.0},{"not_picked":["Slimebound:AcidTongue","Slimebound:ForwardTackle"],"picked":"Slimebound:SlimeSpikes","floor":12.0},{"not_picked":["Slimebound:FinishingTackle","Slimebound:DisruptingSlam"],"picked":"Slimebound:Schlurp","floor":13.0},{"not_picked":["Slimebound:Grow","Slimebound:HauntingLick"],"picked":"Slimebound:Schlurp","floor":14.0},{"not_picked":["Slimebound:GoopTackle","Slimebound:ComboTackle"],"picked":"Slimebound:SplitMire","floor":15.0},{"not_picked":["Slimebound:DouseInSlime","Slimebound:LeechLife"],"picked":"Slimebound:TagTeam","floor":16.0},{"not_picked":["Slimebound:MegaLick","Slimebound:Nibble"],"picked":"Slimebound:SplitLeeching","floor":20.0},{"not_picked":["Slimebound:SplitBruiser","Slimebound:SplitAcid"],"picked":"Slimebound:Equalize+1","floor":21.0},{"not_picked":["Slimebound:DisruptingSlam","Slimebound:Schlurp","Slimebound:ComboTackle+1"],"picked":"SKIP","floor":22.0},{"not_picked":["Slimebound:LeechEnergy","Slimebound:RainOfGoop"],"picked":"Slimebound:SplitBruiser+1","floor":26.0},{"not_picked":["Slimebound:BestDefense","Slimebound:HauntingLick+1"],"picked":"Slimebound:ProtectTheBoss","floor":27.0},{"not_picked":["Slimebound:ComboTackle","Slimebound:ViciousTackle","Slimebound:Chomp"],"picked":"SKIP","floor":28.0},{"not_picked":["Slimebound:ServeAndProtect","Slimebound:TongueLash"],"picked":"Slimebound:SplitAcid","floor":31.0},{"not_picked":["Slimebound:RainOfGoop+1","Slimebound:ComboTackle"],"picked":"Slimebound:DivideAndConquer","floor":32.0},{"not_picked":["Slimebound:Recycling","Slimebound:FirmFortitude"],"picked":"Slimebound:MassRepurpose","floor":33.0},{"not_picked":["Slimebound:ServeAndProtect+1","Slimebound:ItLooksTasty+1"],"picked":"Slimebound:SplitLeeching+1","floor":36.0},{"not_picked":["Slimebound:GoopTackle","Slimebound:HauntingLick+1"],"picked":"Slimebound:SplitSpecialist","floor":38.0},{"not_picked":["Slimebound:SlimeBrawl+1","Slimebound:Gluttony"],"picked":"Slimebound:Recollect+1","floor":42.0},{"not_picked":["Slimebound:SlimeBrawl","Slimebound:FinishingTackle","Slimebound:LeadByExample+1"],"picked":"SKIP","floor":43.0},{"not_picked":["Slimebound:SplitBruiser+1","Slimebound:ComboTackle+1"],"picked":"Slimebound:Replication+1","floor":45.0},{"not_picked":["Slimebound:HauntingLick+1","Slimebound:GoopSpray","Slimebound:ComboTackle+1"],"picked":"SKIP","floor":46.0},{"not_picked":["Slimebound:ComboTackle","Slimebound:FinishingTackle+1"],"picked":"Slimebound:OozeBath","floor":47.0},{"not_picked":["Slimebound:Grow+1","Slimebound:ItLooksTasty+1","Slimebound:FlameTackle+1"],"picked":"SKIP","floor":49}],"player_experience":326485,"relics_obtained":[{"floor":7.0,"key":"Bag of Marbles"},{"floor":24.0,"key":"TungstenRod"},{"floor":39.0,"key":"Boot"},{"floor":40.0,"key":"Dream Catcher"},{"floor":41.0,"key":"Juzu Bracelet"}],"event_choices":[{"damage_healed":0.0,"max_hp_gain":0.0,"max_hp_loss":0.0,"gold_gain":0.0,"event_name":"Addict","player_choice":"Stole Relic","floor":19.0,"gold_loss":0.0,"damage_taken":0.0,"relics_obtained":["Happy Flower"],"cards_obtained":["Pride"]},{"damage_healed":0.0,"max_hp_gain":0.0,"max_hp_loss":0.0,"gold_gain":0.0,"event_name":"Accursed Blacksmith","player_choice":"Rummage","floor":48.0,"gold_loss":0.0,"damage_taken":0.0,"relics_obtained":["WarpedTongs"],"cards_obtained":["Pain"]}],"is_beta":false,"boss_relics":[{"not_picked":["Velvet Choker","Busted Crown"],"picked":"Slimebound:AbsorbEndCombatUpgraded"},{"not_picked":["Empty Cage","Sozu"],"picked":"bronze:MakeshiftBattery"}],"items_purged_floors":[],"is_endless":false,"potions_floor_spawned":[3,4,14,16,22,26,27,42,49],"killed_by":"SI_POISON_ARCHETYPE","ascension_level":0}}