{"host":"e8062yfkmywf26f0","time":1613254501,"event":{"mods":["AchievementEnabler","BaseMod","Colored Map","Minty Spire (QoL Compilation)","Quick Restart","Shop Mod","StSLib"],"gold_per_floor":[113,17,29,79,79,110,133,133,214,389,428,458,42,61,61,192,192,208,208,208,223,223,256,268,298,310,337,349,349],"floor_reached":28,"language":"ENG","playtime":1694,"items_purged":["Doubt"],"score":246,"play_id":"9e6b5a2a-4d26-4a4b-b3ac-3e88270a05a5","local_time":"20210213221501","is_ascension_mode":false,"campfire_choices":[{"data":"Neutralize","floor":8.0,"key":"SMITH"},{"data":"Adrenaline","floor":15.0,"key":"SMITH"},{"floor":24,"key":"REST"}],"circlet_count":0,"master_deck":["Strike_G","Strike_G","Strike_G","Strike_G","Strike_G","Defend_G","Defend_G","Defend_G","Defend_G","Defend_G","Survivor","Neutralize+1","Dagger Throw","Underhanded Strike","Blade Dance","Injury","Catalyst","All Out Attack","Distraction","Flying Knee","Well Laid Plans","Die Die Die","Slice+1","Riddle With Holes","Adrenaline","Outmaneuver","Crippling Poison"],"relics":["Ring of the Snake","Golden Idol","Anchor","White Beast Statue","Gremlin Horn","SlaversCollar","Enchiridion","MawBank","Paper Crane"],"acts_visited":["Exordium","TheCity"],"potions_floor_usage":[16,16,21],"damage_taken":[{"damage":0.0,"enemies":"Cultist","floor":1.0,"turns":5.0},{"damage":1.0,"enemies":"Jaw Worm","floor":3.0,"turns":4.0},{"damage":28.0,"enemies":"3 Sentries","floor":6.0,"turns":10.0},{"damage":0.0,"enemies":"Small Slimes","floor":7.0,"turns":3.0},{"damage":8.0,"enemies":"Gremlin Nob","floor":11.0,"turns":3.0},{"damage":0.0,"enemies":"3 Louse","floor":14.0,"turns":2.0},{"damage":14,"enemies":"Hexaghost","floor":16,"turns":9},{"damage":16,"enemies":"Shell Parasite","floor":18,"turns":6},{"damage":4,"enemies":"2 Thieves","floor":21,"turns":2},{"damage":28,"enemies":"Book of Stabbing","floor":23,"turns":5},{"damage":12,"enemies":"3 Cultists","floor":25,"turns":6},{"damage":11,"enemies":"Centurion and Healer","floor":27,"turns":6},{"damage":19,"enemies":"Sentry and Sphere","floor":28,"turns":2}],"seed_played":"7576637315121669190","potions_obtained":[{"floor":6.0,"key":"Fire Potion"},{"floor":11.0,"key":"AttackPotion"},{"floor":14.0,"key":"SkillPotion"},{"floor":16,"key":"Explosive Potion"},{"floor":18,"key":"Dexterity Potion"},{"floor":21,"key":"FearPotion"},{"floor":23,"key":"Dexterity Potion"},{"floor":25,"key":"Explosive Potion"},{"floor":27,"key":"Energy Potion"}],"is_trial":false,"path_per_floor":["M","$","M","?","?","E","M","R","T","?","E","?","$","M","R","B",null,"M","?","?","M","?","E","R","M","T","M","M"],"character_chosen":"THE_SILENT","items_purchased":["Underhanded Strike","Blade Dance","Adrenaline","Flying Knee","Well Laid Plans","Fruit Juice"],"campfire_rested":1,"item_purchase_floors":[2,2,13,13,13,13],"current_hp_per_floor":[77,77,76,76,76,48,48,48,48,48,40,40,45,45,45,31,82,66,66,50,46,46,18,42,30,30,19,0,0],"gold":349,"neow_bonus":"TEN_PERCENT_HP_BONUS","is_daily":false,"chose_seed":false,"campfire_upgraded":2,"win_rate":0.0,"timestamp":1613254501,"path_taken":["M","?","M","?","?","E","?","R","T","?","E","?","$","M","R","BOSS","M","?","?","M","?","E","R","?","T","M","M"],"items_purchased_type":["Card","Card","Card","Card","Card","Potion"],"build_version":"2020-12-22","purchased_purges":1,"victory":false,"max_hp_per_floor":[77,77,77,77,77,77,77,77,77,77,77,77,82,82,82,82,82,82,82,82,82,82,82,82,82,82,82,82,82],"card_choices":[{"not_picked":["Deflect","Quick Slash"],"picked":"Dagger Throw","floor":1.0},{"not_picked":["Choke","Escape Plan","PiercingWail"],"picked":"SKIP","floor":3.0},{"not_picked":["Night Terror","Deadly Poison"],"picked":"Catalyst","floor":6.0},{"not_picked":["Predator","Skewer"],"picked":"All Out Attack","floor":7.0},{"not_picked":["Finisher","Slice"],"picked":"Distraction","floor":11.0},{"not_picked":["Leg Sweep","Riddle With Holes","Slice"],"picked":"SKIP","floor":14.0},{"not_picked":["Doppelganger","Glass Knife"],"picked":"Die Die Die","floor":16},{"not_picked":["Leg Sweep","Riddle With Holes"],"picked":"Slice+1","floor":18},{"not_picked":["Tactician","Slice"],"picked":"Quick Slash+1","floor":21},{"not_picked":["Quick Slash","Prepared","Acrobatics+1"],"picked":"SKIP","floor":23},{"not_picked":["Distraction","Choke"],"picked":"Outmaneuver","floor":25},{"not_picked":["Bouncing Flask","Flechettes"],"picked":"Crippling Poison","floor":27}],"player_experience":72825,"relics_obtained":[{"floor":6.0,"key":"Anchor"},{"floor":9.0,"key":"White Beast Statue"},{"floor":11.0,"key":"Gremlin Horn"},{"floor":20,"key":"Enchiridion"},{"floor":23,"key":"MawBank"},{"floor":26,"key":"Paper Crane"}],"event_choices":[{"damage_healed":0.0,"max_hp_gain":0.0,"max_hp_loss":0.0,"gold_gain":50.0,"event_name":"Golden Wing","player_choice":"Gained Gold","floor":4.0,"gold_loss":0.0,"damage_taken":0.0},{"damage_healed":0.0,"max_hp_gain":0.0,"max_hp_loss":0.0,"gold_gain":0.0,"event_name":"Golden Idol","player_choice":"Take Wound","floor":5.0,"gold_loss":0.0,"damage_taken":0.0,"relics_obtained":["Golden Idol"],"cards_obtained":["Injury"]},{"damage_healed":0.0,"max_hp_gain":0.0,"max_hp_loss":0.0,"gold_gain":175.0,"event_name":"Liars Game","player_choice":"AGREE","floor":10.0,"gold_loss":0.0,"damage_taken":0.0,"cards_obtained":["Doubt"]},{"damage_healed":0.0,"max_hp_gain":0.0,"max_hp_loss":0.0,"gold_gain":30.0,"event_name":"Dead Adventurer","player_choice":"Searched \u00271\u0027 times","floor":12.0,"gold_loss":0.0,"damage_taken":0.0},{"damage_healed":0,"gold_gain":0,"player_choice":"Ignored","damage_taken":0,"max_hp_gain":0,"max_hp_loss":0,"event_name":"Ghosts","floor":19,"gold_loss":0},{"damage_healed":0,"gold_gain":0,"player_choice":"Obtained Book","damage_taken":16,"max_hp_gain":0,"max_hp_loss":0,"event_name":"Cursed Tome","floor":20,"gold_loss":0},{"damage_healed":0,"gold_gain":0,"cards_transformed":["Adrenaline","Quick Slash"],"player_choice":"Became Test Subject","damage_taken":0,"max_hp_gain":0,"max_hp_loss":0,"event_name":"Drug Dealer","floor":22,"gold_loss":0,"cards_obtained":["Riddle With Holes","Adrenaline"]}],"is_beta":false,"boss_relics":[{"not_picked":["Cursed Key","Runic Pyramid"],"picked":"SlaversCollar"}],"items_purged_floors":[13],"is_endless":false,"potions_floor_spawned":[6,11,14,16,18,21,23,25,27],"killed_by":"Sentry and Sphere","ascension_level":0}}