{"host":"u0qetpmu4y58k1tf","time":1613212453,"event":{"mods":["100% Spire Juice","AchievementEnabler","Act Like it!","BaseMod","CapriCore","Colored Map","Colored Powertips","Hermit","Koishi","Marisa£¨Ùöéë¡¡Øª×âÞÞ£©","Minty Spire (QoL Compilation)","Quick Restart","Reliquary","Replay The Spire","StSLib","SuperFastMode","Td1madao Mod","The Bug Knight","The Cursed","The Gatherer","The Hierophant","The Immortal","The Jungle","The Runesmith"],"gold_per_floor":[116,116,66,66,81,81,107,32,32,32,51,51,51,117,117,219,219,239,95,10,110,125,125,175,214,259,259,327,441,466,507,507,635,635,660,307,325,708,725,725,725,725],"floor_reached":41,"language":"KOR","playtime":2325,"items_purged":["Doubt","Pain"],"score":771,"play_id":"f33dfd54-1ac2-42ea-84f5-7900ed7629e3","local_time":"20210213193413","is_ascension_mode":true,"campfire_choices":[{"data":"Dualcast","floor":6,"key":"SMITH"},{"data":"Redo","floor":12,"key":"SMITH"},{"data":"Double Energy","floor":15,"key":"SMITH"},{"data":"Sunder","floor":23,"key":"SMITH"},{"data":"Meteor Strike","floor":27,"key":"SMITH"},{"floor":32,"key":"DIG"},{"floor":40,"key":"RECALL"}],"circlet_count":0,"master_deck":["Strike_B+1","Strike_B+1","Defend_B+1","Defend_B","Defend_B","Zap+1","Dualcast+1","Sunder+1","Redo+1","Double Energy+1","Conserve Battery","Meteor Strike+1","Compile Driver","Voices","Turbo+1","Sickly","White Noise+1","ReplayTheSpireMod:System Scan+1","Aggregate+1","ReplayTheSpireMod:Splinters","ReplayRNGCard","Rebound+1","Sweeping Beam+1","Multi-Cast+1","Languid","Amnesia","Shame","Redo+1"],"relics":["Cracked Core","Durian","ReplayTheSpireMod:Ring of Collecting","Ring of Panic","Whetstone","Ring of Hypnosis","Bag of Preparation","SsserpentHead","Inserter","ReplayFunnel","theJungle:Flamango","Ring of Greed","Smiling Mask","Replay:Ringing Soul","WarpedTongs","Bag of Marbles","Ring of Fury","reliquary:QuartzCube","War Paint","Carrot","Astrolabe","Turnip"],"acts_visited":["Exordium","Exordium","TheBeyond"],"potions_floor_usage":[7,16,18,25,31,31,31],"damage_taken":[{"damage":4.0,"enemies":"Jaw Worm","floor":1.0,"turns":4.0},{"damage":0,"enemies":"2 Louse","floor":5,"turns":2},{"damage":20,"enemies":"3 Sentries","floor":7,"turns":7},{"damage":0,"enemies":"Cultist","floor":11,"turns":2},{"damage":0,"enemies":"Looter","floor":14,"turns":2},{"damage":0,"enemies":"Slime Boss","floor":16,"turns":8},{"damage":2,"enemies":"theJungle:GiantWrat","floor":18,"turns":4},{"damage":0,"enemies":"theJungle:MUSHROOMGANG","floor":22,"turns":3},{"damage":12,"enemies":"theJungle:2_Phrogs","floor":25,"turns":7},{"damage":0,"enemies":"theJungle:SlimyTreeVines","floor":28,"turns":1},{"damage":9,"enemies":"theJungle:Snecko_Cultist_And_Trap","floor":30,"turns":3},{"damage":19,"enemies":"theJungle:MamaSnecko","floor":31,"turns":4},{"damage":8,"enemies":"theJungle:FunGuy","floor":33,"turns":14},{"damage":0,"enemies":"3 Shapes","floor":35,"turns":3},{"damage":0,"enemies":"Orb Walker","floor":37,"turns":2},{"damage":0,"enemies":"3 Darklings","floor":39,"turns":4},{"damage":92,"enemies":"Reptomancer","floor":41,"turns":7}],"seed_played":"-1111617893729149252","potions_obtained":[{"floor":1.0,"key":"Swift Potion"},{"floor":5,"key":"SkillPotion"},{"floor":14,"key":"Strength Potion"},{"floor":16,"key":"CultistPotion"},{"floor":18,"key":"Strength Potion"},{"floor":25,"key":"Energy Potion"},{"floor":28,"key":"ColorlessPotion"},{"floor":35,"key":"CultistPotion"}],"is_trial":false,"path_per_floor":["M","?","?","?","M","R","E","$","T","$","M","R","?","M","R","B",null,"M","$","?","T","M","R","?","E","T","R","M","?","M","E","R_BF","B",null,"M","$","M","?","M","R","E"],"character_chosen":"DEFECT","items_purchased":["ReplayFunnel","Turnip"],"campfire_rested":0,"item_purchase_floors":[19,36],"current_hp_per_floor":[76,76,76,76,76,76,56,56,56,56,56,56,56,56,56,56,74,72,72,72,72,72,72,75,66,66,66,66,48,42,26,26,21,82,85,85,85,88,91,91,0,0],"gold":725,"neow_bonus":"ONE_RARE_RELIC","is_daily":false,"chose_seed":false,"campfire_upgraded":5,"win_rate":0.0,"timestamp":1613212453,"path_taken":["M","?","?","?","M","R","E","$","T","$","M","R","?","?","R","BOSS","M","$","?","?","M","R","?","E","T","R","?","?","M","E","R_BF","BOSS","M","$","M","?","M","R","E"],"items_purchased_type":["Relic","Relic"],"build_version":"2020-12-22","purchased_purges":2,"victory":false,"max_hp_per_floor":[80,80,80,80,80,80,80,80,80,80,80,80,80,80,80,80,80,80,80,80,80,80,80,83,86,86,86,86,89,92,95,95,98,101,104,104,104,107,110,110,110,110],"card_choices":[{"not_picked":["Reinforced Body","Turbo"],"picked":"Sunder","floor":1.0},{"not_picked":["Barrage","BasicCrystalCard"],"picked":"Redo","floor":5},{"not_picked":["Ball Lightning","Go for the Eyes"],"picked":"Double Energy","floor":7},{"not_picked":["Redo","Force Field","Hello World"],"picked":"SKIP","floor":11},{"not_picked":["Leap","Barrage"],"picked":"Conserve Battery","floor":14},{"not_picked":["Biased Cognition","Machine Learning"],"picked":"Meteor Strike","floor":16},{"not_picked":["Streamline+1","Genetic Algorithm+1"],"picked":"Compile Driver","floor":18},{"not_picked":["Gash+1","Panic Button","Sweeping Beam"],"picked":"SKIP","floor":22},{"not_picked":["Leap+1","ReplayTheSpireMod:GoodbyeWorld+1"],"picked":"Turbo+1","floor":25},{"not_picked":["Static Discharge","Doom and Gloom","Ball Lightning"],"picked":"SKIP","floor":28},{"not_picked":["Heatsinks","ReplayTheSpireMod:Calculation Training"],"picked":"White Noise+1","floor":29},{"not_picked":["ReplayTheSpireMod:GoodbyeWorld+1","Rebound"],"picked":"ReplayTheSpireMod:System Scan+1","floor":30},{"not_picked":["ReplayGash","Steam"],"picked":"Aggregate","floor":31},{"not_picked":["Seek","Biased Cognition"],"picked":"ReplayRNGCard","floor":33},{"not_picked":["Beam Cell","Auto Shields","ReplayTheSpireMod:Repulse"],"picked":"SKIP","floor":35},{"not_picked":["FIFO Queue","Beam Cell","ReplayTheSpireMod:Repulse"],"picked":"SKIP","floor":37},{"not_picked":["Scrape","Go for the Eyes+1"],"picked":"Redo+1","floor":39}],"player_experience":108622,"relics_obtained":[{"floor":4,"key":"ReplayTheSpireMod:Ring of Collecting"},{"floor":4,"key":"Ring of Panic"},{"floor":7,"key":"Whetstone"},{"floor":9,"key":"Ring of Hypnosis"},{"floor":9,"key":"Bag of Preparation"},{"floor":21,"key":"Ring of Greed"},{"floor":21,"key":"Smiling Mask"},{"floor":21,"key":"Golden Idol"},{"floor":21,"key":"Replay:Ringing Soul"},{"floor":25,"key":"Bag of Marbles"},{"floor":26,"key":"Ring of Fury"},{"floor":29,"key":"reliquary:QuartzCube"},{"floor":31,"key":"War Paint"},{"floor":32,"key":"Carrot"}],"event_choices":[{"damage_healed":0.0,"max_hp_gain":0.0,"max_hp_loss":0.0,"gold_gain":0.0,"event_name":"Living Wall","player_choice":"Grow","floor":2.0,"gold_loss":0.0,"damage_taken":0.0,"cards_upgraded":["Zap"]},{"cards_removed":["Voices"],"damage_healed":0,"gold_gain":0,"player_choice":"Card Removal","damage_taken":0,"max_hp_gain":0,"max_hp_loss":0,"event_name":"The Cleric","floor":3,"gold_loss":50},{"damage_healed":0,"gold_gain":0,"player_choice":"Trade","damage_taken":0,"relics_obtained":["SsserpentHead"],"max_hp_gain":0,"max_hp_loss":0,"event_name":"FaceTrader","floor":13,"gold_loss":0},{"damage_healed":0,"gold_gain":0,"player_choice":"Rummage","damage_taken":0,"relics_obtained":["WarpedTongs"],"max_hp_gain":0,"max_hp_loss":0,"event_name":"Accursed Blacksmith","floor":24,"gold_loss":0,"cards_obtained":["Pain"]},{"damage_healed":0,"gold_gain":333,"player_choice":"Gave Idol","damage_taken":0,"max_hp_gain":0,"max_hp_loss":0,"event_name":"The Moai Head","floor":38,"relics_lost":["Golden Idol"],"gold_loss":0}],"is_beta":false,"boss_relics":[{"not_picked":["reliquary:RedPaperclip","Philosopher\u0027s Stone"],"picked":"Inserter"},{"not_picked":["Coffee Dripper","Runesmith:UraniumAnvil"],"picked":"Astrolabe"}],"items_purged_floors":[8,36],"is_endless":false,"potions_floor_spawned":[1,5,14,16,18,25,28,35],"killed_by":"Reptomancer","ascension_level":5}}