{"host":"qz0goigh82dax5l2","time":1613191574,"event":{"mods":["Act Like it!","Alarm Clock","BaseMod","Hallownest","Minty Spire (QoL Compilation)","StSLib"],"gold_per_floor":[118,118,118,118,130,142,179,191,227,257,283,328,340,367,379,391,391],"floor_reached":16,"language":"ZHS","playtime":589,"items_purged":[],"score":137,"play_id":"8f014b99-63cd-45be-a636-328e3015ab88","local_time":"20210213124614","is_ascension_mode":true,"campfire_choices":[{"data":"Auto Shields","floor":6,"key":"SMITH"},{"floor":8,"key":"REST"},{"floor":15,"key":"REST"}],"circlet_count":0,"master_deck":["Strike_B+1","Strike_B","Strike_B","Strike_B+1","Defend_B","Defend_B","Defend_B","Defend_B","Zap","Dualcast","Decay","Auto Shields+1","Writhe","Conserve Battery","Redo","Defragment","White Noise","Melter"],"relics":["Cracked Core","MawBank","Hallownest:DreamNailRelic","Whetstone","Omamori","Du-Vu Doll"],"acts_visited":["Exordium"],"potions_floor_usage":[7,12],"damage_taken":[{"damage":5,"enemies":"Hallownest:2_MossCreeps","floor":1,"turns":5},{"damage":21,"enemies":"Hallownest:eliteVengeflyKing","floor":7,"turns":8},{"damage":0,"enemies":"Hallownest:monsterHuskWarrior","floor":10,"turns":4},{"damage":2,"enemies":"Hallownest:2_Tiktiks_and_1_Crawlid","floor":11,"turns":3},{"damage":13,"enemies":"Hallownest:eliteMossKnight","floor":12,"turns":8},{"damage":11,"enemies":"Hallownest:MossCreep_and_Mosskin","floor":14,"turns":4},{"damage":56,"enemies":"Hallownest:BossHornet","floor":16,"turns":6}],"seed_played":"6057614920368537514","potions_obtained":[{"floor":1,"key":"FearPotion"},{"floor":10,"key":"EssenceOfDarkness"}],"is_trial":false,"path_per_floor":["M","?","?","T","?","R","E","R","T","M","M","E","?","M","R","B"],"character_chosen":"DEFECT","items_purchased":[],"campfire_rested":2,"item_purchase_floors":[],"current_hp_per_floor":[84,75,86,86,86,86,65,95,95,95,93,80,17,6,36,0,0],"gold":391,"neow_bonus":"TWENTY_PERCENT_HP_BONUS","is_daily":false,"chose_seed":false,"campfire_upgraded":1,"win_rate":0.0,"timestamp":1613191574,"path_taken":["M","?","?","?","?","R","E","R","T","M","?","E","?","M","R","BOSS"],"items_purchased_type":[],"build_version":"2020-12-22","purchased_purges":0,"victory":false,"max_hp_per_floor":[89,89,100,100,100,100,100,100,100,100,100,100,100,100,100,100,100],"card_choices":[{"not_picked":["Consume","Streamline"],"picked":"Auto Shields","floor":1},{"not_picked":["Go for the Eyes","Compile Driver"],"picked":"Conserve Battery","floor":7},{"not_picked":["Leap","Barrage"],"picked":"Redo","floor":10},{"not_picked":["Redo","Leap"],"picked":"Defragment","floor":11},{"not_picked":["Skim","Undo"],"picked":"White Noise","floor":12},{"not_picked":["Buffer","Rebound"],"picked":"Melter","floor":14}],"player_experience":67739,"relics_obtained":[{"floor":4,"key":"MawBank"},{"floor":7,"key":"Whetstone"},{"floor":9,"key":"Omamori"},{"floor":12,"key":"Du-Vu Doll"}],"event_choices":[],"is_beta":false,"boss_relics":[],"items_purged_floors":[],"is_endless":false,"potions_floor_spawned":[1,10],"killed_by":"Hallownest:BossHornet","ascension_level":1}}