{"host":"p0hktren06injwdf","time":1613194583,"event":{"mods":["AchievementEnabler","BaseMod","Colored Map","DeckTracker","Minty Spire (QoL Compilation)","Permanent Neow","StSLib","SuperFastMode"],"gold_per_floor":[118,129,129,141,87,87,107,125,152,152,171,9,23,23,23],"floor_reached":14,"language":"KOR","playtime":215,"items_purged":["Strike_B"],"score":168,"play_id":"d7bab06e-5f78-4c97-9dbc-d1a25682537e","local_time":"20210213143623","is_ascension_mode":true,"campfire_choices":[{"floor":6.0,"key":"REST"},{"data":"Defragment","floor":10.0,"key":"SMITH"}],"circlet_count":0,"master_deck":["AscendersBane","Strike_B","Strike_B","Strike_B","Defend_B","Defend_B","Defend_B","Defend_B","Zap","Dualcast","Metamorphosis","Ball Lightning","Conserve Battery","Self Repair","Hologram","Defragment+1","Compile Driver","Defragment"],"relics":["Cracked Core","Art of War"],"acts_visited":["Exordium"],"potions_floor_usage":[],"damage_taken":[{"damage":7.0,"enemies":"Cultist","floor":1.0,"turns":4.0},{"damage":4.0,"enemies":"Jaw Worm","floor":2.0,"turns":4.0},{"damage":16.0,"enemies":"Small Slimes","floor":4.0,"turns":4.0},{"damage":11.0,"enemies":"Blue Slaver","floor":7.0,"turns":4.0},{"damage":17.0,"enemies":"Gremlin Gang","floor":8.0,"turns":5.0},{"damage":6.0,"enemies":"3 Louse","floor":11.0,"turns":4.0},{"damage":12.0,"enemies":"2 Fungi Beasts","floor":13.0,"turns":4.0},{"damage":23,"enemies":"Lagavulin","floor":14,"turns":5}],"seed_played":"-1617945774695069035","potions_obtained":[{"floor":2.0,"key":"Weak Potion"},{"floor":4.0,"key":"ColorlessPotion"}],"is_trial":false,"path_per_floor":["M","M","$","M","$","R","M","M","T","R","M","$","M","E"],"character_chosen":"DEFECT","items_purchased":["Hologram","Defragment"],"campfire_rested":1,"item_purchase_floors":[5,12],"current_hp_per_floor":[39,35,35,19,19,40,36,26,26,26,27,27,22,0,0],"gold":23,"neow_bonus":"RANDOM_COLORLESS_2","is_daily":false,"chose_seed":false,"campfire_upgraded":1,"win_rate":0.0,"timestamp":1613194583,"path_taken":["M","M","$","M","$","R","M","M","T","R","M","$","M","E"],"items_purchased_type":["Card","Card"],"build_version":"2020-12-22","purchased_purges":1,"victory":false,"max_hp_per_floor":[71,71,71,71,71,71,71,71,71,71,71,71,71,71,71],"card_choices":[{"not_picked":["Secret Weapon","Secret Technique"],"picked":"Metamorphosis","floor":0.0},{"not_picked":["Turbo","Cold Snap"],"picked":"Ball Lightning","floor":1.0},{"not_picked":["Fusion","Turbo"],"picked":"Conserve Battery","floor":2.0},{"not_picked":["Barrage","Static Discharge"],"picked":"Self Repair","floor":4.0},{"not_picked":["Gash","Leap"],"picked":"Defragment","floor":7.0},{"not_picked":["Conserve Battery","Skim"],"picked":"Compile Driver","floor":8.0},{"not_picked":["Compile Driver","Rebound","Redo"],"picked":"SKIP","floor":11.0},{"not_picked":["Streamline","Barrage","Rip and Tear"],"picked":"SKIP","floor":13.0}],"player_experience":1050486,"relics_obtained":[{"floor":9.0,"key":"Art of War"}],"event_choices":[],"is_beta":false,"boss_relics":[],"items_purged_floors":[12],"is_endless":false,"potions_floor_spawned":[2,4,7],"killed_by":"Lagavulin","ascension_level":20}}