{"host":"df48i9djcn92c5sx","time":1613223589,"event":{"mods":["Act Like it!","Arknights","BaseMod","Decade(王小明)","Downfall","Gensokyo","Marisa（F雨　魔理沙）","Minty Spire (QoL Compilation)","READ ME - Guardian Mod","READ ME - Snecko Mod","Reimu（博丽灵梦）","Remilia（蕾米莉亚）","Shop Mod","StSLib","The Jungle","The Servant 0.9.4"],"gold_per_floor":[99,113,126,11,24,24,51,51,51],"floor_reached":8,"language":"ZHS","playtime":324,"items_purged":["ats:Strike V"],"score":53,"play_id":"047cdf68-9c9b-4441-9d10-1d9cd8d01915","local_time":"20210213213949","is_ascension_mode":true,"campfire_choices":[{"data":"ats:Volcano","floor":1,"key":"SMITH"},{"data":"ats:Ignite","floor":6,"key":"SMITH"}],"circlet_count":0,"master_deck":["ats:Strike C","ats:Strike G","ats:Strike S","ats:Armor Crushing Shot","ats:Defend","ats:Defend","ats:Defend","ats:Defend","ats:Emotion Absorption","ats:Volcano+1","ats:Apocalypse","ats:Ignite+1"],"relics":["ats:Sanity","Regal Pillow"],"acts_visited":["Exordium"],"potions_floor_usage":[5],"damage_taken":[{"damage":1,"enemies":"Cultist","floor":2,"turns":3},{"damage":4,"enemies":"Jaw Worm","floor":3,"turns":4},{"damage":5,"enemies":"downfall:FleeingMerchant","floor":4,"turns":4},{"damage":0,"enemies":"2 Louse","floor":5,"turns":1},{"damage":58,"enemies":"Lagavulin","floor":8,"turns":6}],"seed_played":"-7184237382633427757","potions_obtained":[{"floor":3,"key":"Explosive Potion"}],"is_trial":false,"path_per_floor":["R","M","M","$","M","R","T","E"],"character_chosen":"DOCTOR_CLASS","items_purchased":["ats:Ignite"],"campfire_rested":0,"item_purchase_floors":[4],"current_hp_per_floor":[51,50,46,45,45,45,45,0,0],"gold":51,"neow_bonus":"THREE_RARE_CARDS","is_daily":false,"chose_seed":false,"campfire_upgraded":2,"win_rate":0.0,"timestamp":1613223589,"path_taken":["R","M","M","$","M","R","T","E"],"items_purchased_type":["Card"],"build_version":"2020-12-22","purchased_purges":1,"victory":false,"max_hp_per_floor":[72,72,72,72,72,72,72,72,72],"card_choices":[{"not_picked":["ats:Durian","ats:Dogmatic Field"],"picked":"ats:Volcano","floor":0},{"not_picked":["ats:Assault Order","ats:Very Hot Blade","ats:Blood Oath"],"picked":"SKIP","floor":2},{"not_picked":["ats:Absolute Focus","ats:Curse Doll"],"picked":"ats:Apocalypse","floor":3},{"not_picked":["ats:Absolute Focus","ats:Apocalypse","ats:Serious Mode"],"picked":"SKIP","floor":4},{"not_picked":["ats:Very Hot Blade","ats:Hook Shot","ats:Composite Medical Shells"],"picked":"SKIP","floor":5}],"player_experience":1544705,"relics_obtained":[{"floor":7,"key":"Regal Pillow"}],"event_choices":[],"is_beta":false,"boss_relics":[],"items_purged_floors":[4],"is_endless":false,"potions_floor_spawned":[3],"killed_by":"Lagavulin","ascension_level":3}}