{"host":"6znluj278ovdbyb2","time":1613184405,"event":{"mods":["BaseMod","BetterRewards","Clockwork Mod","Highlight Path","Hubris","Infinite Spire","Marisa????????","Minty Spire (QoL Compilation)","Rare Cards Sparkle","Replay The Spire","StSLib","The Animator","The Bladedancer","The Cursed","The Disciple","The Mystic","The Necromancer","The Runesmith","The Servant 0.9.4"],"gold_per_floor":[34,76,76,51,11,112,112,112,112,154,216,255,287,324,324,419,419,429,429,442,453,453,453,453,453,453,453,453,224,224,224,284,284,284,415,415,339,357,69,69,122,122,122,122,122,122,170,170,170,218,218,238,238,238,14,59,103,103],"floor_reached":57,"language":"ENG","playtime":5222,"items_purged":["hubris:Disease"],"score":751,"play_id":"09159467-8068-4c91-ba8a-47965832e327","local_time":"20210212214645","is_ascension_mode":false,"campfire_choices":[{"floor":7.0,"key":"REST"},{"floor":15.0,"key":"REST"},{"floor":23.0,"key":"REST"},{"floor":27.0,"key":"REST"},{"floor":31.0,"key":"REST"},{"floor":34.0,"key":"REST"},{"floor":42.0,"key":"REST"},{"floor":48.0,"key":"REST"},{"floor":51.0,"key":"RECALL"},{"floor":54.0,"key":"REST"}],"circlet_count":0,"master_deck":["Strike_S","Strike_S","Strike_S","Strike_S","Defend_S","Defend_S","Defend_S","Defend_S","KidneyShot","Exchange","HandOfGreed+1","BestPractice","Rearm","BestPractice","SpecialFormula","Pain","Barrier","TimeWarp","SurpressingFire","Potential","Embodiment","MurderousAura","StarChef+1","infinitespire:FinalStrike","hubris:Fate","FastForward","InstantArmor","Delirium","infinitespire:Punishment","Luminosity","J.A.X.","Misdirection+1","PendulumOfEternity","DualDimension+1","ShatteredReality+1","KillingDoll+1","Unruled+1","Starlight+1","MoonPhase+1","Duplication","SilverBlades","Rearm+1"],"relics":["Uniform","hubris:TinFlute","WarpedTongs","infinitespire:FocusingShard","Garlic","Fusion Hammer","Replay:Wax Seal","Ring of Searing","Ring of Hypnosis","Happy Flower","infinitespire:Midas Blood","StoneMask","StoneCalendar","Replay:Bottled Flurry","ReplayTheSpireMod:Shallot","Lizard Tail","ReplayTheSpireMod:Ninjato","ReplayTheSpireMod:Lightbulb"],"acts_visited":["Exordium","TheCity","TheBeyond","TheEnding"],"potions_floor_usage":[57],"damage_taken":[{"damage":1.0,"enemies":"Jaw Worm","floor":1.0,"turns":5.0},{"damage":6.0,"enemies":"Cultist","floor":2.0,"turns":4.0},{"damage":16.0,"enemies":"3 Sentries","floor":6.0,"turns":9.0},{"damage":6.0,"enemies":"2 Louse","floor":10.0,"turns":2.0},{"damage":0.0,"enemies":"2 Fungi Beasts","floor":11.0,"turns":4.0},{"damage":25.0,"enemies":"Gremlin Gang","floor":12.0,"turns":5.0},{"damage":23.0,"enemies":"Gremlin Nob","floor":13.0,"turns":6.0},{"damage":9.0,"enemies":"Large Slime","floor":14.0,"turns":4.0},{"damage":51.0,"enemies":"Slime Boss","floor":16.0,"turns":12.0},{"damage":10.0,"enemies":"Chosen","floor":18.0,"turns":6.0},{"damage":11.0,"enemies":"Spheric Guardian","floor":20.0,"turns":5.0},{"damage":54.0,"enemies":"3 Cultists","floor":21.0,"turns":7.0},{"damage":53.0,"enemies":"Book of Stabbing","floor":32.0,"turns":5.0},{"damage":43.0,"enemies":"Automaton","floor":35.0,"turns":7.0},{"damage":14.0,"enemies":"Orb Walker","floor":37.0,"turns":3.0},{"damage":11.0,"enemies":"3 Darklings","floor":38.0,"turns":3.0},{"damage":7.0,"enemies":"Sphere and 2 Shapes","floor":47.0,"turns":3.0},{"damage":27.0,"enemies":"Writhing Mass","floor":50.0,"turns":4.0},{"damage":48.0,"enemies":"Time Eater","floor":52.0,"turns":8.0},{"damage":57.0,"enemies":"Shield and Spear","floor":56.0,"turns":5.0},{"damage":100,"enemies":"The Heart","floor":57,"turns":5}],"seed_played":"-6816262747180731524","potions_obtained":[{"floor":6.0,"key":"Swift Potion"},{"floor":10.0,"key":"Explosive Potion"},{"floor":11.0,"key":"ColorlessPotion"},{"floor":12.0,"key":"Dexterity Potion"},{"floor":21.0,"key":"SpeedPotion"},{"floor":32.0,"key":"Fire Potion"},{"floor":35.0,"key":"Doom Potion"},{"floor":38.0,"key":"Cursed Concoction"}],"is_trial":false,"path_per_floor":["M","M","?","$","$","E","R","?","T","M","M","M","E","M","R","B",null,"M","AVR","M","M","?","R","?","PTL","PTL","R","T","$","?","R","E","?","R","B",null,"M","M","$","?","?","R","?","?","T","T","M","R","AVR","M","R","B",null,"R","$","E","B"],"character_chosen":"THE_SERVANT","items_purchased":["Rearm","BestPractice","Happy Flower","Luminosity","StoneCalendar","Duplication","SilverBlades"],"campfire_rested":9,"item_purchase_floors":[4,5,29,29,39,55,55],"current_hp_per_floor":[64,58,58,58,58,42,61,61,61,55,63,46,31,27,46,3,65,60,60,56,10,10,29,29,29,29,48,48,48,48,65,17,17,36,1,65,59,51,51,51,25,45,45,45,45,45,55,70,70,53,53,13,72,72,72,21,0,0],"gold":103,"neow_bonus":"RANDOM_COLORLESS_2","is_daily":false,"chose_seed":false,"campfire_upgraded":0,"win_rate":0.0,"timestamp":1613184405,"path_taken":["M","M","?","?","$","E","R","?","T","M","?","M","E","M","R","BOSS","M","AVR","M","M","?","R","?","PTL","PTL","R","T","?","?","R","E","?","R","BOSS","M","M","$","?","?","R","?","?","T","?","?","R","AVR","M","R","BOSS","R","$","E","BOSS"],"items_purchased_type":["Card","Card","Relic","Card","Relic","Card","Card"],"build_version":"2020-12-22","purchased_purges":1,"victory":false,"max_hp_per_floor":[65,65,65,65,65,65,65,65,65,65,65,65,65,65,65,65,65,65,65,65,65,65,65,65,65,65,65,65,65,65,65,65,65,65,65,65,66,67,67,67,67,67,67,67,67,67,70,70,70,71,71,72,72,72,72,74,74,74],"card_choices":[{"not_picked":["Midas Touch","ReplayTheSpireMod:Brewmster"],"picked":"HandOfGreed","floor":0.0},{"not_picked":["RealityMarble","Ricochet"],"picked":"BestPractice","floor":1.0},{"not_picked":["Spin","Replace"],"picked":"ShatteredReality","floor":2.0},{"not_picked":["Unruled","Ricochet"],"picked":"SpecialFormula","floor":6.0},{"not_picked":["Shuttle","Rearm"],"picked":"Barrier","floor":10.0},{"not_picked":["FastForward","Revamp"],"picked":"TimeWarp","floor":11.0},{"not_picked":["TimeWarp","BottledTime"],"picked":"SurpressingFire","floor":12.0},{"not_picked":["Advance","Manipulate"],"picked":"Potential","floor":13.0},{"not_picked":["Defy","Unruled"],"picked":"Embodiment","floor":14.0},{"not_picked":["Solidify","LightFlow"],"picked":"MurderousAura","floor":16.0},{"not_picked":["Collapse","Hightail"],"picked":"StarChef+1","floor":18.0},{"not_picked":["Replace","Rewind"],"picked":"FastForward","floor":20.0},{"not_picked":["Alleviate","Revamp"],"picked":"InstantArmor","floor":21.0},{"not_picked":["infinitespire:SevenWalls","hubris:InfiniteBlow+4"],"picked":"infinitespire:Punishment","floor":24.0},{"not_picked":["FastForward","Spin"],"picked":"Misdirection+1","floor":32.0},{"not_picked":["TheWorld","FloweringNight"],"picked":"PendulumOfEternity","floor":35.0},{"not_picked":["Potential+1","Replace+1"],"picked":"DualDimension+1","floor":37.0},{"not_picked":["Advance","Comet"],"picked":"ShatteredReality+1","floor":38.0},{"not_picked":["Sabotage+1","FastForward"],"picked":"KillingDoll","floor":41.0},{"not_picked":["Starlight","RealityMarble"],"picked":"Unruled+1","floor":41.0},{"not_picked":["TimeWarp+1","Potential"],"picked":"Starlight+1","floor":47.0},{"not_picked":["Rewind+1","Spin"],"picked":"MoonPhase+1","floor":50.0},{"not_picked":["Alleviate","Potential"],"picked":"Rearm+1","floor":56.0}],"player_experience":616618,"relics_obtained":[{"floor":6.0,"key":"hubris:TinFlute"},{"floor":9.0,"key":"infinitespire:FocusingShard"},{"floor":13.0,"key":"Garlic"},{"floor":22.0,"key":"Ring of Searing"},{"floor":22.0,"key":"Ring of Hypnosis"},{"floor":32.0,"key":"infinitespire:Midas Blood"},{"floor":41.0,"key":"Replay:Bottled Flurry"},{"floor":45.0,"key":"ReplayTheSpireMod:Shallot"},{"floor":46.0,"key":"Lizard Tail"},{"floor":56.0,"key":"ReplayTheSpireMod:Lightbulb"}],"event_choices":[{"damage_healed":0.0,"max_hp_gain":0.0,"max_hp_loss":0.0,"gold_gain":0.0,"event_name":"Upgrade Shrine","player_choice":"Upgraded","floor":3.0,"gold_loss":0.0,"damage_taken":0.0,"cards_upgraded":["HandOfGreed"]},{"damage_healed":0.0,"max_hp_gain":0.0,"max_hp_loss":0.0,"gold_gain":0.0,"event_name":"Accursed Blacksmith","player_choice":"Rummage","floor":8.0,"gold_loss":0.0,"damage_taken":0.0,"relics_obtained":["WarpedTongs"],"cards_obtained":["Pain"]},{"damage_healed":0.0,"max_hp_gain":0.0,"max_hp_loss":0.0,"gold_gain":0.0,"event_name":"Drug Dealer","player_choice":"Obtain J.A.X.","floor":30.0,"gold_loss":0.0,"damage_taken":0.0,"cards_obtained":["J.A.X."]},{"damage_healed":0.0,"max_hp_gain":0.0,"max_hp_loss":0.0,"gold_gain":0.0,"event_name":"Mysterious Sphere","player_choice":"Ignored","floor":40.0,"gold_loss":0.0,"damage_taken":0.0},{"cards_removed":["ShatteredReality"],"damage_healed":0.0,"max_hp_gain":0.0,"max_hp_loss":0.0,"gold_gain":0.0,"event_name":"Falling","player_choice":"Removed Attack","floor":43.0,"gold_loss":0.0,"damage_taken":0.0}],"is_beta":false,"boss_relics":[{"not_picked":["Runesmith:UraniumAnvil","ReplayTheSpireMod:DimensionalGlitch"],"picked":"Fusion Hammer"},{"not_picked":["Philosopher\u0027s Stone","hubris:RunicObelisk"],"picked":"StoneMask"}],"items_purged_floors":[55],"is_endless":false,"potions_floor_spawned":[6,10,11,12,21,32,35,38],"killed_by":"The Heart","ascension_level":0}}