{"host":"kwyq3wo3fj8d4s27","time":1613190092,"event":{"mods":["AchievementEnabler","BaseMod","Colored Map","Highlight Path","Minty Spire (QoL Compilation)","Shop Mod","StSLib"],"gold_per_floor":[112,112,124,609,709,709,735,746,827,842,842,877,877,890,890,990,990,1004,929,392,392,440,472,472,483,508,540,540,554,580,598,598,703,703,718,718,735,735,735,749,348,348,348,0,26,1054,1064,1077,1077,1077,1077,1077,0,31,32],"floor_reached":56,"language":"ENG","playtime":1884,"items_purged":["Strike_R","Headbutt","Defend_R","Defend_R"],"score":1540,"play_id":"2f075eee-722d-4b3c-9102-5da19776218b","local_time":"20210212202132","is_ascension_mode":true,"campfire_choices":[{"data":"Strike_R","floor":6.0,"key":"PURGE"},{"floor":11.0,"key":"RECALL"},{"data":"Defend_R","floor":13.0,"key":"PURGE"},{"data":"Bash","floor":15.0,"key":"SMITH"},{"data":"Limit Break","floor":28,"key":"SMITH"},{"data":"J.A.X.","floor":32,"key":"SMITH"},{"data":"Headbutt","floor":42,"key":"PURGE"},{"data":"Rupture","floor":49,"key":"SMITH"},{"data":"Whirlwind","floor":52,"key":"SMITH"}],"circlet_count":0,"master_deck":["Bash+1","Impervious","Limit Break+1","J.A.X.+1","Sword Boomerang+1","Whirlwind+1","Rupture+1"],"relics":["Burning Blood","Peace Pipe","Shuriken","Frozen Eye","MerchantsRug","Red Skull","Pear","SlaversCollar","Sling","White Beast Statue","Orichalcum","Boot","Bag of Marbles","Tiny Chest","Champion Belt","Dream Catcher","Mango","Bottled Lightning","Strange Spoon","Pen Nib","Bottled Flame","Red Mask","InkBottle","Sundial","Bronze Scales","Calipers","Unceasing Top","PrismaticShard","Kunai"],"acts_visited":["TheCity","TheBeyond","TheEnding"],"potions_floor_usage":[50,50,50,55,55],"damage_taken":[{"damage":3.0,"enemies":"Small Slimes","floor":1.0,"turns":2.0},{"damage":1.0,"enemies":"Cultist","floor":3.0,"turns":3.0},{"damage":31.0,"enemies":"Gremlin Nob","floor":7.0,"turns":5.0},{"damage":0.0,"enemies":"2 Louse","floor":8.0,"turns":3.0},{"damage":19.0,"enemies":"Blue Slaver","floor":10.0,"turns":3.0},{"damage":49.0,"enemies":"Lagavulin","floor":12.0,"turns":6.0},{"damage":12.0,"enemies":"2 Fungi Beasts","floor":14.0,"turns":3.0},{"damage":85.0,"enemies":"Hexaghost","floor":16.0,"turns":11.0},{"damage":54,"enemies":"Spheric Guardian","floor":18,"turns":6},{"damage":54,"enemies":"Book of Stabbing","floor":23,"turns":5},{"damage":34,"enemies":"2 Thieves","floor":25,"turns":4},{"damage":37,"enemies":"Gremlin Leader","floor":27,"turns":3},{"damage":32,"enemies":"Chosen and Byrds","floor":29,"turns":6},{"damage":8,"enemies":"Book of Stabbing","floor":30,"turns":2},{"damage":35,"enemies":"Shelled Parasite and Fungi","floor":31,"turns":4},{"damage":26,"enemies":"Automaton","floor":33,"turns":5},{"damage":6,"enemies":"Orb Walker","floor":35,"turns":3},{"damage":6,"enemies":"3 Darklings","floor":37,"turns":3},{"damage":9,"enemies":"Transient","floor":40,"turns":5},{"damage":12,"enemies":"Nemesis","floor":45,"turns":3},{"damage":6,"enemies":"Spire Growth","floor":47,"turns":3},{"damage":6,"enemies":"Sphere and 2 Shapes","floor":48,"turns":2},{"damage":49,"enemies":"Donu and Deca","floor":50,"turns":5},{"damage":21,"enemies":"Shield and Spear","floor":54,"turns":3},{"damage":136,"enemies":"The Heart","floor":55,"turns":6}],"seed_played":"-3459669623425798502","potions_obtained":[{"floor":1.0,"key":"EssenceOfSteel"},{"floor":29,"key":"Strength Potion"}],"is_trial":false,"path_per_floor":["M","?","M","$","?","R","E","M","T","M","R","E","R","M","R","B",null,"M","?","$","?","T","E","?","M","T","E","R","M","E","M","R","B",null,"M","?","M","T","T","M","$","R","T","?","E","$","M","M","R","B",null,"R","$","E","B",null],"character_chosen":"IRONCLAD","items_purchased":["Peace Pipe","Shuriken","Frozen Eye","Block Potion","PowerPotion","MerchantsRug","Sling","White Beast Statue","Orichalcum","Strange Spoon","Pen Nib","Sundial","Bronze Scales","Rupture","Calipers","Unceasing Top","PrismaticShard","DuplicationPotion","Explosive Potion","PowerPotion"],"campfire_rested":0,"item_purchase_floors":[4,4,4,4,4,4,20,20,20,41,41,46,46,46,53,53,53,53,53,53],"current_hp_per_floor":[72,72,72,72,72,72,47,53,53,40,40,57,57,51,51,33,82,82,82,82,82,82,34,34,71,71,79,79,82,80,51,51,31,82,82,82,82,96,96,93,93,93,93,93,87,87,87,87,87,44,96,96,96,81,30],"gold":32,"neow_bonus":"TRANSFORM_TWO_CARDS","is_daily":false,"chose_seed":false,"campfire_upgraded":5,"win_rate":0.0,"timestamp":1613190092,"path_taken":["M","?","M","$","?","R","E","?","T","M","R","E","R","M","R","BOSS","M","?","$","?","?","E","?","?","T","E","R","M","E","M","R","BOSS","M","?","?","?","?","M","$","R","T","?","E","$","M","M","R","BOSS","R","$","E","BOSS"],"items_purchased_type":["Relic","Relic","Relic","Potion","Potion","Relic","Relic","Relic","Relic","Relic","Relic","Relic","Relic","Card","Relic","Relic","Relic","Potion","Potion","Potion"],"build_version":"2020-12-22","purchased_purges":4,"victory":true,"max_hp_per_floor":[72,72,72,72,72,72,72,72,72,72,72,82,82,82,82,82,82,82,82,82,82,82,82,82,82,82,82,82,82,82,82,82,82,82,82,82,82,96,96,96,96,96,96,96,96,96,96,96,96,96,96,96,96,96,96],"card_choices":[{"not_picked":["Pummel","Twin Strike","Headbutt"],"picked":"SKIP","floor":1.0},{"not_picked":["Dropkick","Warcry","Rage"],"picked":"SKIP","floor":3.0},{"not_picked":["Dropkick","Bloodletting"],"picked":"Impervious","floor":7.0},{"not_picked":["Sword Boomerang","Pommel Strike","Iron Wave"],"picked":"SKIP","floor":8.0},{"not_picked":["Warcry","Offering","Armaments"],"picked":"SKIP","floor":10.0},{"not_picked":["Second Wind","Clash","Battle Trance"],"picked":"SKIP","floor":12.0},{"not_picked":["Thunderclap","Dual Wield","Flex"],"picked":"SKIP","floor":14.0},{"not_picked":["Juggernaut","Double Tap"],"picked":"Limit Break","floor":16.0},{"not_picked":["Power Through","Iron Wave+1","Clothesline+1"],"picked":"SKIP","floor":18},{"not_picked":["Blood for Blood","Combust","Carnage"],"picked":"SKIP","floor":23},{"not_picked":["Iron Wave+1","Perfected Strike","Clothesline"],"picked":"SKIP","floor":25},{"not_picked":["True Grit","Battle Trance"],"picked":"Sword Boomerang+1","floor":27},{"not_picked":["Shrug It Off","Sword Boomerang","Double Tap"],"picked":"SKIP","floor":29},{"not_picked":["Sword Boomerang","True Grit+1","Iron Wave"],"picked":"SKIP","floor":30},{"not_picked":["Thunderclap","Shrug It Off","Pommel Strike"],"picked":"SKIP","floor":31},{"not_picked":["Thunderclap","Searing Blow+1","Anger"],"picked":"SKIP","floor":35},{"not_picked":["Carnage","Twin Strike+1","Ghostly Armor"],"picked":"SKIP","floor":37},{"not_picked":["Thunderclap+1","Dark Embrace+1"],"picked":"Whirlwind","floor":40},{"not_picked":["Cleave","Twin Strike","Headbutt"],"picked":"SKIP","floor":45},{"not_picked":["Headbutt","Anger","Dropkick+1"],"picked":"SKIP","floor":47},{"not_picked":["Shrug It Off+1","Clash","Rage"],"picked":"SKIP","floor":48},{"not_picked":["Aggregate+1","Leg Sweep","Phantasmal Killer"],"picked":"SKIP","floor":54}],"player_experience":7524,"relics_obtained":[{"floor":7.0,"key":"Red Skull"},{"floor":12.0,"key":"Pear"},{"floor":22,"key":"Boot"},{"floor":23,"key":"Bag of Marbles"},{"floor":26,"key":"Tiny Chest"},{"floor":27,"key":"Champion Belt"},{"floor":30,"key":"Dream Catcher"},{"floor":38,"key":"Mango"},{"floor":39,"key":"Bottled Lightning"},{"floor":43,"key":"Bottled Flame"},{"floor":45,"key":"InkBottle"},{"floor":54,"key":"Kunai"}],"event_choices":[{"cards_removed":["Strike_R"],"damage_healed":0.0,"max_hp_gain":0.0,"max_hp_loss":0.0,"gold_gain":0.0,"event_name":"Living Wall","player_choice":"Forget","floor":2.0,"gold_loss":0.0,"damage_taken":0.0},{"damage_healed":0.0,"max_hp_gain":0.0,"max_hp_loss":0.0,"gold_gain":100.0,"event_name":"Wheel of Change","player_choice":"Gold","floor":5.0,"gold_loss":0.0,"damage_taken":0.0},{"cards_removed":["Defend_R"],"damage_healed":0,"gold_gain":0,"player_choice":"Gave Gold","damage_taken":0,"max_hp_gain":0,"max_hp_loss":0,"event_name":"Beggar","floor":19,"gold_loss":75},{"damage_healed":0,"gold_gain":0,"player_choice":"Obtain J.A.X.","damage_taken":0,"max_hp_gain":0,"max_hp_loss":0,"event_name":"Drug Dealer","floor":21,"gold_loss":0,"cards_obtained":["J.A.X."]},{"damage_healed":0,"gold_gain":0,"player_choice":"Bought 0 Potions","damage_taken":0,"max_hp_gain":0,"max_hp_loss":0,"event_name":"The Woman in Blue","floor":24,"gold_loss":0},{"damage_healed":0,"gold_gain":0,"player_choice":"0 cards matched","damage_taken":0,"max_hp_gain":0,"max_hp_loss":0,"event_name":"Match and Keep!","floor":36,"gold_loss":0,"cards_obtained":[]},{"damage_healed":0,"gold_gain":0,"player_choice":"Paid","damage_taken":0,"relics_obtained":["Red Mask"],"max_hp_gain":0,"max_hp_loss":0,"event_name":"Tomb of Lord Red Mask","floor":44,"gold_loss":348}],"is_beta":false,"boss_relics":[{"not_picked":["Mark of Pain","Tiny House"],"picked":"SlaversCollar"},{"not_picked":["Snecko Eye","Runic Dome"],"picked":"Fusion Hammer"}],"items_purged_floors":[4,41,46,53],"is_endless":false,"potions_floor_spawned":[1,8,14,18,23,25,27,29,30,31,33,35,37,40,45,47,48,54],"ascension_level":1}}