{"host":"b7j598ve05halrwk","time":1613196459,"event":{"mods":["2.2 Compatiblity","BaseMod","Block Reminder","DeckTracker","Minty Spire (QoL Compilation)","Relic Stats","Slay the Relics Exporter","StSLib","ojb\u0027s Better Paths Mod","ojb\u0027s Info Mod"],"gold_per_floor":[117,134,284,295,47,76,106,106,133,169,189,189,189,224,224,224,224],"floor_reached":16,"language":"ENG","playtime":910,"items_purged":["Doubt"],"score":250,"play_id":"c2b298e9-4d4a-4fce-9cd0-795d61365deb","local_time":"20210213010739","is_ascension_mode":true,"campfire_choices":[{"data":"Rupture","floor":12,"key":"SMITH"},{"data":"Berserk","floor":15,"key":"SMITH"}],"circlet_count":0,"master_deck":["AscendersBane","Strike_R","Strike_R","Strike_R","Strike_R","Defend_R","Defend_R","Defend_R","Defend_R","Bash+1","Berserk+1","Combust","Battle Trance","Infernal Blade","Feel No Pain","Havoc","Dropkick","Seeing Red","Rupture+1","Heavy Blade","Battle Trance"],"relics":["Burning Blood","Nunchaku","Golden Idol","Toy Ornithopter","Happy Flower","Calipers"],"acts_visited":["Exordium"],"potions_floor_usage":[10,14],"damage_taken":[{"damage":2,"enemies":"2 Louse","floor":1,"turns":5},{"damage":7,"enemies":"Small Slimes","floor":2,"turns":3},{"damage":13,"enemies":"Cultist","floor":4,"turns":5},{"damage":38,"enemies":"Gremlin Nob","floor":6,"turns":4},{"damage":23,"enemies":"3 Sentries","floor":10,"turns":7},{"damage":4,"enemies":"2 Fungi Beasts","floor":11,"turns":4},{"damage":5,"enemies":"Lagavulin","floor":14,"turns":4},{"damage":29,"enemies":"The Guardian","floor":16,"turns":6}],"seed_played":"-1982502819571166224","potions_obtained":[{"floor":1,"key":"Dexterity Potion"},{"floor":6,"key":"Weak Potion"},{"floor":11,"key":"Explosive Potion"},{"floor":14,"key":"SteroidPotion"}],"is_trial":false,"path_per_floor":["M","M","?","M","$","E","?","?","T","E","M","R","?","E","R","B"],"character_chosen":"IRONCLAD","items_purchased":["Feel No Pain","Havoc","Dropkick"],"campfire_rested":0,"item_purchase_floors":[5,5,5],"current_hp_per_floor":[72,71,71,64,64,32,32,32,32,20,22,22,22,28,28,0,0],"gold":224,"neow_bonus":"TRANSFORM_CARD","is_daily":false,"chose_seed":false,"campfire_upgraded":2,"win_rate":0.0,"timestamp":1613196459,"path_taken":["M","M","?","M","$","E","?","?","T","E","M","R","?","E","R","BOSS"],"items_purchased_type":["Card","Card","Card"],"build_version":"2020-12-22","purchased_purges":1,"victory":false,"max_hp_per_floor":[75,75,75,75,75,75,75,68,68,68,68,68,68,68,68,68,68],"relic_stats":{"Nunchaku":[3],"Happy Flower":[4],"counters":[8,38],"Golden Idol":18,"obtain_stats":[{"Nunchaku":6,"Calipers":14,"Happy Flower":10,"Golden Idol":8,"Burning Blood":0,"Toy Ornithopter":9},{"Nunchaku":4,"Calipers":7,"Happy Flower":5,"Golden Idol":4,"Burning Blood":0,"Toy Ornithopter":4},{"Nunchaku":17,"Calipers":32,"Happy Flower":24,"Golden Idol":17,"Burning Blood":0,"Toy Ornithopter":17}],"Burning Blood":42,"Toy Ornithopter":10},"card_choices":[{"not_picked":["Clothesline","Clash"],"picked":"Combust","floor":1},{"not_picked":["Heavy Blade","Rage"],"picked":"Battle Trance","floor":2},{"not_picked":["Second Wind","Evolve"],"picked":"Infernal Blade","floor":4},{"not_picked":["True Grit","Entrench"],"picked":"Seeing Red","floor":6},{"not_picked":["Flex","Clothesline"],"picked":"Rupture","floor":10},{"not_picked":["Clothesline","Rupture"],"picked":"Heavy Blade","floor":11},{"not_picked":["Searing Blow","Pommel Strike"],"picked":"Battle Trance","floor":14}],"player_experience":1143031,"relics_obtained":[{"floor":6,"key":"Nunchaku"},{"floor":9,"key":"Toy Ornithopter"},{"floor":10,"key":"Happy Flower"},{"floor":14,"key":"Calipers"}],"event_choices":[{"damage_healed":0,"gold_gain":150,"player_choice":"AGREE","damage_taken":0,"max_hp_gain":0,"max_hp_loss":0,"event_name":"Liars Game","floor":3,"gold_loss":0,"cards_obtained":["Doubt"]},{"damage_healed":0,"gold_gain":30,"player_choice":"Searched \u00272\u0027 times","damage_taken":0,"max_hp_gain":0,"max_hp_loss":0,"event_name":"Dead Adventurer","floor":7,"gold_loss":0},{"damage_healed":0,"gold_gain":0,"player_choice":"Lose Max HP","damage_taken":0,"relics_obtained":["Golden Idol"],"max_hp_gain":0,"max_hp_loss":7,"event_name":"Golden Idol","floor":8,"gold_loss":0},{"damage_healed":0,"gold_gain":0,"player_choice":"Upgraded","damage_taken":0,"max_hp_gain":0,"max_hp_loss":0,"event_name":"Upgrade Shrine","floor":13,"gold_loss":0,"cards_upgraded":["Bash"]}],"is_beta":false,"boss_relics":[],"items_purged_floors":[5],"is_endless":false,"potions_floor_spawned":[1,6,11,14],"killed_by":"The Guardian","ascension_level":15}}