{"host":"i8x3uekhioq8aaet","time":1613193660,"event":{"mods":["AchievementEnabler","BaseMod","Colored Map","Colored Powertips","DeckTracker","Minty Spire (QoL Compilation)","Relic Sorter","StSLib"],"gold_per_floor":[110,126,7,79,79,110,110,122,122,122,37,52,72,45,45,149,149,162,162,162,172,16,16,16,32,32,43,43,43,0,0,0,103,103,121,135,148,1147,1147,1147,1162,1162,1186,1186,101,0,0,16,16,16,16],"floor_reached":50,"language":"ZHT","playtime":1327,"items_purged":["Regret","Normality"],"score":794,"play_id":"30c1fc2c-95f3-4fcf-88c2-563257923794","local_time":"20210213132100","is_ascension_mode":true,"campfire_choices":[{"floor":7.0,"key":"REST"},{"floor":10.0,"key":"REST"},{"data":"Perfected Strike","floor":15.0,"key":"SMITH"},{"data":"Demon Form","floor":23.0,"key":"SMITH"},{"floor":28.0,"key":"REST"},{"floor":32.0,"key":"REST"},{"floor":40.0,"key":"REST"},{"floor":44.0,"key":"REST"},{"floor":47.0,"key":"REST"},{"floor":49.0,"key":"REST"}],"circlet_count":0,"master_deck":["Bash","Heavy Blade","Spot Weakness","Shrug It Off","Perfected Strike+1","Fire Breathing","Armaments","Shrug It Off","Demon Form+1","Armaments","Shrug It Off","Pain","Ghostly Armor","Shame","Immolate","Fire Breathing","Sentinel","Wild Strike","Pummel","Shrug It Off","Twin Strike","Rampage","Power Through","Flex+1","Rampage+1","Normality","Writhe","Pain","Limit Break","Bludgeon","Mayhem","True Grit","Feel No Pain","Clothesline","Infernal Blade+1"],"relics":["Cursed Key","Smiling Mask","Question Card","Philosopher\u0027s Stone","OrangePellets","Pear","Matryoshka","Pandora\u0027s Box","Juzu Bracelet","Bronze Scales","Boot","Art of War","Cauldron","Red Mask"],"acts_visited":["Exordium","TheCity","TheBeyond"],"potions_floor_usage":[50,50,50,50],"damage_taken":[{"damage":1.0,"enemies":"Cultist","floor":1.0,"turns":3.0},{"damage":7.0,"enemies":"2 Louse","floor":2.0,"turns":2.0},{"damage":31.0,"enemies":"Lagavulin","floor":6.0,"turns":6.0},{"damage":0.0,"enemies":"Small Slimes","floor":8.0,"turns":2.0},{"damage":11.0,"enemies":"2 Fungi Beasts","floor":12.0,"turns":3.0},{"damage":15.0,"enemies":"Exordium Wildlife","floor":13.0,"turns":4.0},{"damage":29.0,"enemies":"Hexaghost","floor":16.0,"turns":8.0},{"damage":0.0,"enemies":"Chosen","floor":18.0,"turns":4.0},{"damage":24.0,"enemies":"3 Byrds","floor":21.0,"turns":6.0},{"damage":21.0,"enemies":"Cultist and Chosen","floor":25.0,"turns":6.0},{"damage":46.0,"enemies":"Snake Plant","floor":27.0,"turns":5.0},{"damage":20.0,"enemies":"Colosseum Slavers","floor":31.0,"turns":6.0},{"damage":51.0,"enemies":"Champ","floor":33.0,"turns":9.0},{"damage":12.0,"enemies":"3 Shapes","floor":35.0,"turns":4.0},{"damage":11.0,"enemies":"Orb Walker","floor":36.0,"turns":4.0},{"damage":36.0,"enemies":"4 Shapes","floor":37.0,"turns":6.0},{"damage":48.0,"enemies":"3 Darklings","floor":41.0,"turns":5.0},{"damage":49.0,"enemies":"Maw","floor":48.0,"turns":6.0},{"damage":83,"enemies":"Awakened One","floor":50,"turns":8}],"seed_played":"-6238569044863397567","potions_obtained":[{"floor":6.0,"key":"CultistPotion"},{"floor":12.0,"key":"Explosive Potion"},{"floor":13.0,"key":"BloodPotion"},{"floor":21.0,"key":"BloodPotion"},{"floor":33.0,"key":"ColorlessPotion"},{"floor":37.0,"key":"Fire Potion"},{"floor":45.0,"key":"FairyPotion"},{"floor":45.0,"key":"EntropicBrew"},{"floor":45.0,"key":"Fire Potion"}],"is_trial":false,"path_per_floor":["M","M","$","?","?","E","R","M","T","R","$","M","M","$","R","B",null,"M","?","?","M","$","R","?","M","T","M","R","?","?","?","R","B",null,"M","M","M","?","?","R","M","?","T","R","$","?","R","M","R","B"],"character_chosen":"IRONCLAD","items_purchased":["Shrug It Off","Fruit Juice","Fire Breathing","Shrug It Off","OrangePellets","Boot","Art of War","Cauldron","Limit Break","Bludgeon","Mayhem","True Grit","Feel No Pain","Clothesline"],"campfire_rested":8,"item_purchase_floors":[3,3,11,14,22,45,45,45,45,45,45,45,45,45],"current_hp_per_floor":[71,64,69,69,69,38,63,63,63,85,85,74,76,76,76,47,76,76,76,76,69,69,69,85,64,74,28,56,56,56,36,64,13,75,63,52,16,16,40,68,20,20,20,48,48,48,76,27,55,0,0],"gold":16,"neow_bonus":"BOSS_RELIC","is_daily":false,"chose_seed":false,"campfire_upgraded":2,"win_rate":0.0,"timestamp":1613193660,"path_taken":["M","M","$","?","?","E","R","M","T","R","$","M","?","$","R","BOSS","M","?","?","M","?","R","?","?","T","M","R","?","?","?","R","BOSS","M","M","M","?","?","R","M","?","T","R","?","?","R","M","R","BOSS"],"items_purchased_type":["Card","Potion","Card","Card","Relic","Relic","Relic","Relic","Card","Card","Card","Card","Card","Card"],"build_version":"2020-12-22","purchased_purges":2,"victory":false,"max_hp_per_floor":[80,80,85,85,85,85,85,85,85,85,85,85,85,85,85,85,85,85,85,85,85,85,85,85,85,95,95,95,95,95,95,95,95,95,95,95,95,95,95,95,95,95,95,95,95,95,95,95,95,95,95],"card_choices":[{"not_picked":["Rampage","Thunderclap"],"picked":"Heavy Blade","floor":1.0},{"not_picked":["Pommel Strike","Cleave"],"picked":"Spot Weakness","floor":2.0},{"not_picked":["Clash","Burning Pact"],"picked":"Perfected Strike","floor":6.0},{"not_picked":["Feel No Pain","Clothesline","Blood for Blood"],"picked":"SKIP","floor":8.0},{"not_picked":["Wild Strike","Shrug It Off","Double Tap"],"picked":"Armaments","floor":12.0},{"not_picked":["Havoc","Flex","Pommel Strike","Bloodletting"],"picked":"SKIP","floor":13.0},{"not_picked":["Exhume","Bludgeon","Barricade"],"picked":"Demon Form","floor":16.0},{"not_picked":["Seeing Red","Twin Strike","Pommel Strike"],"picked":"Armaments","floor":18.0},{"not_picked":["Clash+1","Thunderclap","True Grit","Dark Embrace+1"],"picked":"SKIP","floor":21.0},{"not_picked":["Searing Blow","Disarm+1","Burning Pact"],"picked":"Shrug It Off","floor":25.0},{"not_picked":["Disarm","Iron Wave","Headbutt"],"picked":"Ghostly Armor","floor":27.0},{"not_picked":["Barricade","Berserk","Juggernaut"],"picked":"Immolate","floor":33.0},{"not_picked":["Flex","Anger","Blood for Blood+1"],"picked":"Power Through","floor":35.0},{"not_picked":["Disarm","Sword Boomerang","Fire Breathing"],"picked":"Flex+1","floor":36.0},{"not_picked":["Shrug It Off+1","Cleave+1","Warcry"],"picked":"Rampage+1","floor":37.0},{"not_picked":["Whirlwind","Sentinel+1","Wild Strike","Flex"],"picked":"SKIP","floor":41.0},{"not_picked":["Heavy Blade","Clothesline","Metallicize+1"],"picked":"Infernal Blade+1","floor":48.0}],"player_experience":325200,"relics_obtained":[{"floor":6.0,"key":"Smiling Mask"},{"floor":9.0,"key":"Question Card"},{"floor":26.0,"key":"Pear"},{"floor":43.0,"key":"Juzu Bracelet"},{"floor":43.0,"key":"Bronze Scales"}],"event_choices":[{"damage_healed":0.0,"max_hp_gain":0.0,"max_hp_loss":0.0,"gold_gain":72.0,"event_name":"Golden Wing","player_choice":"Gained Gold","floor":4.0,"gold_loss":0.0,"damage_taken":0.0},{"damage_healed":0.0,"max_hp_gain":0.0,"max_hp_loss":0.0,"gold_gain":0.0,"cards_transformed":["Strike_R"],"event_name":"Transmorgrifier","player_choice":"Transformed","floor":5.0,"gold_loss":0.0,"damage_taken":0.0,"cards_obtained":["Intimidate"]},{"damage_healed":0.0,"max_hp_gain":0.0,"max_hp_loss":0.0,"gold_gain":0.0,"event_name":"Back to Basics","player_choice":"Simplicity","floor":19.0,"gold_loss":0.0,"damage_taken":0.0,"cards_upgraded":["Strike_R","Strike_R","Strike_R","Strike_R","Defend_R","Defend_R","Defend_R","Defend_R"]},{"damage_healed":0.0,"max_hp_gain":0.0,"max_hp_loss":0.0,"gold_gain":0.0,"event_name":"Ghosts","player_choice":"Ignored","floor":20.0,"gold_loss":0.0,"damage_taken":0.0},{"cards_removed":["Intimidate"],"damage_healed":16.0,"max_hp_gain":0.0,"max_hp_loss":0.0,"gold_gain":0.0,"event_name":"Bonfire Elementals","player_choice":"Offered Uncommon","floor":24.0,"gold_loss":0.0,"damage_taken":0.0},{"damage_healed":0.0,"max_hp_gain":0.0,"max_hp_loss":0.0,"gold_gain":0.0,"event_name":"Addict","player_choice":"Stole Relic","floor":29.0,"gold_loss":0.0,"damage_taken":0.0,"relics_obtained":["Matryoshka"],"cards_obtained":["Shame"]},{"damage_healed":0.0,"max_hp_gain":0.0,"max_hp_loss":0.0,"gold_gain":0.0,"event_name":"Masked Bandits","player_choice":"Paid Fearfully","floor":30.0,"gold_loss":43.0,"damage_taken":0.0},{"damage_healed":0.0,"max_hp_gain":0.0,"max_hp_loss":0.0,"gold_gain":0.0,"event_name":"Colosseum","player_choice":"Fight","floor":31.0,"gold_loss":0.0,"damage_taken":0.0},{"damage_healed":0.0,"max_hp_gain":0.0,"max_hp_loss":0.0,"gold_gain":0.0,"event_name":"Colosseum","player_choice":"Fled From Nobs","floor":31.0,"gold_loss":0.0,"damage_taken":0.0},{"damage_healed":0.0,"max_hp_gain":0.0,"max_hp_loss":0.0,"gold_gain":999.0,"event_name":"MindBloom","player_choice":"Gold","floor":38.0,"gold_loss":0.0,"damage_taken":0.0,"cards_obtained":["Normality","Normality"]},{"damage_healed":24.0,"max_hp_gain":0.0,"max_hp_loss":0.0,"gold_gain":0.0,"event_name":"Winding Halls","player_choice":"Writhe","floor":39.0,"gold_loss":0.0,"damage_taken":0.0,"cards_obtained":["Writhe"]},{"cards_removed":["Sentinel"],"damage_healed":0.0,"max_hp_gain":0.0,"max_hp_loss":0.0,"gold_gain":0.0,"event_name":"Falling","player_choice":"Removed Skill","floor":42.0,"gold_loss":0.0,"damage_taken":0.0},{"damage_healed":0.0,"max_hp_gain":0.0,"max_hp_loss":0.0,"gold_gain":0.0,"event_name":"Tomb of Lord Red Mask","player_choice":"Paid","floor":46.0,"gold_loss":101.0,"damage_taken":0.0,"relics_obtained":["Red Mask"]}],"is_beta":false,"boss_relics":[{"not_picked":["Black Star","Runic Cube"],"picked":"Philosopher\u0027s Stone"},{"not_picked":["Astrolabe","Runic Dome"],"picked":"Pandora\u0027s Box"}],"items_purged_floors":[11,45],"is_endless":false,"potions_floor_spawned":[6,12,13,21,33,37],"killed_by":"Awakened One","ascension_level":6}}