{"host":"c2vrdknshfutmcsq","time":1613255654,"event":{"mods":["BaseMod","Minty Spire (QoL Compilation)"],"gold_per_floor":[115,85,8,22,36,36,71,47,100,134,148,173,173,12,12,87,87,106,119,119,138,138,138,170,170,224,224,244,244,260,277,277,277,277],"floor_reached":33,"language":"ENG","playtime":8258,"items_purged":["Strike_B"],"score":570,"play_id":"5477f9b1-cdeb-412e-8e5c-9e257c0696d8","local_time":"20210213233414","is_ascension_mode":true,"campfire_choices":[{"data":"Sunder","floor":6,"key":"SMITH"},{"floor":15,"key":"REST"},{"floor":23,"key":"REST"},{"floor":27,"key":"REST"},{"floor":32,"key":"REST"}],"circlet_count":0,"master_deck":["AscendersBane","Strike_B","Strike_B+1","Defend_B+1","Defend_B","Defend_B+1","Defend_B","Zap","Dualcast","Conserve Battery","Sunder+1","Loop","Undo+1","Chaos","Conserve Battery","All For One","Go for the Eyes","Beam Cell","Compile Driver","Stack","Fission","Go for the Eyes","Beam Cell+1","Conserve Battery","Aggregate","Writhe","Doom and Gloom","RitualDagger","Genetic Algorithm","BootSequence"],"relics":["Cracked Core","NeowsBlessing","Pen Nib","War Paint","Potion Belt","Pocketwatch","SlaversCollar","The Courier","Centennial Puzzle","Toy Ornithopter"],"acts_visited":["Exordium","TheCity"],"potions_floor_usage":[7,10,18,24,30],"damage_taken":[{"damage":0,"enemies":"Cultist","floor":1,"turns":1},{"damage":0,"enemies":"Jaw Worm","floor":4,"turns":1},{"damage":0,"enemies":"Small Slimes","floor":5,"turns":1},{"damage":8,"enemies":"Gremlin Nob","floor":7,"turns":3},{"damage":4,"enemies":"3 Sentries","floor":10,"turns":7},{"damage":0,"enemies":"3 Louse","floor":11,"turns":3},{"damage":10,"enemies":"Lagavulin","floor":12,"turns":6},{"damage":5,"enemies":"Slime Boss","floor":16,"turns":10},{"damage":3,"enemies":"3 Byrds","floor":18,"turns":7},{"damage":4,"enemies":"Shell Parasite","floor":19,"turns":4},{"damage":24,"enemies":"Snake Plant","floor":21,"turns":4},{"damage":1,"enemies":"Book of Stabbing","floor":24,"turns":4},{"damage":31,"enemies":"Shelled Parasite and Fungi","floor":28,"turns":5},{"damage":6,"enemies":"Centurion and Healer","floor":30,"turns":9},{"damage":7,"enemies":"Snake Plant","floor":31,"turns":5},{"damage":24,"enemies":"Automaton","floor":33,"turns":8}],"seed_played":"-7558382822245374879","potions_obtained":[{"floor":2,"key":"Dexterity Potion"},{"floor":2,"key":"LiquidMemories"},{"floor":12,"key":"SpeedPotion"},{"floor":21,"key":"LiquidBronze"},{"floor":28,"key":"FocusPotion"}],"is_trial":false,"path_per_floor":["M","?","$","M","M","R","E","$","T","E","M","E","?","$","R","B",null,"M","M","?","M","?","R","E","?","T","R","M","?","M","M","R","B"],"character_chosen":"DEFECT","items_purchased":["Sunder","Conserve Battery","Compile Driver","Stack"],"campfire_rested":4,"item_purchase_floors":[3,8,14,14],"current_hp_per_floor":[64,64,64,64,64,64,56,56,56,52,52,42,21,21,42,37,63,60,56,56,32,12,34,33,33,33,55,24,18,17,10,32,8,8],"gold":277,"neow_bonus":"THREE_ENEMY_KILL","is_daily":false,"chose_seed":false,"campfire_upgraded":1,"win_rate":0.0,"timestamp":1613255654,"path_taken":["M","?","?","?","M","R","E","?","T","E","M","E","?","$","R","BOSS","M","M","?","M","?","R","E","?","T","R","M","?","M","M","R","BOSS"],"items_purchased_type":["Card","Card","Card","Card"],"build_version":"2020-12-22","purchased_purges":1,"victory":false,"max_hp_per_floor":[71,71,71,71,71,71,71,71,71,71,71,71,71,71,71,71,71,71,71,71,71,76,76,76,76,76,76,76,76,76,76,76,76,76],"card_choices":[{"not_picked":["Rebound","Coolheaded"],"picked":"Conserve Battery","floor":1},{"not_picked":["Heatsinks","Streamline"],"picked":"Loop","floor":4},{"not_picked":["Defragment","Storm"],"picked":"Undo","floor":5},{"not_picked":["Beam Cell","Rebound"],"picked":"Chaos","floor":7},{"not_picked":["Beam Cell","Compile Driver"],"picked":"All For One","floor":10},{"not_picked":["Fusion","Hologram"],"picked":"Go for the Eyes","floor":11},{"not_picked":["Doom and Gloom","Tempest"],"picked":"Beam Cell","floor":12},{"not_picked":["Seek","Rainbow"],"picked":"Fission","floor":16},{"not_picked":["Coolheaded","Compile Driver+1"],"picked":"Go for the Eyes","floor":18},{"not_picked":["Scrape","White Noise"],"picked":"Beam Cell+1","floor":19},{"not_picked":["Go for the Eyes","Redo"],"picked":"Conserve Battery","floor":21},{"not_picked":["Rebound","Heatsinks"],"picked":"Aggregate","floor":24},{"not_picked":["Conserve Battery","Barrage"],"picked":"Doom and Gloom","floor":28},{"not_picked":["Gash","Go for the Eyes"],"picked":"Genetic Algorithm","floor":30},{"not_picked":["Skim","Steam"],"picked":"BootSequence","floor":31}],"player_experience":1374333,"relics_obtained":[{"floor":7,"key":"Pen Nib"},{"floor":9,"key":"War Paint"},{"floor":10,"key":"Potion Belt"},{"floor":12,"key":"Pocketwatch"},{"floor":24,"key":"The Courier"},{"floor":26,"key":"Toy Ornithopter"}],"event_choices":[{"damage_healed":0,"gold_gain":0,"player_choice":"Bought 2 Potions","damage_taken":0,"max_hp_gain":0,"max_hp_loss":0,"event_name":"The Woman in Blue","floor":2,"gold_loss":0},{"damage_healed":0,"gold_gain":0,"player_choice":"Entered Light","damage_taken":21,"max_hp_gain":0,"max_hp_loss":0,"event_name":"Shining Light","floor":13,"gold_loss":0,"cards_upgraded":["Strike_B","Defend_B"]},{"cards_removed":["Strike_B"],"damage_healed":0,"gold_gain":0,"player_choice":"Elegance","damage_taken":0,"max_hp_gain":0,"max_hp_loss":0,"event_name":"Back to Basics","floor":20,"gold_loss":0},{"damage_healed":0,"gold_gain":0,"player_choice":"Shed Blood","damage_taken":25,"max_hp_gain":5,"max_hp_loss":0,"event_name":"Forgotten Altar","floor":22,"gold_loss":0},{"damage_healed":0,"gold_gain":0,"player_choice":"Opened","damage_taken":0,"relics_obtained":["Centennial Puzzle"],"max_hp_gain":0,"max_hp_loss":0,"event_name":"The Mausoleum","floor":25,"gold_loss":0,"cards_obtained":["Writhe"]},{"damage_healed":0,"gold_gain":0,"player_choice":"Joined the Cult","damage_taken":6,"max_hp_gain":0,"max_hp_loss":0,"event_name":"Nest","floor":29,"gold_loss":0,"cards_obtained":["RitualDagger"]}],"is_beta":false,"boss_relics":[{"not_picked":["Ectoplasm","Tiny House"],"picked":"SlaversCollar"}],"items_purged_floors":[14],"is_endless":false,"potions_floor_spawned":[5,12,21,28],"killed_by":"Automaton","ascension_level":20}}