{"host":"7j2n82b2zha9fuyn","time":1613190360,"event":{"mods":["BaseMod","Block Reminder","Minty Spire (QoL Compilation)","StSLib"],"gold_per_floor":[117,117,117,130,130,130,161,172,172,203,218,229,239,257,257,330,330,346,366,382,394,394,394],"floor_reached":22,"language":"ENG","playtime":13595,"items_purged":[],"score":443,"play_id":"fe7dd6fe-22f5-41e1-9b17-e55556207680","local_time":"20210212212600","is_ascension_mode":true,"campfire_choices":[{"data":"Static Discharge","floor":6.0,"key":"SMITH"},{"floor":15.0,"key":"REST"}],"circlet_count":0,"master_deck":["AscendersBane","Strike_B","Strike_B","Strike_B","Strike_B","Defend_B","Defend_B","Defend_B","Defend_B","Zap","Dualcast","Static Discharge+1","Sweeping Beam","Decay","Electrodynamics","Lockon","Cold Snap","Leap+1","Seek+1","FTL","Barrage","Seek+1","Hologram+1","Chill+1","Undo+1"],"relics":["Cracked Core","NeowsBlessing","Toxic Egg 2","Happy Flower","InkBottle","Thread and Needle","SlaversCollar"],"acts_visited":["Exordium","TheCity"],"potions_floor_usage":[18],"damage_taken":[{"damage":0.0,"enemies":"Cultist","floor":1.0,"turns":1.0},{"damage":0.0,"enemies":"2 Louse","floor":4.0,"turns":1.0},{"damage":0.0,"enemies":"3 Sentries","floor":7.0,"turns":1.0},{"damage":11.0,"enemies":"Jaw Worm","floor":8.0,"turns":2.0},{"damage":24.0,"enemies":"Lagavulin","floor":10.0,"turns":6.0},{"damage":4.0,"enemies":"Blue Slaver","floor":11.0,"turns":2.0},{"damage":4.0,"enemies":"Exordium Thugs","floor":12.0,"turns":4.0},{"damage":0.0,"enemies":"Gremlin Gang","floor":13.0,"turns":1.0},{"damage":9.0,"enemies":"Large Slime","floor":14.0,"turns":4.0},{"damage":7.0,"enemies":"Hexaghost","floor":16.0,"turns":7.0},{"damage":14,"enemies":"Shell Parasite","floor":18,"turns":4},{"damage":20,"enemies":"2 Thieves","floor":19,"turns":2},{"damage":16,"enemies":"Snake Plant","floor":20,"turns":3},{"damage":4,"enemies":"Centurion and Healer","floor":21,"turns":8},{"damage":13,"enemies":"Cultist and Chosen","floor":22,"turns":5}],"seed_played":"-3297722603983913459","potions_obtained":[{"floor":1.0,"key":"Energy Potion"},{"floor":8.0,"key":"EntropicBrew"},{"floor":10.0,"key":"Fire Potion"},{"floor":12.0,"key":"PowerPotion"}],"is_trial":false,"path_per_floor":["M","?","?","M","?","R","E","M","T","E","M","M","M","M","R","B",null,"M","M","M","M","M"],"character_chosen":"DEFECT","items_purchased":[],"campfire_rested":1,"item_purchase_floors":[],"current_hp_per_floor":[64,53,58,58,58,58,58,47,47,23,19,15,15,6,28,21,62,48,28,12,8,0,0],"gold":394,"neow_bonus":"THREE_ENEMY_KILL","is_daily":false,"chose_seed":false,"campfire_upgraded":1,"win_rate":0.0,"timestamp":1613190360,"path_taken":["M","?","?","M","?","R","E","?","T","E","M","M","M","M","R","BOSS","M","?","M","M","M"],"items_purchased_type":[],"build_version":"2020-12-22","purchased_purges":0,"victory":false,"max_hp_per_floor":[71,71,76,76,76,76,76,76,76,76,76,76,76,76,76,76,76,76,76,76,76,76,76],"card_choices":[{"not_picked":["Skim","Steam"],"picked":"Static Discharge","floor":1.0},{"not_picked":["Go for the Eyes","Blizzard"],"picked":"Sweeping Beam","floor":4.0},{"not_picked":["White Noise+1","Compile Driver"],"picked":"Electrodynamics","floor":7.0},{"not_picked":["Beam Cell","Streamline"],"picked":"Lockon","floor":8.0},{"not_picked":["Fusion+1","Beam Cell"],"picked":"Cold Snap","floor":10.0},{"not_picked":["Compile Driver","Gash"],"picked":"Leap+1","floor":11.0},{"not_picked":["Skim+1","Compile Driver"],"picked":"Seek+1","floor":12.0},{"not_picked":["Compile Driver","Stack+1"],"picked":"FTL","floor":13.0},{"not_picked":["Doom and Gloom","Storm"],"picked":"Barrage","floor":14.0},{"not_picked":["Multi-Cast+1","Electrodynamics"],"picked":"Seek+1","floor":16.0},{"not_picked":["Leap+1","Barrage"],"picked":"Hologram+1","floor":18},{"not_picked":["Coolheaded+1","Recycle+1"],"picked":"Chill+1","floor":19},{"not_picked":["White Noise+1","Hologram+1"],"picked":"Undo+1","floor":20},{"not_picked":["Recycle+1","Conserve Battery+1","Lockon"],"picked":"SKIP","floor":21}],"player_experience":2009924,"relics_obtained":[{"floor":7.0,"key":"Happy Flower"},{"floor":9.0,"key":"InkBottle"},{"floor":10.0,"key":"Thread and Needle"}],"event_choices":[{"damage_healed":0.0,"max_hp_gain":0.0,"max_hp_loss":0.0,"gold_gain":0.0,"event_name":"Scrap Ooze","player_choice":"Success","floor":2.0,"gold_loss":0.0,"damage_taken":11.0,"relics_obtained":["Toxic Egg 2"]},{"damage_healed":0.0,"max_hp_gain":5.0,"max_hp_loss":0.0,"gold_gain":0.0,"event_name":"Big Fish","player_choice":"Donut","floor":3.0,"gold_loss":0.0,"damage_taken":0.0},{"damage_healed":0.0,"max_hp_gain":0.0,"max_hp_loss":0.0,"gold_gain":0.0,"event_name":"Wheel of Change","player_choice":"Cursed","floor":5.0,"gold_loss":0.0,"damage_taken":0.0,"cards_obtained":["Decay"]}],"is_beta":false,"boss_relics":[{"not_picked":["Pandora\u0027s Box","Snecko Eye"],"picked":"SlaversCollar"}],"items_purged_floors":[],"is_endless":false,"potions_floor_spawned":[1,8,10,12,20,21],"killed_by":"Cultist and Chosen","ascension_level":19}}