{"host":"lktusdb9orijgc6z","time":1613239951,"event":{"mods":["BaseMod","Bestiary","Colored Map","Colored Powertips","Filter the Spire","Minty Spire (QoL Compilation)","Permanent Neow","Quick Restart","Relic Stats","StSLib","everything is the same but u backflip on backflip","slay the spire mod where everything is the same but ironclad has a cowboy hat"],"gold_per_floor":[110,185,205,215,0,0,17,47,47,47,64,95,95,95,95,167,167,181,199,199,213,49,49,49,49],"floor_reached":24,"language":"ENG","playtime":686,"items_purged":[],"score":462,"play_id":"f8c91ca4-b083-4662-81ea-55ea19e8baf2","local_time":"20210213191231","is_ascension_mode":true,"campfire_choices":[{"data":"Sunder","floor":6.0,"key":"SMITH"},{"data":"Beam Cell","floor":10,"key":"SMITH"},{"floor":15,"key":"REST"},{"data":"Doom and Gloom","floor":23,"key":"SMITH"}],"circlet_count":0,"master_deck":["AscendersBane","Zap","Dualcast","Sunder+1","Glacier","Doom and Gloom+1","Recycle","Loop","Beam Cell+1","Rebound","Rip and Tear","Undo","Rebound","All For One","Thunder Strike","Cold Snap","Sweeping Beam","Gash","Steam Power","Coolheaded","Ball Lightning","Go for the Eyes","Reinforced Body"],"relics":["Snecko Eye","Art of War","Cables","Meat on the Bone","Pandora\u0027s Box","OrangePellets"],"acts_visited":["Exordium","TheCity"],"potions_floor_usage":[12,12,24,24],"damage_taken":[{"damage":7.0,"enemies":"Cultist","floor":1.0,"turns":4.0},{"damage":0.0,"enemies":"2 Louse","floor":3.0,"turns":2.0},{"damage":0.0,"enemies":"Small Slimes","floor":4.0,"turns":3.0},{"damage":7.0,"enemies":"Exordium Wildlife","floor":7.0,"turns":2.0},{"damage":0,"enemies":"3 Sentries","floor":8,"turns":5},{"damage":22,"enemies":"3 Louse","floor":11,"turns":2},{"damage":4,"enemies":"Lagavulin","floor":12,"turns":3},{"damage":12,"enemies":"The Guardian","floor":16,"turns":7},{"damage":0,"enemies":"Spheric Guardian","floor":18,"turns":2},{"damage":10,"enemies":"Shell Parasite","floor":19,"turns":7},{"damage":0,"enemies":"Snake Plant","floor":21,"turns":1},{"damage":62,"enemies":"Gremlin Leader","floor":24,"turns":6}],"seed_played":"6565173225361939776","potions_obtained":[{"floor":4.0,"key":"GamblersBrew"},{"floor":7,"key":"FearPotion"},{"floor":8,"key":"BlessingOfTheForge"},{"floor":18,"key":"Dexterity Potion"},{"floor":21,"key":"Swift Potion"}],"is_trial":false,"path_per_floor":["M","?","M","M","$","R","M","E","T","R","M","E","?","?","R","B",null,"M","M","?","M","$","R","E"],"character_chosen":"DEFECT","items_purchased":["Doom and Gloom","Recycle","Loop","OrangePellets"],"campfire_rested":1,"item_purchase_floors":[5,5,5,22],"current_hp_per_floor":[57,46,46,46,46,46,39,39,39,39,17,13,13,13,34,34,62,62,52,52,52,52,52,0,0],"gold":49,"neow_bonus":"BOSS_RELIC","is_daily":false,"chose_seed":false,"campfire_upgraded":3,"win_rate":0.0,"timestamp":1613239951,"path_taken":["M","?","M","M","$","R","M","E","T","R","M","E","?","?","R","BOSS","M","M","?","M","$","R","E"],"items_purchased_type":["Card","Card","Card","Relic"],"build_version":"2020-12-22","purchased_purges":0,"victory":false,"max_hp_per_floor":[71,71,71,71,71,71,71,71,71,71,71,71,71,71,71,71,71,71,71,71,71,71,71,71,71],"relic_stats":{"OrangePellets":[1],"counters":[12,44],"Snecko Eye":[67,82,55,58],"Pandora\u0027s Box":["Thunder Strike","Cold Snap","Sweeping Beam","Gash","Steam Power","Coolheaded","Ball Lightning"],"Art of War":[3],"obtain_stats":[{"OrangePellets":22,"Snecko Eye":0,"Pandora\u0027s Box":17,"Art of War":8,"Cracked Core":0,"Cables":9,"Meat on the Bone":12},{"OrangePellets":11,"Snecko Eye":0,"Pandora\u0027s Box":8,"Art of War":5,"Cracked Core":0,"Cables":5,"Meat on the Bone":7},{"OrangePellets":38,"Snecko Eye":0,"Pandora\u0027s Box":28,"Art of War":16,"Cracked Core":0,"Cables":16,"Meat on the Bone":21}],"Cables":[21,1,13,7,0],"Meat on the Bone":12},"card_choices":[{"not_picked":["Compile Driver","Cold Snap"],"picked":"Sunder","floor":1.0},{"not_picked":["Barrage","Heatsinks","Gash"],"picked":"SKIP","floor":3.0},{"not_picked":["Doom and Gloom","Sweeping Beam"],"picked":"Glacier","floor":4.0},{"not_picked":["Streamline","Gash"],"picked":"Beam Cell","floor":7},{"not_picked":["Streamline","Gash"],"picked":"Rebound","floor":8},{"not_picked":["Steam","Rebound"],"picked":"Rip and Tear","floor":11},{"not_picked":["Stack","Turbo"],"picked":"Undo","floor":12},{"not_picked":["Biased Cognition","Machine Learning"],"picked":"All For One","floor":16},{"not_picked":["Barrage","Steam"],"picked":"Go for the Eyes","floor":18},{"not_picked":["Sweeping Beam","Steam"],"picked":"Reinforced Body","floor":19},{"not_picked":["Go for the Eyes","Coolheaded","Darkness"],"picked":"SKIP","floor":21}],"player_experience":787926,"relics_obtained":[{"floor":8,"key":"Art of War"},{"floor":9,"key":"Cables"},{"floor":12,"key":"Meat on the Bone"}],"event_choices":[{"damage_healed":0.0,"max_hp_gain":0.0,"max_hp_loss":0.0,"gold_gain":75.0,"event_name":"World of Goop","player_choice":"Gather Gold","floor":2.0,"gold_loss":0.0,"damage_taken":11.0},{"damage_healed":0,"gold_gain":0,"player_choice":"Fled","damage_taken":0,"max_hp_gain":0,"max_hp_loss":0,"event_name":"Scrap Ooze","floor":13,"gold_loss":0},{"damage_healed":0,"gold_gain":0,"cards_transformed":["Strike_B"],"player_choice":"Change","damage_taken":0,"max_hp_gain":0,"max_hp_loss":0,"event_name":"Living Wall","floor":14,"gold_loss":0,"cards_obtained":["Rebound"]},{"damage_healed":0,"gold_gain":0,"player_choice":"Ignored","damage_taken":0,"max_hp_gain":0,"max_hp_loss":0,"event_name":"The Mausoleum","floor":20,"gold_loss":0}],"is_beta":false,"boss_relics":[{"not_picked":["Coffee Dripper","SacredBark"],"picked":"Pandora\u0027s Box"}],"items_purged_floors":[],"is_endless":false,"potions_floor_spawned":[4,7,8,11,18,21],"killed_by":"Gremlin Leader","ascension_level":20}}