{"host":"j5shy70asow5koz5","time":1613211130,"event":{"mods":["2.2 Compatiblity","Act Like it!","Arknights","BaseMod","Colored Map","Marisa£¨Ùöéë¡¡Øª×âÞÞ£©","Minty Spire (QoL Compilation)","Prisma Mod","StSLib","SuperFastMode","Td1madao Mod","The Disciple","The Gatherer","The Servant 0.9.4","Waifu the Spire"],"gold_per_floor":[114,114,114,114,138,177,177,23,74,93,93,109,143,68,68,194,194,209,234,15,15,38,38,63,104,131,131,172,172,196,221,221,221,221],"floor_reached":33,"language":"KOR","playtime":742,"items_purged":["Strike_P","Strike_P"],"score":368,"play_id":"8c0261fe-9859-4244-815e-b9d3be492a90","local_time":"20210213191210","is_ascension_mode":false,"campfire_choices":[{"data":"Ragnarok","floor":7.0,"key":"SMITH"},{"data":"Swivel","floor":15.0,"key":"SMITH"},{"data":"Eruption","floor":23.0,"key":"SMITH"},{"data":"Perseverance","floor":27.0,"key":"SMITH"},{"data":"Vigilance","floor":29,"key":"SMITH"},{"floor":32,"key":"REST"}],"circlet_count":0,"master_deck":["Strike_P","Defend_P","Defend_P","Defend_P","Defend_P","Eruption+1","Vigilance+1","Ragnarok+1","Swivel+1","Ragnarok+1","JustLucky","Perseverance+1","Evaluate+1"],"relics":["PureWater","NeowsBlessing","Golden Idol","Mercury Hourglass","DollysMirror","Bag of Preparation","Nunchaku","Membership Card","MutagenicStrength","Tiny Chest","Orichalcum","Omamori","Anchor"],"acts_visited":["Exordium","TheCity"],"potions_floor_usage":[28,28],"damage_taken":[{"damage":0.0,"enemies":"Jaw Worm","floor":1.0,"turns":1.0},{"damage":0.0,"enemies":"ats:Genji","floor":5.0,"turns":1.0},{"damage":0.0,"enemies":"Lagavulin","floor":6.0,"turns":1.0},{"damage":0.0,"enemies":"Cultist","floor":10.0,"turns":1.0},{"damage":1.0,"enemies":"2 Fungi Beasts","floor":12.0,"turns":2.0},{"damage":0.0,"enemies":"3 Sentries","floor":13.0,"turns":2.0},{"damage":27.0,"enemies":"The Guardian","floor":16.0,"turns":8.0},{"damage":0.0,"enemies":"Spheric Guardian","floor":18.0,"turns":2.0},{"damage":16.0,"enemies":"2 Thieves","floor":19.0,"turns":4.0},{"damage":0.0,"enemies":"Snecko","floor":22.0,"turns":3.0},{"damage":0.0,"enemies":"Cultist and Chosen","floor":24.0,"turns":3.0},{"damage":0.0,"enemies":"Gremlin Leader","floor":25.0,"turns":2.0},{"damage":14,"enemies":"Slavers","floor":28,"turns":5},{"damage":0,"enemies":"Shelled Parasite and Fungi","floor":31,"turns":3},{"damage":116,"enemies":"Champ","floor":33,"turns":6}],"seed_played":"-1803590646969584965","potions_obtained":[{"floor":5.0,"key":"DistilledChaos"},{"floor":6.0,"key":"Weak Potion"},{"floor":13.0,"key":"Dexterity Potion"},{"floor":22.0,"key":"AttackPotion"},{"floor":24.0,"key":"SkillPotion"}],"is_trial":false,"path_per_floor":["M","?","?","?","M","E","R","$","T","M","?","M","E","$","R","B",null,"M","M","$","?","M","R","M","E","T","R","E","R","T","M","R","B"],"character_chosen":"WATCHER","items_purchased":["DollysMirror","Membership Card","PowerPotion"],"campfire_rested":1,"item_purchase_floors":[8,20,20],"current_hp_per_floor":[72,54,59,59,59,59,59,59,59,59,59,58,58,58,58,31,77,77,61,61,61,61,61,61,61,61,61,47,47,47,47,70,0,0],"gold":221,"neow_bonus":"THREE_ENEMY_KILL","is_daily":false,"chose_seed":false,"campfire_upgraded":5,"win_rate":0.0,"timestamp":1613211130,"path_taken":["M","?","?","?","?","E","R","$","T","M","?","M","E","$","R","BOSS","M","M","$","?","M","R","M","E","T","R","E","R","?","M","R","BOSS"],"items_purchased_type":["Relic","Relic","Potion"],"build_version":"2020-12-22","purchased_purges":2,"victory":false,"max_hp_per_floor":[72,72,77,77,77,77,77,77,77,77,77,77,77,77,77,77,77,77,77,77,77,77,77,77,77,77,77,77,77,77,77,77,77,77],"card_choices":[{"not_picked":["JustLucky","Protect","DeceiveReality"],"picked":"SKIP","floor":1.0},{"not_picked":["ThirdEye","Halt","WindmillStrike"],"picked":"SKIP","floor":5.0},{"not_picked":["SashWhip","Wallop"],"picked":"Swivel","floor":6.0},{"not_picked":["CrushJoints","ThirdEye","Evaluate"],"picked":"SKIP","floor":10.0},{"not_picked":["InnerPeace","Collect"],"picked":"JustLucky","floor":12.0},{"not_picked":["ThirdEye","LikeWater"],"picked":"Perseverance","floor":13.0},{"not_picked":["FearNoEvil","Adaptation+1"],"picked":"Evaluate+1","floor":18.0},{"not_picked":["Fasting2","Halt+1","Crescendo"],"picked":"SKIP","floor":19.0},{"not_picked":["Fasting2+1","BowlingBash","Wallop"],"picked":"SKIP","floor":22.0},{"not_picked":["Consecrate","ClearTheMind","WindmillStrike+1"],"picked":"SKIP","floor":24.0},{"not_picked":["EmptyFist","FollowUp+1","Omniscience"],"picked":"SKIP","floor":25.0},{"not_picked":["BattleHymn","Crescendo+1","JustLucky"],"picked":"SKIP","floor":28},{"not_picked":["Pray","FlurryOfBlows+1","PathToVictory"],"picked":"SKIP","floor":31}],"player_experience":107799,"relics_obtained":[{"floor":6.0,"key":"Mercury Hourglass"},{"floor":9.0,"key":"Bag of Preparation"},{"floor":13.0,"key":"Nunchaku"},{"floor":25.0,"key":"Tiny Chest"},{"floor":26.0,"key":"Orichalcum"},{"floor":28,"key":"Omamori"},{"floor":30,"key":"Anchor"}],"event_choices":[{"damage_healed":0.0,"max_hp_gain":0.0,"max_hp_loss":0.0,"gold_gain":0.0,"event_name":"Golden Idol","player_choice":"Take Damage","floor":2.0,"gold_loss":0.0,"damage_taken":18.0,"relics_obtained":["Golden Idol"]},{"damage_healed":0.0,"max_hp_gain":5.0,"max_hp_loss":0.0,"gold_gain":0.0,"event_name":"Big Fish","player_choice":"Donut","floor":3.0,"gold_loss":0.0,"damage_taken":0.0},{"damage_healed":0.0,"max_hp_gain":0.0,"max_hp_loss":0.0,"gold_gain":0.0,"cards_transformed":["Strike_P"],"event_name":"Transmorgrifier","player_choice":"Transformed","floor":4.0,"gold_loss":0.0,"damage_taken":0.0,"cards_obtained":["Ragnarok"]},{"damage_healed":0.0,"max_hp_gain":0.0,"max_hp_loss":0.0,"gold_gain":0.0,"event_name":"Liars Game","player_choice":"Ignored","floor":11.0,"gold_loss":0.0,"damage_taken":0.0},{"damage_healed":0.0,"max_hp_gain":0.0,"max_hp_loss":0.0,"gold_gain":0.0,"event_name":"Drug Dealer","player_choice":"Inject Mutagens","floor":21.0,"gold_loss":0.0,"damage_taken":0.0,"relics_obtained":["MutagenicStrength"]}],"is_beta":false,"boss_relics":[{"not_picked":["Runic Dome","Cursed Key","Velvet Choker"]}],"items_purged_floors":[14,20],"is_endless":false,"potions_floor_spawned":[5,6,13,22,24],"killed_by":"Champ","ascension_level":0}}