{"host":"9x1sq6h6hwetof5f","time":1613232335,"event":{"mods":["AchievementEnabler","Act Like it!","BaseMod","Better Note","Better Sensory Stone","Block Reminder","CatGirl Mod","Colored Map","Colored Powertips","Custom Start","Hallownest","Highlight Path","Infinite Spire","Minty Spire (QoL Compilation)","Permanent Neow","Quick Restart","Replay The Spire","SIMod","StSLib","The Exalted","The Runesmith","UnlockEverythingMod","everything is the same but u backflip on backflip","slay the spire mod where everything is the same but ironclad has a cowboy hat"],"gold_per_floor":[114,114,114,127,139,171,171,171,191,191,271,271,286,286,286,296,296,391,391,406,417,433,388,138,138,172,172,172,199,213,213,213,256,256,359,359,373,373,373,373,193,224,224,236,236,236,116,143,58,58,58,157,157,120,120,113,113,116,116,85,85,85,85,102,102,102,102,102,131,131,125,125,121,94,94],"floor_reached":74,"language":"ENG","playtime":8482,"items_purged":["Winterwrapup","Defend_FS","FarmExpert"],"score":853,"play_id":"e8b62676-1657-432d-9c58-6c14e6fe5621","local_time":"20210214030535","is_ascension_mode":false,"campfire_choices":[{"data":"LadiesDemeanor","floor":12.0,"key":"SMITH"},{"data":"CheerUp","floor":14.0,"key":"SMITH"},{"data":"AllByMyself","floor":25.0,"key":"SMITH"},{"data":"TenInstruments","floor":27.0,"key":"SMITH"},{"data":"HarmonyForm","floor":31.0,"key":"SMITH"},{"data":"Batlization","floor":34.0,"key":"SMITH"},{"data":"SonicRainbow","floor":43,"key":"SMITH"},{"data":"TasteRainbow","floor":46,"key":"SMITH"},{"data":"TwentyPercentcooler","floor":51,"key":"SMITH"},{"data":"Stare","floor":59,"key":"SMITH"},{"floor":61,"key":"REST"},{"floor":63,"key":"REST"},{"floor":66,"key":"REST"},{"data":"Perfectionism","floor":68,"key":"SMITH"}],"circlet_count":1,"master_deck":["Strike_AJ","Strike_TS","Strike_RR","Strike_RD","Defend_TS","Defend_PP","Defend_AJ","ConcertedEfforts","HarmonyShield","Yay","CheerUp+1","Return_To_Past","PartyTime","FriendOfNature","BehindTheScene","AllByMyself+1","RushToSky","LadiesDemeanor+1","Mischief","Celebrities","AllByMyself+1","TenInstruments+1","Stare","AppleFeast","HideCarefully","PinkiePromise","PartyAlone+1","Charge","PartyTime+1","Boundary+1","AlloutStrike","Honesty","HarmonyForm+1","BatchProduction","Batlization+1","SonicRainbow+1","Sisterhood","GemstoneDetection","Stare+1","TasteRainbow+1","AllByMyself+1","TwentyPercentcooler+1","RushToSky","Magic+1","AppleFever+1","Hallownest:skillKingdomsEdgeMap","CowboySkills","Harmanyblast","Honesty","TenInstruments","Louder","Lasso","Yay","Perfectionism+1","infinitespire:SealOfDarkness+","Batlization"],"relics":["The_element_of_harmony","Pocketwatch","Nunchaku","Onion Ring","Hallownest:DreamNailRelic","Honey Jar","Hallownest:UnbreakableCardRelic","Bag of Marbles","Meat on the Bone","Dream Catcher","ReplayTheSpireMod:Shallot","Bromod:ArcaneEnergize","NeowsBlessing","CaptainsWheel","Hallownest:StagBellRelic1","TSMusicBox","Blue Candle","Bromod:ArcaneAegis","Hallownest:HeavyBlowRelic","Durian","Darkstone Periapt","Membership Card","Circlet","Black Star","Membership Card"],"acts_visited":["Hallownest:Greenpath","Hallownest:CityofTears","Hallownest:KingdomsEdge","Hallownest:Greenpath","TheCity"],"potions_floor_usage":[35,35,35,60,64,64,71],"damage_taken":[{"damage":0.0,"enemies":"Hallownest:monsterHuskWarrior","floor":1.0,"turns":5.0},{"damage":0.0,"enemies":"Hallownest:2_Baldur","floor":4.0,"turns":4.0},{"damage":2.0,"enemies":"Hallownest:monsterHuskGuard","floor":5.0,"turns":4.0},{"damage":15.0,"enemies":"Hallownest:eliteCrystalGuardian","floor":6.0,"turns":9.0},{"damage":3.0,"enemies":"Hallownest:MossCreep_and_Mosskin","floor":9.0,"turns":8.0},{"damage":3.0,"enemies":"Hallownest:Guard_and_Warrior","floor":13.0,"turns":7.0},{"damage":0.0,"enemies":"Hallownest:monsterFoolEater","floor":16.0,"turns":3.0},{"damage":25.0,"enemies":"Hallownest:BossBrokenVessel","floor":18.0,"turns":13.0},{"damage":0.0,"enemies":"Hallownest:3_Youths","floor":20.0,"turns":10.0},{"damage":0.0,"enemies":"Hallownest:2_Mistakes","floor":21.0,"turns":6.0},{"damage":17.0,"enemies":"Hallownest:2_Flukemon","floor":22.0,"turns":7.0},{"damage":5.0,"enemies":"Hallownest:eliteWatcherKnight","floor":26.0,"turns":12.0},{"damage":3.0,"enemies":"Hallownest:Nosk","floor":29.0,"turns":6.0},{"damage":10.0,"enemies":"Hallownest:Warrior_and_Youth","floor":30.0,"turns":7.0},{"damage":2.0,"enemies":"Hallownest:Glutton_and_Coward","floor":33.0,"turns":5.0},{"damage":9,"enemies":"Hallownest:BossGrimm","floor":35,"turns":6},{"damage":2,"enemies":"Hallownest:Shield_Heavy","floor":37,"turns":2},{"damage":0,"enemies":"Hallownest:StalkingDevout","floor":42,"turns":3},{"damage":0,"enemies":"Hallownest:2_Littles","floor":44,"turns":2},{"damage":0,"enemies":"Nightmare","floor":48,"turns":1},{"damage":3,"enemies":"Hallownest:Radiance","floor":52,"turns":11},{"damage":0,"enemies":"Hallownest:2_Baldur","floor":54,"turns":10},{"damage":7,"enemies":"Hallownest:monsterHuskGuard","floor":56,"turns":4},{"damage":0,"enemies":"Hallownest:2_Tiktiks_and_1_Crawlid","floor":58,"turns":2},{"damage":57,"enemies":"Hallownest:2_Tiktiks_1_Baldur_1_Crawlid","floor":60,"turns":13},{"damage":3,"enemies":"Hallownest:eliteMossKnight","floor":64,"turns":4},{"damage":16,"enemies":"Hallownest:BossBrokenVessel","floor":69,"turns":11},{"damage":39,"enemies":"Shell Parasite","floor":71,"turns":4},{"damage":0,"enemies":"Spheric Guardian","floor":73,"turns":3},{"damage":54,"enemies":"Cultist and Chosen","floor":74,"turns":4}],"seed_played":"-2922554579266647531","potions_obtained":[{"floor":16.0,"key":"Dexterity Potion"},{"floor":18.0,"key":"DuplicationPotion"},{"floor":26.0,"key":"Regen Potion"},{"floor":29.0,"key":"Languid Potion"},{"floor":30.0,"key":"Fruit Juice"},{"floor":33.0,"key":"DistilledChaos"},{"floor":37,"key":"Dexterity Potion"},{"floor":44,"key":"SpeedPotion"},{"floor":60,"key":"LiquidMemories"},{"floor":64,"key":"SkillPotion"},{"floor":73,"key":"Toxic Potion"}],"is_trial":true,"path_per_floor":["M","WH","?","M","M","E","PTL","PTL","M","WH","T","R","M","R","?","M","R_BF","B",null,"M","M","M","?","?","R","E","R","T","E","M","R","AVR","M","R","B",null,"M","WH","WH","AVR","?","E","R","M","T","R","$","NM","?","?","R","B",null,"M","WH","M","WH","M","R","M","R","T","R","E","AVR","R","?","R","B",null,"M","AVR","M","M"],"character_chosen":"TWI_CLASS","items_purchased":["TwentyPercentcooler","RushToSky"],"campfire_rested":3,"item_purchase_floors":[47,47],"current_hp_per_floor":[82,82,82,82,80,71,71,71,74,74,74,74,77,77,77,77,82,57,82,82,82,71,71,71,71,72,72,72,74,75,75,75,79,79,73,87,85,85,85,85,85,85,85,85,85,85,85,85,85,85,85,82,87,87,87,80,80,80,80,46,59,59,72,70,70,83,83,83,67,87,48,48,48,0,0],"gold":94,"neow_bonus":"REMOVE_CARD","is_daily":false,"chose_seed":false,"campfire_upgraded":11,"win_rate":0.0,"timestamp":1613232335,"path_taken":["M","WH","?","M","M","E","PTL","PTL","M","WH","T","R","M","R","?","M","R_BF","BOSS","M","M","?","?","?","R","E","R","T","E","M","R","AVR","M","R","BOSS","M","WH","WH","AVR","?","E","R","M","T","R","$","NM","?","?","R","BOSS","M","WH","M","WH","M","R","M","R","T","R","E","AVR","R","?","R","BOSS","M","AVR","M","M"],"items_purchased_type":["Card","Card"],"build_version":"2020-12-22","purchased_purges":3,"victory":false,"max_hp_per_floor":[82,82,82,82,82,82,82,82,82,82,82,82,82,82,82,82,82,82,82,82,82,82,82,82,82,82,82,82,82,87,87,87,87,87,87,87,87,87,87,87,87,87,87,87,87,87,87,87,87,87,87,87,87,87,87,87,87,87,87,87,87,87,87,87,87,87,87,87,87,87,87,87,87,87,87],"card_choices":[{"not_picked":["Whining"],"picked":"Yay","floor":1.0},{"not_picked":["Winterwrapup"],"picked":"TasteRainbow","floor":1.0},{"not_picked":["Perfectionism","BigDeal"],"picked":"FollowTherRainbow","floor":2.0},{"not_picked":["Yay"],"picked":"CheerUp","floor":4.0},{"not_picked":["RashStunts"],"picked":"Return_To_Past","floor":4.0},{"not_picked":["FarmExpert"],"picked":"PartyTime","floor":5.0},{"not_picked":["TenInstruments"],"picked":"FriendOfNature","floor":5.0},{"not_picked":["ServeMeal"],"picked":"BehindTheScene","floor":6.0},{"not_picked":["BigDeal"],"picked":"AllByMyself","floor":6.0},{"not_picked":["HideCarefully"],"picked":"RushToSky","floor":9.0},{"not_picked":["Laughter"],"picked":"LadiesDemeanor","floor":9.0},{"not_picked":["RashStunts"],"picked":"Mischief","floor":13.0},{"not_picked":["PartyTime"],"picked":"Celebrities","floor":13.0},{"not_picked":["KillingWithKindness"],"picked":"AllByMyself","floor":16.0},{"not_picked":["Dear_Princess"],"picked":"TenInstruments","floor":16.0},{"not_picked":["LoveMe"],"picked":"Stare","floor":18.0},{"not_picked":["RushToSky","KillingWithKindness"],"picked":"AppleFeast","floor":20.0},{"not_picked":["Winterwrapup","ReinventMyself"],"picked":"HideCarefully","floor":20.0},{"not_picked":["RushToSky","FollowTherRainbow+1"],"picked":"Magic","floor":21.0},{"not_picked":["Charge","AppleFeast"],"picked":"PinkiePromise","floor":21.0},{"not_picked":["Smile","Mischief"],"picked":"PartyAlone+1","floor":22.0},{"not_picked":["ServeMeal","RashStunts"],"picked":"Charge","floor":22.0},{"not_picked":["FollowTherRainbow","AllByMyself"],"picked":"PartyTime+1","floor":26.0},{"not_picked":["Magic","Magic_Beam"],"picked":"Boundary+1","floor":26.0},{"not_picked":["DynamicVision+1","ISayNo+1"],"picked":"AlloutStrike","floor":29.0},{"not_picked":["TenInstruments+1","CheerUp+1"],"picked":"Honesty","floor":29.0},{"not_picked":["TasteRainbow","Magic"],"picked":"Winterwrapup","floor":30.0},{"not_picked":["ServeMeal","PinkiePromise"],"picked":"HarmonyForm","floor":30.0},{"not_picked":["Boundary+1","TenInstruments+1"],"picked":"BatchProduction","floor":33.0},{"not_picked":["BehindTheScene+1","RashStunts+1"],"picked":"Batlization","floor":33.0},{"not_picked":["InspirationRecovery","BeautySensation"],"picked":"SonicRainbow","floor":35},{"not_picked":["SonicRainbow","LoveMe"],"picked":"Sisterhood","floor":35},{"not_picked":["Mischief","ServeMeal"],"picked":"GemstoneDetection","floor":37},{"not_picked":["FollowTherRainbow","ServeMeal"],"picked":"Charge","floor":37},{"not_picked":["Charge","FollowTherRainbow+1"],"picked":"FarmExpert","floor":42},{"not_picked":["Yay","Mischief"],"picked":"Stare","floor":42},{"not_picked":["Tornado","FollowTherRainbow"],"picked":"TasteRainbow","floor":44},{"not_picked":["HideCarefully","Honesty"],"picked":"AllByMyself+1","floor":44},{"not_picked":["BatchProduction","Smile+1"],"picked":"Magic+1","floor":48},{"not_picked":["AlloutStrike+1","Whining"],"picked":"AppleFever+1","floor":48},{"not_picked":["PinkieSense","Sisterhood"],"picked":"CowboySkills","floor":52},{"not_picked":["CowboySkills","PinkieSense"],"picked":"Harmanyblast","floor":52},{"not_picked":["FollowTherRainbow","ThrowingApples"],"picked":"Honesty","floor":54},{"not_picked":["TwentyPercentcooler","Dear_Princess"],"picked":"TenInstruments","floor":54},{"not_picked":["CleanLibrary","Batlization"],"picked":"Louder","floor":56},{"not_picked":["Honesty","Return_To_Past"],"picked":"Lasso","floor":56},{"not_picked":["Honesty","Whining","FarmExpert"],"picked":"SKIP","floor":58},{"not_picked":["FollowTherRainbow","ServeMeal","CleanLibrary"],"picked":"SKIP","floor":58},{"not_picked":["ThunderCloud","Smile"],"picked":"Yay","floor":60},{"not_picked":["BigDeal","AllByMyself","Charge"],"picked":"SKIP","floor":60},{"not_picked":["TasteRainbow","Harmanyblast"],"picked":"Perfectionism","floor":64},{"not_picked":["Magic","Lasso","Magictrain"],"picked":"SKIP","floor":64},{"not_picked":["Magic","Lasso","Magictrain"],"picked":"SKIP","floor":64},{"not_picked":["RushToSky","DynamicVision+1","Magictrain"],"picked":"SKIP","floor":71},{"not_picked":["ServeMeal","FarmExpert+1","FollowTherRainbow"],"picked":"SKIP","floor":71},{"not_picked":["PartyAlone","TenInstruments"],"picked":"Batlization","floor":73},{"not_picked":["ReinventMyself+1","GemstoneDetection+1","HideCarefully"],"picked":"SKIP","floor":73}],"player_experience":84889,"relics_obtained":[{"floor":6.0,"key":"Pocketwatch"},{"floor":11.0,"key":"Onion Ring"},{"floor":26.0,"key":"Bag of Marbles"},{"floor":28.0,"key":"Meat on the Bone"},{"floor":29.0,"key":"Dream Catcher"},{"floor":42,"key":"TSMusicBox"},{"floor":45,"key":"Blue Candle"},{"floor":48,"key":"Bromod:ArcaneAegis"},{"floor":62,"key":"Durian"},{"floor":64,"key":"Darkstone Periapt"}],"event_choices":[],"is_beta":false,"boss_relics":[{"not_picked":["Runic Pyramid","Philosopher\u0027s Stone"],"picked":"Honey Jar"},{"not_picked":["Kintsugi","Sozu"],"picked":"Bromod:ArcaneEnergize"},{"not_picked":["Painkiller Herb","ReplayTheSpireMod:DimensionalGlitch","Astrolabe"]},{"not_picked":["infinitespire:Cupcake","Runic Dome"],"picked":"Black Star"}],"items_purged_floors":[32,65,72],"is_endless":true,"potions_floor_spawned":[16,18,26,29,30,33,37,44,60,64,73],"killed_by":"Cultist and Chosen","ascension_level":0}}