{"host":"x205naxbihvu3p76","time":1613227288,"event":{"mods":["AchievementEnabler","BaseMod","Minty Spire (QoL Compilation)","StSLib","SuperFastMode"],"gold_per_floor":[115,132,132,57,22,51,51,83,109,128,128,146,165,176,176,176,176],"floor_reached":16,"language":"KOR","playtime":278,"items_purged":["Strike_R"],"score":267,"play_id":"b698f22b-f66b-464f-a903-5293a0dc952c","local_time":"20210213234128","is_ascension_mode":true,"campfire_choices":[{"data":"Pommel Strike","floor":7,"key":"SMITH"},{"floor":15,"key":"REST"}],"circlet_count":0,"master_deck":["AscendersBane","Strike_R","Strike_R","Strike_R","Strike_R","Defend_R","Defend_R","Defend_R","Defend_R","Bash","Flame Barrier","Cleave","Pommel Strike+1","True Grit","Demon Form"],"relics":["Burning Blood","NeowsBlessing","Smiling Mask","Pear","Boot","Omamori"],"acts_visited":["Exordium"],"potions_floor_usage":[16,16],"damage_taken":[{"damage":0,"enemies":"Small Slimes","floor":1,"turns":1},{"damage":0,"enemies":"2 Louse","floor":2,"turns":1},{"damage":0,"enemies":"Lagavulin","floor":6,"turns":1},{"damage":50,"enemies":"3 Sentries","floor":8,"turns":11},{"damage":11,"enemies":"Cultist","floor":10,"turns":4},{"damage":22,"enemies":"Exordium Thugs","floor":12,"turns":4},{"damage":16,"enemies":"Large Slime","floor":13,"turns":6},{"damage":9,"enemies":"Looter","floor":14,"turns":4},{"damage":44,"enemies":"Hexaghost","floor":16,"turns":9}],"seed_played":"5680115285430493065","potions_obtained":[{"floor":1,"key":"EssenceOfSteel"},{"floor":8,"key":"BlessingOfTheForge"},{"floor":12,"key":"Energy Potion"},{"floor":13,"key":"AttackPotion"}],"is_trial":false,"path_per_floor":["M","M","?","$","?","E","R","E","T","M","?","M","M","M","R","B"],"character_chosen":"IRONCLAD","items_purchased":[],"campfire_rested":1,"item_purchase_floors":[],"current_hp_per_floor":[74,75,80,80,80,80,80,46,46,41,41,25,15,12,39,0,0],"gold":176,"neow_bonus":"THREE_ENEMY_KILL","is_daily":false,"chose_seed":false,"campfire_upgraded":1,"win_rate":0.0,"timestamp":1613227288,"path_taken":["M","M","?","$","?","E","R","E","T","M","?","M","M","?","R","BOSS"],"items_purchased_type":[],"build_version":"2020-12-22","purchased_purges":1,"victory":false,"max_hp_per_floor":[75,75,80,80,80,80,80,90,90,90,90,90,90,90,90,90,90],"card_choices":[{"not_picked":["Entrench","Clothesline"],"picked":"Flame Barrier","floor":1},{"not_picked":["Iron Wave","Anger"],"picked":"Cleave","floor":2},{"not_picked":["Metallicize","Wild Strike"],"picked":"Pommel Strike","floor":6},{"not_picked":["Flame Barrier","Rupture","Carnage"],"picked":"SKIP","floor":8},{"not_picked":["Bloodletting","Ghostly Armor","Flex"],"picked":"SKIP","floor":10},{"not_picked":["Ghostly Armor","Dual Wield"],"picked":"True Grit","floor":12},{"not_picked":["Metallicize","Combust"],"picked":"Demon Form","floor":13},{"not_picked":["Body Slam","Twin Strike","True Grit"],"picked":"SKIP","floor":14}],"player_experience":1033955,"relics_obtained":[{"floor":6,"key":"Smiling Mask"},{"floor":8,"key":"Pear"},{"floor":9,"key":"Boot"}],"event_choices":[{"damage_healed":0,"gold_gain":0,"player_choice":"Donut","damage_taken":0,"max_hp_gain":5,"max_hp_loss":0,"event_name":"Big Fish","floor":3,"gold_loss":0},{"damage_healed":20,"gold_gain":0,"player_choice":"Healed","damage_taken":0,"max_hp_gain":0,"max_hp_loss":0,"event_name":"The Cleric","floor":5,"gold_loss":35},{"damage_healed":0,"gold_gain":0,"player_choice":"Gave Potion","damage_taken":0,"relics_obtained":["Omamori"],"max_hp_gain":0,"max_hp_loss":0,"event_name":"WeMeetAgain","floor":11,"gold_loss":0}],"is_beta":false,"boss_relics":[],"items_purged_floors":[4],"is_endless":false,"potions_floor_spawned":[1,8,12,13],"killed_by":"Hexaghost","ascension_level":19}}