{"host":"u0qetpmu4y58k1tf","time":1613249241,"event":{"mods":["100% Spire Juice","AchievementEnabler","Act Like it!","BaseMod","CapriCore","Colored Map","Colored Powertips","Hermit","Koishi","Marisa£¨Ùöéë¡¡Øª×âÞÞ£©","Minty Spire (QoL Compilation)","Quick Restart","Reliquary","Replay The Spire","StSLib","Td1madao Mod","The Bug Knight","The Cursed","The Gatherer","The Hierophant","The Immortal","The Jungle","The Runesmith","WarShipGirlsR/??á´Ò³R mod"],"gold_per_floor":[109,127,302,302,302,302,333,350,377,391,192,192,227,238,238,341,341,354,389,245,261,286,319,319,319],"floor_reached":24,"language":"KOR","playtime":1202,"items_purged":["rmod:strick","rmod:strick"],"score":266,"play_id":"2052f4fc-78e4-4b49-8c87-4608735ceb7e","local_time":"20210214054721","is_ascension_mode":true,"campfire_choices":[{"data":"rmod:diamondstrike","floor":6,"key":"SMITH"},{"data":"rmod:ammunitionsupply","floor":12,"key":"SMITH"},{"data":"rmod:fuelsupply","floor":15,"key":"SMITH"}],"circlet_count":0,"master_deck":["rmod:strick","rmod:strick","rmod:defend","rmod:defend","rmod:defend","rmod:defend","rmod:basicallowance","rmod:maingunfire","rmod:diamondstrike+1","rmod:launchingtorpedo","rmod:ammunitionsupply+1","rmod:maintain","rmod:wife","rmod:fuelsupply+1","rmod:windflower","rmod:diamondstrike","rmod:wife","ReplayTheSpireMod:Private Reserves","rmod:slowdown+1"],"relics":["rmod:firstchargereward","Bag of Marbles","Replay:Wax Seal","ReplayTheSpireMod:TigerMarble","Smiling Mask","PreservedInsect","Replay:Towering Pillar of Hats","ReplayTheSpireMod:DimensionalGlitch","Ice Cream"],"acts_visited":["Exordium","TheCity"],"potions_floor_usage":[13,13,19,23,23,24],"damage_taken":[{"damage":5,"enemies":"Jaw Worm","floor":1,"turns":3},{"damage":0,"enemies":"2 Louse","floor":2,"turns":1},{"damage":11,"enemies":"3 Sentries","floor":7,"turns":8},{"damage":8,"enemies":"Small Slimes","floor":8,"turns":3},{"damage":0,"enemies":"3 Louse","floor":10,"turns":4},{"damage":0,"enemies":"Lagavulin","floor":13,"turns":2},{"damage":0,"enemies":"Large Slime","floor":14,"turns":3},{"damage":23,"enemies":"Slime Boss","floor":16,"turns":8},{"damage":4,"enemies":"Shell Parasite","floor":18,"turns":5},{"damage":0,"enemies":"2 Thieves","floor":19,"turns":3},{"damage":35,"enemies":"Chosen and Byrds","floor":21,"turns":5},{"damage":21,"enemies":"Shelled Parasite and Fungi","floor":22,"turns":7},{"damage":12,"enemies":"Replay:Snechameleon","floor":23,"turns":5},{"damage":7,"enemies":"Snake Plant","floor":24,"turns":2}],"seed_played":"-2601070929542507669","potions_obtained":[{"floor":2,"key":"Strength Potion"},{"floor":7,"key":"ColorlessPotion"},{"floor":13,"key":"BlessingOfTheForge"},{"floor":14,"key":"Cursed Concoction"},{"floor":18,"key":"AttackPotion"},{"floor":22,"key":"Elixir"},{"floor":23,"key":"SmokeBomb"}],"is_trial":false,"path_per_floor":["M","M","?","?","?","R","E","M","T","M","$","R","E","M","R","B",null,"M","M","$","M","M","E","M"],"character_chosen":"PRAEFECT","items_purchased":["PreservedInsect","ReplayTheSpireMod:Private Reserves"],"campfire_rested":0,"item_purchase_floors":[11,20],"current_hp_per_floor":[70,70,70,70,63,63,52,44,44,44,44,44,44,44,44,21,75,71,71,71,36,15,3,0,0],"gold":319,"neow_bonus":"RANDOM_COMMON_RELIC","is_daily":false,"chose_seed":false,"campfire_upgraded":3,"win_rate":0.0,"timestamp":1613249241,"path_taken":["M","M","?","?","?","R","E","M","T","M","$","R","E","M","R","BOSS","M","M","$","M","M","E","M"],"items_purchased_type":["Relic","Card"],"build_version":"2020-12-22","purchased_purges":2,"victory":false,"max_hp_per_floor":[75,75,75,75,75,75,75,75,75,75,75,75,75,75,75,75,75,75,75,75,75,75,75,75,75],"card_choices":[{"not_picked":["rmod:supportescort","rmod:tearstotiara"],"picked":"rmod:diamondstrike","floor":1},{"not_picked":["rmod:luckystar","rmod:unsinkable","rmod:guardianhero"],"picked":"SKIP","floor":2},{"not_picked":["rmod:spoils","rmod:overbreakdown"],"picked":"rmod:launchingtorpedo","floor":7},{"not_picked":["rmod:victimresponsibility","rmod:rockthrower"],"picked":"rmod:ammunitionsupply","floor":8},{"not_picked":["rmod:sl","rmod:capitalist"],"picked":"rmod:maintain","floor":10},{"not_picked":["rmod:victimresponsibility","rmod:goodsister"],"picked":"rmod:wife","floor":13},{"not_picked":["rmod:salvage","rmod:tearstotiara"],"picked":"rmod:fuelsupply","floor":14},{"not_picked":["rmod:saltedfish","rmod:expeditionaryescort"],"picked":"rmod:windflower","floor":16},{"not_picked":["rmod:circuitoustactics","rmod:goodsister"],"picked":"rmod:diamondstrike","floor":18},{"not_picked":["rmod:aviationdawn","rmod:spoils"],"picked":"rmod:wife","floor":19},{"not_picked":["rmod:wife","rmod:firesupport+1"],"picked":"rmod:slowdown+1","floor":21},{"not_picked":["rmod:ammunitionsupply","rmod:smokecover","rmod:punchline+1"],"picked":"SKIP","floor":22},{"not_picked":["rmod:shuttlebombing+1","rmod:aluminumsupply","rmod:luckystar"],"picked":"SKIP","floor":23}],"player_experience":130115,"relics_obtained":[{"floor":7,"key":"ReplayTheSpireMod:TigerMarble"},{"floor":9,"key":"Smiling Mask"},{"floor":13,"key":"Replay:Towering Pillar of Hats"},{"floor":23,"key":"Ice Cream"}],"event_choices":[{"damage_healed":0,"gold_gain":175,"player_choice":"AGREE","damage_taken":0,"max_hp_gain":0,"max_hp_loss":0,"event_name":"Liars Game","floor":3,"gold_loss":0,"cards_obtained":["Doubt"]},{"cards_removed":["Doubt"],"damage_healed":0,"gold_gain":0,"player_choice":"Forget","damage_taken":0,"max_hp_gain":0,"max_hp_loss":0,"event_name":"Living Wall","floor":4,"gold_loss":0},{"damage_healed":0,"gold_gain":0,"player_choice":"Success","damage_taken":7,"relics_obtained":["Replay:Wax Seal"],"max_hp_gain":0,"max_hp_loss":0,"event_name":"Scrap Ooze","floor":5,"gold_loss":0}],"is_beta":false,"boss_relics":[{"not_picked":["Velvet Choker","reliquary:WritOfMandamus"],"picked":"ReplayTheSpireMod:DimensionalGlitch"}],"items_purged_floors":[11,20],"is_endless":false,"potions_floor_spawned":[2,7,13,14,18,22,23],"killed_by":"Snake Plant","ascension_level":1}}