{"host":"lly094a91h6n5nv5","time":1613252962,"event":{"mods":["AchievementEnabler","BaseMod","Block Reminder","Colored Map","Minty Spire (QoL Compilation)"],"gold_per_floor":[118,118,135,154,154,154,165,180,233,233,233,85,85,97,97,196,196,212,222,86,101,101,101,67,77,101,129,129,57,57,73,73,73,73],"floor_reached":33,"language":"ENG","playtime":1729,"items_purged":["Strike_G","Strike_G"],"score":398,"play_id":"b33e9f0c-8fa3-4679-81cf-999407eb4cef","local_time":"20210213154922","is_ascension_mode":true,"campfire_choices":[{"data":"Neutralize","floor":6,"key":"SMITH"},{"data":"Bullet Time","floor":11,"key":"SMITH"},{"data":"Caltrops","floor":13,"key":"SMITH"},{"floor":15,"key":"REST"},{"data":"Accuracy","floor":23,"key":"SMITH"},{"floor":28,"key":"REST"},{"data":"Footwork","floor":30,"key":"SMITH"},{"floor":32,"key":"REST"}],"circlet_count":0,"master_deck":["Defend_G","Defend_G","Defend_G","Defend_G","Survivor","Neutralize+1","Blade Dance","Flying Knee","Blade Dance","Bullet Time+1","Acrobatics","Caltrops+1","PiercingWail","Adrenaline","Blade Dance+1","Accuracy+1","Outmaneuver","Footwork+1","Envenom","Blade Dance+1","Accuracy"],"relics":["Ring of the Snake","StrikeDummy","Vajra","Art of War","Sozu","Bag of Marbles","Blood Vial"],"acts_visited":["Exordium","TheCity"],"potions_floor_usage":[18,27,33],"damage_taken":[{"damage":1,"enemies":"Jaw Worm","floor":1,"turns":6},{"damage":1,"enemies":"2 Louse","floor":3,"turns":2},{"damage":0,"enemies":"Cultist","floor":4,"turns":4},{"damage":1,"enemies":"Blue Slaver","floor":7,"turns":3},{"damage":0,"enemies":"Exordium Thugs","floor":8,"turns":5},{"damage":0,"enemies":"Exordium Wildlife","floor":14,"turns":3},{"damage":1,"enemies":"The Guardian","floor":16,"turns":13},{"damage":17,"enemies":"Chosen","floor":18,"turns":7},{"damage":0,"enemies":"3 Byrds","floor":19,"turns":3},{"damage":26,"enemies":"Snake Plant","floor":21,"turns":5},{"damage":0,"enemies":"3 Cultists","floor":25,"turns":3},{"damage":8,"enemies":"Book of Stabbing","floor":27,"turns":4},{"damage":17,"enemies":"Snecko","floor":31,"turns":4},{"damage":56,"enemies":"Automaton","floor":33,"turns":6}],"seed_played":"8709921200074186496","potions_obtained":[{"floor":4,"key":"SkillPotion"},{"floor":7,"key":"SpeedPotion"},{"floor":8,"key":"Energy Potion"},{"floor":16,"key":"LiquidBronze"}],"is_trial":false,"path_per_floor":["M","?","M","M","?","R","M","M","T","T","R","$","R","M","R","B",null,"M","M","$","M","?","R","$","M","T","E","R","$","R","M","R","B"],"character_chosen":"THE_SILENT","items_purchased":["Caltrops","Accuracy","Footwork","Accuracy"],"campfire_rested":3,"item_purchase_floors":[12,20,24,29],"current_hp_per_floor":[44,37,36,36,18,18,17,17,17,17,17,17,17,17,38,37,62,45,45,45,19,19,19,19,19,19,11,32,32,32,17,38,0,0],"gold":73,"neow_bonus":"REMOVE_TWO","is_daily":false,"chose_seed":false,"campfire_upgraded":5,"win_rate":0.0,"timestamp":1613252962,"path_taken":["M","?","M","M","?","R","?","M","T","?","R","$","R","M","R","BOSS","M","M","$","M","?","R","?","?","T","E","R","$","R","M","R","BOSS"],"items_purchased_type":["Card","Card","Card","Card"],"build_version":"2020-12-22","purchased_purges":2,"victory":false,"max_hp_per_floor":[70,70,70,70,70,70,70,70,70,70,70,70,70,70,70,70,70,70,70,70,70,70,70,70,70,70,70,70,70,70,70,70,70,70],"card_choices":[{"not_picked":["Cloak And Dagger","Flying Knee"],"picked":"Blade Dance","floor":1},{"not_picked":["Heel Hook","Prepared"],"picked":"Flying Knee","floor":3},{"not_picked":["Riddle With Holes","Eviscerate"],"picked":"Blade Dance","floor":4},{"not_picked":["Deflect","Dash"],"picked":"Bullet Time","floor":7},{"not_picked":["Backstab","Underhanded Strike"],"picked":"Acrobatics","floor":8},{"not_picked":["Heel Hook","Expertise"],"picked":"PiercingWail","floor":14},{"not_picked":["Die Die Die","Venomology"],"picked":"Adrenaline","floor":16},{"not_picked":["Expertise","Dodge and Roll"],"picked":"Blade Dance+1","floor":18},{"not_picked":["Poisoned Stab","Underhanded Strike","Deflect"],"picked":"SKIP","floor":19},{"not_picked":["Distraction+1","Reflex","Deflect"],"picked":"SKIP","floor":21},{"not_picked":["Finisher","Dagger Spray"],"picked":"Envenom","floor":25},{"not_picked":["Poisoned Stab","Underhanded Strike"],"picked":"Blade Dance+1","floor":27},{"not_picked":["Blade Dance+1","Backstab","Eviscerate"],"picked":"SKIP","floor":31}],"player_experience":227120,"relics_obtained":[{"floor":9,"key":"Vajra"},{"floor":10,"key":"Art of War"},{"floor":26,"key":"Bag of Marbles"},{"floor":27,"key":"Blood Vial"}],"event_choices":[{"cards_removed":["Strike_G"],"damage_healed":0,"gold_gain":0,"player_choice":"Card Removal","damage_taken":7,"max_hp_gain":0,"max_hp_loss":0,"event_name":"Golden Wing","floor":2,"gold_loss":0},{"damage_healed":0,"gold_gain":0,"player_choice":"Success","damage_taken":18,"relics_obtained":["StrikeDummy"],"max_hp_gain":0,"max_hp_loss":0,"event_name":"Scrap Ooze","floor":5,"gold_loss":0},{"damage_healed":0,"gold_gain":0,"cards_transformed":["Strike_G"],"player_choice":"Transformed","damage_taken":0,"max_hp_gain":0,"max_hp_loss":0,"event_name":"Transmorgrifier","floor":22,"gold_loss":0,"cards_obtained":["Outmaneuver"]}],"is_beta":false,"boss_relics":[{"not_picked":["Fusion Hammer","Calling Bell"],"picked":"Sozu"}],"items_purged_floors":[12,20],"is_endless":false,"potions_floor_spawned":[4,7,8,16,18,25,27],"killed_by":"Automaton","ascension_level":9}}