{"host":"j1dv7kwky60lg19i","time":1613214596,"event":{"mods":["ATMod(阿瑾Mod)","AchievementEnabler","Act Like it!","Arknights","BaseMod","Better Vampires","Bossed Relics","Colored Powertips","Conspire","Friendly Minions","Gensokyo","Gold Saver","Highlight Path","KinomotoSakuraMod(木之本樱)","Minty Spire (QoL Compilation)","MostiFishMod","Quarter Circle Forward PUNCH!","Quick Restart","Rare Cards Sparkle","Reimu（博丽灵梦）","Reliquary","Replay The Spire","RumiaBox-露米娅的神秘盒子","StSLib","TestMod","The Servant 0.9.4","Yakumo Yukari mod","noobMod","【功能Mod】强力的原版药水","【功能Mod】混沌之环修复补丁","【遗物Mod】简单游戏","【遗物卡牌】REMEMod","篝火指南"],"gold_per_floor":[846,400,800,800,800,800,834,834,834,834,864,874,874,890,890,992,992,1012,1030,1047,72,89,115,115,115,115,115,148,148,148,166,166,469,469,485,495,495,505,505,505,521,521,521,541,553,565,429,24,24,26,26,26,26,82,84],"floor_reached":56,"language":"ZHS","playtime":6245,"items_purged":["AT_purpleEX","Observe_purple_1"],"score":1270,"play_id":"253a32c7-bd15-40ab-ba33-316480e54a23","local_time":"20210213190955","is_ascension_mode":false,"campfire_choices":[{"data":"DevaForm","floor":6,"key":"SMITH"},{"data":"AT_EssenceShift","floor":8,"key":"SMITH"},{"data":"CommonSense_AntiCommonSense_purple","floor":10,"key":"SMITH"},{"data":"StretchesForeverDream_purple","floor":13,"key":"SMITH"},{"data":"Shallow_ocean_purpleEX","floor":15,"key":"SMITH"},{"data":"Gensokyo:RedCapeBlueCape","floor":27,"key":"SMITH"},{"data":"ProofOfUnderstanding_purple","floor":29,"key":"SMITH"},{"data":"MeetDecomposer_purple","floor":32,"key":"SMITH"},{"data":"StateErode_purple","floor":40,"key":"SMITH"},{"floor":42,"key":"RECALL"},{"data":"Boundary_ObjectiveBoundary_purple","floor":49,"key":"SMITH"},{"data":"Observe_purple_2","floor":52,"key":"SMITH"}],"circlet_count":0,"master_deck":["Observe_purple_2+1","AT_EssenceShift+1","DevaForm+1","StateErode_purple+1","CommonSense_AntiCommonSense_purple+1","MonsterNeedle_purple","MonsterNeedle_purple","Gensokyo:CrescentMoonSlash","ContainerChange_purple","WorldDissolvedintheRealm_purple","StretchesForeverDream_purple+1","Shallow_ocean_purpleEX+1","ProofOfUnderstanding_purple+1","MeetDecomposer_purple+1","MonsterNeedle_purple+1","SfantasyHide_purple+1","Gensokyo:SevenSchoolMysteries+1","Gensokyo:LittleGreenMen+1","Bait_HighSpeedFlying_purple","Erosivefilter_purple+1","Gensokyo:RedCapeBlueCape+1","MeetDecomposer_purple+1","Gensokyo:FourOfAKind","Gensokyo:FourOfAKind","Gensokyo:FourOfAKind","Worldmountain_purple+1","Monsters_DoubleDeathButterfly_purple","Gensokyo:SummonPsychicCat","MeetDecomposer_purple+1","ButterflyHabitatTemple_purple+1","Boundary_ObjectiveBoundary_purple+1","AdvanceAttack_purple"],"relics":["Boundary_crack","Memoryfragments_purpleEX","EasyRelic","REME_ComplimentaryCards","ice","DaveBox","AT_ATBox","testmod-IntensifyImprint","SentryEyes","NeowsBlessing","SynthV:TestCard","Quantum Egg","reliquary:PartyBalloon","Gremlin Horn","testmod-Temperance","TheEssenceOfRealm","Technique","Replay:Rubber Ducky","Gensokyo:MosesMiracle","ThegodofHakurei_purpleEX","reliquary:QuartzCube","JellyFishMachine","Gensokyo:Companionship","CombinedTypeHook","Ginger","ClockworkSouvenir","Medical Kit","Replay:Bandana","conspire:Dentures"],"acts_visited":["Gensokyo:Gensokyo","Gensokyo:Gensokyoer","Gensokyo:Gensokyoest","TheEnding"],"potions_floor_usage":[16,28,28,28,55,55,55],"damage_taken":[{"damage":0,"enemies":"Gensokyo:Gryphon","floor":1,"turns":1},{"damage":18,"enemies":"Gensokyo:Cirno","floor":7,"turns":2},{"damage":13,"enemies":"Gensokyo:Aya","floor":11,"turns":1},{"damage":3,"enemies":"Gensokyo:2_Kodama","floor":12,"turns":2},{"damage":0,"enemies":"Gensokyo:Python","floor":14,"turns":2},{"damage":7,"enemies":"Gensokyo:Yukari","floor":16,"turns":4},{"damage":4,"enemies":"Gensokyo:Chomper","floor":18,"turns":3},{"damage":0,"enemies":"Gensokyo:2_Gloops","floor":19,"turns":2},{"damage":1,"enemies":"Gensokyo:Mirror_and_Dog","floor":20,"turns":2},{"damage":6,"enemies":"Gensokyo:Chomper_and_Gloop","floor":22,"turns":4},{"damage":27,"enemies":"Gensokyo:Reisen","floor":23,"turns":4},{"damage":27,"enemies":"Gensokyo:Tenshi","floor":28,"turns":3},{"damage":0,"enemies":"Gensokyo:Slime_Group","floor":31,"turns":3},{"damage":27,"enemies":"Gensokyo:Kaguya","floor":33,"turns":6},{"damage":0,"enemies":"Gensokyo:3_Boulders","floor":35,"turns":3},{"damage":0,"enemies":"Gensokyo:3_Bats","floor":36,"turns":3},{"damage":0,"enemies":"Gensokyo:3_Boulders","floor":38,"turns":3},{"damage":0,"enemies":"Gensokyo:AtlasGolem","floor":41,"turns":3},{"damage":0,"enemies":"Gensokyo:4_Bats","floor":44,"turns":3},{"damage":0,"enemies":"Gensokyo:Sharpion","floor":45,"turns":2},{"damage":0,"enemies":"Gensokyo:AtlasGolem","floor":46,"turns":3},{"damage":19,"enemies":"Gensokyo:Scarlet_Devils","floor":50,"turns":5},{"damage":0,"enemies":"Shield and Spear","floor":54,"turns":4},{"damage":4,"enemies":"The Heart","floor":55,"turns":6}],"seed_played":"8023707390713165850","potions_obtained":[{"floor":1,"key":"Block Potion"},{"floor":7,"key":"Dexterity Potion"},{"floor":16,"key":"Dexterity Potion"},{"floor":18,"key":"Block Potion"},{"floor":19,"key":"PowerPotion"},{"floor":28,"key":"testmod-SpacePotion"},{"floor":31,"key":"ZuzhouPotion:ReiMu"},{"floor":41,"key":"Dexterity Potion"},{"floor":44,"key":"Explosive Potion"}],"is_trial":false,"path_per_floor":["M","$","?","?","?","R","E","R","T","R","E","M","R","M","R","B",null,"M","M","M","COS","M","E","?","?","T","R","E","R","?","M","R","B",null,"M","M","?","M","?","R","M","R","T","M","M","M","COS","$","R","B",null,"R","$","E","B",null],"character_chosen":"Youkari","items_purchased":["Quantum Egg","CommonSense_AntiCommonSense_purple","MonsterNeedle_purple","Medical Kit","Replay:Bandana"],"campfire_rested":0,"item_purchase_floors":[2,2,2,48,48],"current_hp_per_floor":[70,70,70,70,60,60,44,44,44,44,31,29,29,30,30,26,70,67,68,70,70,65,41,41,41,41,41,24,24,24,28,28,6,45,45,45,45,45,39,39,41,41,41,45,45,45,45,45,45,33,45,45,45,45,45],"gold":84,"neow_bonus":"THREE_ENEMY_KILL","is_daily":false,"chose_seed":false,"campfire_upgraded":11,"win_rate":0.0,"timestamp":1613214595,"path_taken":["M","$","?","?","?","R","E","R","T","R","E","?","R","M","R","BOSS","M","M","M","COS","M","E","?","?","T","R","E","R","?","M","R","BOSS","M","?","?","M","?","R","?","R","T","M","M","M","COS","?","R","BOSS","R","$","E","BOSS"],"items_purchased_type":["Relic","Card","Card","Relic","Relic"],"build_version":"2020-12-22","purchased_purges":2,"victory":true,"max_hp_per_floor":[70,70,70,70,70,70,70,70,70,70,70,70,70,70,70,70,70,70,70,70,70,70,70,63,63,63,63,63,63,45,45,45,45,45,45,45,45,45,45,45,45,45,45,45,45,45,45,45,45,45,45,45,45,45,45],"card_choices":[{"not_picked":["AdvanceAttack_purple","MeetDecomposer_purple"],"picked":"StateErode_purple","floor":1},{"not_picked":["Monsters_DoubleDeathButterfly_purple","MNeedle_purple","MetroBOOM_purple","RealityDreamConfluencek_purple"],"picked":"ContainerChange_purple","floor":7},{"not_picked":["Line_surface_state_purple","ButterflyHabitatTemple_purple","Umbrella_purple","StateErode_purple"],"picked":"WorldDissolvedintheRealm_purple","floor":11},{"not_picked":["Line_surface_state_purple","WeekHit_purple","EighthInstrument_OneDividesIntoTwo_purple","RuptureOfTimeAndSpace_purple"],"picked":"StretchesForeverDream_purple","floor":12},{"not_picked":["Yakumo_Ran_purple","ExistenceContinue_purple","StateDuplicate_purple","Line_surface_state_purple"],"picked":"Shallow_ocean_purpleEX","floor":14},{"not_picked":["UniverseChoice_purple","Know_ledgeAbilityRealm_purple","D_absorption_purple","WasteWire_Metro_purple"],"picked":"ProofOfUnderstanding_purple","floor":16},{"not_picked":["SharpContractionReality_purple","ExistenceContinue_purple+1","OmniscientAndOmnipotent_Monster_purple","WatchEChange_purple"],"picked":"MeetDecomposer_purple","floor":18},{"not_picked":["SfantasyHide_purple","OmniscientAndOmnipotent_Monster_purple+1","RuleDissolution_purple","PositiveMatter_Antimatter_Universe_purple"],"picked":"MonsterNeedle_purple+1","floor":19},{"not_picked":["Shallow_ocean_purpleEX","ExistenceContinue_purple","Anti_communist_purple+1","Realm_recovery_purpleEX"],"picked":"SfantasyHide_purple+1","floor":20},{"not_picked":["Boundary_DynamicStaticEquilibrium_purple+1","RealityDreamConfluencek_purple+1","Nest_LightFlightworm_purple+1","Fantasy_PerpetualMotionMachine_purple"],"picked":"Bait_HighSpeedFlying_purple","floor":22},{"not_picked":["Line_surface_state_purple","Mirror_FormAndEmptin_purple","MagicEyes_LaplaceDemon_purple","ExternalForce_HighSpeedFlying_purple+1"],"picked":"Erosivefilter_purple+1","floor":23},{"not_picked":["Gensokyo:MonkeysPaw","Gensokyo:Apocalypse","Gensokyo:MenInBlack","Gensokyo:SevenSchoolMysteries"],"picked":"Gensokyo:RedCapeBlueCape","floor":24},{"not_picked":["WangLiang_LineAndCurveDreams_purple","Fantasy_PerpetualMotionMachine_purple","SharpContractionReality_purple","Realm_recovery_purpleEX+1"],"picked":"MeetDecomposer_purple+1","floor":28},{"not_picked":["Fantasy_PerpetualMotionMachine_purple","ExternalForce_HighSpeedFlying_purple","DimensionStaggered_purple+1","SharpContractionReality_purple+1"],"picked":"Worldmountain_purple+1","floor":31},{"not_picked":["Human_Monster_Realm_purple","ContainerChange_purple","GluttonyofRealm_purpleEX","Know_ledgeAbilityRealm_purple"],"picked":"Monsters_DoubleDeathButterfly_purple","floor":33},{"not_picked":["Fantasy_PerpetualMotionMachine_purple","OmniscientAndOmnipotent_Monster_purple","SharpContractionReality_purple+1","Realm_recovery_purpleEX+1","ExternalForce_HighSpeedFlying_purple"],"picked":"SKIP","floor":35},{"not_picked":["Fantasy_PerpetualMotionMachine_purple+1","MeetDecomposer_purple","WasteWire_Metro_purple","Umbrella_purple","ExistenceContinue_purple+1"],"picked":"SKIP","floor":36},{"not_picked":["StateErode_purple+1","SfantasyHide_purple+1","WingOfChimera_purple+1","PositiveMatter_Antimatter_Universe_purple","Realm_recovery_purpleEX+1"],"picked":"SKIP","floor":38},{"not_picked":["Mirror_FormAndEmptin_purple+1","RuleDissolution_purple+1","DarkRealmRedLine_purple+1","DimensionStaggered_purple"],"picked":"MeetDecomposer_purple+1","floor":41},{"not_picked":["Worldmountain_purple","CommonSense_AntiCommonSense_purple+1","Line_surface_state_purple+1","Realm_recovery_purpleEX"],"picked":"ButterflyHabitatTemple_purple+1","floor":44},{"not_picked":["Boundary_DreamRealityDamnation_purple","Line_surface_state_purple+1","Anti_communist_purple+1","RuleDissolution_purple"],"picked":"Boundary_ObjectiveBoundary_purple","floor":45},{"not_picked":["Line_surface_state_purple+1","SharpContractionReality_purple","MetroBOOM_purple+1","Charmbait_purple+1","PositiveMatter_Antimatter_Universe_purple"],"picked":"SKIP","floor":46},{"not_picked":["WingOfChimera_purple+1","WasteWire_Metro_purple","Worldmountain_purple","OpenedBox_purple"],"picked":"AdvanceAttack_purple","floor":54}],"player_experience":194792,"relics_obtained":[{"floor":1,"key":"SynthV:TestCard"},{"floor":7,"key":"reliquary:PartyBalloon"},{"floor":11,"key":"Gremlin Horn"},{"floor":23,"key":"Replay:Rubber Ducky"},{"floor":26,"key":"ThegodofHakurei_purpleEX"},{"floor":28,"key":"reliquary:QuartzCube"},{"floor":33,"key":"Gensokyo:MosesMiracle"},{"floor":43,"key":"Ginger"},{"floor":54,"key":"conspire:Dentures"}],"event_choices":[{"damage_healed":0,"gold_gain":400,"player_choice":"Sell","damage_taken":0,"max_hp_gain":0,"max_hp_loss":0,"event_name":"恩洛斯的盘子","floor":3,"relics_lost":["testmod-TestBox"],"gold_loss":0}],"is_beta":false,"boss_relics":[{"not_picked":["Sozu","Replay:Bronze Core"],"picked":"testmod-Temperance"},{"not_picked":["ReplayTheSpireMod:DimensionalGlitch","SacredBark"],"picked":"JellyFishMachine"}],"items_purged_floors":[2,48],"is_endless":false,"potions_floor_spawned":[1,7,16,18,19,28,31,41,44],"ascension_level":0}}