{"host":"1ftto2vaskemldx8","time":1613243241,"event":{"mods":["BaseMod","Minty Spire (QoL Compilation)","Replay The Spire","StSLib","Together in Spire","[功能]功能增强和修复MOD"],"gold_per_floor":[114,3,18,33,16,16,31,61,86,116,116,3,33,3,3,103,103,118,118,1,1,16,46,6,6,6,6,6,46,0,35,35,160,160,175,190,55,70,30,60,75,105,105,135,135,190,190,220,220,220],"floor_reached":51,"language":"ZHS","playtime":5674,"items_purged":["Cleave"],"score":1440,"play_id":"576154fd-bdf8-4294-8610-0ff86281c547","local_time":"20210214030721","daily_mods":["SealedDeck","Colorless Cards","Elite Swarm"],"is_ascension_mode":false,"campfire_choices":[{"data":"Infernal Blade","floor":6,"key":"SMITH"},{"data":"Transmutation","floor":25,"key":"SMITH"},{"data":"Specialist","floor":27,"key":"SMITH"},{"data":"Panache","floor":32,"key":"SMITH"},{"data":"Exhume","floor":47,"key":"SMITH"},{"floor":49,"key":"DIG"}],"circlet_count":0,"master_deck":["Thunderclap","Flex","ReplayTheSpireMod:Stacked","Flash of Steel","Flex+1","Replay:Undeath\u0027s Touch","Spot Weakness","Flex","Dramatic Entrance","Sadistic Nature","Inflame","Infernal Blade+1","Dramatic Entrance","Flex+1","Warcry+1","Replay:Undeath\u0027s Touch","Midas Touch","Midas Touch","Bandage Up","Havoc","Transmutation+1","Deep Breath","Offering","Specialist+1","Blind+1","Panache+1","ReplayTheSpireMod:Strike From Hell","Secret Technique","Feel No Pain","Sadistic Nature","Limit Break","Abandon+1","Anger+1","Replay:Undeath\u0027s Touch","Sadistic Nature","Master of Strategy","ReplayTheSpireMod:Private Reserves","ReplayTheSpireMod:Uncanny Aura","Jack Of All Trades","Intimidate","Exhume+1","Body Slam+1","Thunderclap","ReplayTheSpireMod:Necrogeddon","Apotheosis+1","Looming Evil","Chrysalis+1","Metamorphosis+1","Impervious+1"],"relics":["Burning Blood","Dead Branch","Incense Burner","Bronze Scales","Regal Pillow","Onion Ring","Toolbox","Pen Nib","Chemical X","Electric Blood","Mummified Hand","Eternal Feather","InkBottle","Anchor","Brimstone","Akabeko","FossilizedHelix","War Paint","Tiny Chest","Cursed Key","Thread and Needle","ReplayTheSpireMod:ShopPack","Replay:Wax Seal","Orrery","Toxic Egg 2","Singing Bowl","Replay:Towering Pillar of Hats","Pear","Ring of Hypnosis","Lantern","Potion Belt","Kunai"],"acts_visited":["Exordium","TheCity","TheBeyond"],"potions_floor_usage":[7,8,8,16,16,16,16,29,29,31,31,33,40,42,50,50,50,50,50],"damage_taken":[{"damage":11,"enemies":"Jaw Worm","floor":1,"turns":2},{"damage":0,"enemies":"Cultist","floor":3,"turns":2},{"damage":0,"enemies":"Small Slimes","floor":4,"turns":1},{"damage":0,"enemies":"Exordium Wildlife","floor":7,"turns":1},{"damage":12,"enemies":"Lagavulin","floor":8,"turns":2},{"damage":9,"enemies":"Gremlin Nob","floor":10,"turns":1},{"damage":0,"enemies":"Lagavulin","floor":13,"turns":1},{"damage":6,"enemies":"Fading Forest","floor":16,"turns":8},{"damage":6,"enemies":"Spheric Guardian","floor":18,"turns":1},{"damage":2,"enemies":"3 Byrds","floor":22,"turns":1},{"damage":7,"enemies":"Slavers","floor":23,"turns":1},{"damage":3,"enemies":"Book of Stabbing","floor":29,"turns":2},{"damage":1,"enemies":"Gremlin Leader","floor":31,"turns":1},{"damage":2,"enemies":"Champ","floor":33,"turns":2},{"damage":4,"enemies":"Orb Walker","floor":35,"turns":2},{"damage":0,"enemies":"3 Darklings","floor":36,"turns":1},{"damage":4,"enemies":"Spire Growth","floor":38,"turns":1},{"damage":1,"enemies":"R_Hoarder","floor":40,"turns":3},{"damage":4,"enemies":"4 Shapes","floor":41,"turns":1},{"damage":0,"enemies":"Giant Head","floor":42,"turns":1},{"damage":7,"enemies":"R_Hoarder","floor":44,"turns":2},{"damage":0,"enemies":"Nemesis","floor":46,"turns":1},{"damage":17,"enemies":"Giant Head","floor":48,"turns":2},{"damage":12,"enemies":"Donu and Deca","floor":50,"turns":3}],"seed_played":"6099103822572544471","potions_obtained":[{"floor":1,"key":"BlessingOfTheForge"},{"floor":3,"key":"Dexterity Potion"},{"floor":3,"key":"Milkshake"},{"floor":4,"key":"Death Potion"},{"floor":8,"key":"Block Potion"},{"floor":10,"key":"Reflective Coating"},{"floor":13,"key":"Swift Potion"},{"floor":16,"key":"Elixir"},{"floor":22,"key":"AttackPotion"},{"floor":22,"key":"Energy Potion"},{"floor":23,"key":"PowerPotion"},{"floor":29,"key":"Ancient Potion"},{"floor":31,"key":"Swift Potion"},{"floor":33,"key":"HeartOfIron"},{"floor":36,"key":"GamblersBrew"},{"floor":38,"key":"FearPotion"},{"floor":40,"key":"Ancient Potion"},{"floor":46,"key":"HeartOfIron"},{"floor":48,"key":"Adrenaline Potion"}],"is_trial":false,"path_per_floor":["M","$","M","M","$","R","M","E","T","E","?","$","E","$","R","B",null,"M","?","$","T","M","E","$","R","T","R","$","E","$","E","R","B",null,"M","M","$","M","$","E","M","E","T","E","?","E","R","E","R","B",null],"character_chosen":"IRONCLAD","items_purchased":["Dead Branch","Sadistic Nature","Inflame","Flex","Warcry+1","Onion Ring","Toolbox","Bandage Up","Havoc","Chemical X","Mummified Hand","Eternal Feather","Blind","Brimstone","ReplayTheSpireMod:Strike From Hell","Feel No Pain","War Paint","Thread and Needle","ReplayTheSpireMod:ShopPack","Replay:Undeath\u0027s Touch","Sadistic Nature","Replay:Wax Seal","Orrery"],"campfire_rested":0,"item_purchase_floors":[2,2,2,5,5,12,12,12,12,14,20,20,20,24,24,30,30,37,37,37,37,39,39],"current_hp_per_floor":[75,75,80,80,80,80,80,74,74,71,71,71,77,77,77,80,80,80,72,72,72,80,79,79,80,80,80,80,80,80,80,80,80,80,80,80,80,80,80,80,80,80,80,89,89,90,90,85,90,84],"gold":220,"neow_bonus":"","is_daily":true,"chose_seed":false,"campfire_upgraded":5,"win_rate":0.0,"timestamp":1613243241,"path_taken":["M","$","M","M","$","R","M","E","T","E","?","$","E","$","R","BOSS","M","?","$","?","?","E","$","R","T","R","$","E","$","E","R","BOSS","M","M","$","?","$","E","M","E","T","E","?","E","R","E","R","BOSS"],"items_purchased_type":["Relic","Card","Card","Card","Card","Relic","Relic","Card","Card","Relic","Relic","Relic","Card","Relic","Card","Card","Relic","Relic","Relic","Card","Card","Relic","Relic"],"build_version":"2020-12-22","purchased_purges":1,"victory":true,"max_hp_per_floor":[80,80,80,80,80,80,80,80,80,80,80,80,80,80,80,80,80,80,80,80,80,80,80,80,80,80,80,80,80,80,80,80,80,80,80,80,80,80,80,80,80,80,80,90,90,90,90,90,90,90],"card_choices":[{"not_picked":["Panacea","Evolve"],"picked":"Dramatic Entrance","floor":1},{"not_picked":["Perfected Strike","Replay:Parry"],"picked":"Infernal Blade","floor":3},{"not_picked":["Sword Boomerang","Warcry"],"picked":"Dramatic Entrance","floor":4},{"not_picked":["Anger","Flex"],"picked":"Replay:Undeath\u0027s Touch","floor":7},{"not_picked":["Demonic Infusion","Exhume"],"picked":"Midas Touch","floor":8},{"not_picked":["Limit Break","Mayhem"],"picked":"Midas Touch","floor":10},{"not_picked":["Exhume","Bludgeon"],"picked":"Transmutation","floor":13},{"not_picked":["Secret Weapon","Exhume"],"picked":"Offering","floor":16},{"not_picked":["Run Through","Perfected Strike"],"picked":"Specialist","floor":18},{"not_picked":["Cleave","ReplayTheSpireMod:LeadingStrike","Sword Boomerang"],"picked":"SKIP","floor":22},{"not_picked":["Replay:Many Hands","Fiend Fire"],"picked":"Panache","floor":23},{"not_picked":["Hemogenesis","Demonic Infusion"],"picked":"Secret Technique","floor":29},{"not_picked":["Eclipse","Hemogenesis"],"picked":"Sadistic Nature","floor":31},{"not_picked":["Magnetism","ReplayTheSpireMod:Brewmster"],"picked":"Limit Break","floor":33},{"not_picked":["Wild Strike+1","Clash"],"picked":"Abandon+1","floor":35},{"not_picked":["Flash of Steel+1","Battle Trance"],"picked":"Anger+1","floor":36},{"not_picked":["Poisoned Strike","ReplayUltimateDefense"],"picked":"Master of Strategy","floor":37},{"not_picked":["Mind Blast","Jack Of All Trades"],"picked":"ReplayTheSpireMod:Private Reserves","floor":37},{"not_picked":["Impatience","Forethought"],"picked":"ReplayTheSpireMod:Uncanny Aura","floor":37},{"not_picked":["Iron Wave+1","Heavy Blade+1","Perfected Strike"],"picked":"SKIP","floor":38},{"not_picked":["ReplayTheSpireMod:Muscle Training","ReplayTheSpireMod:LeadingStrike+1"],"picked":"Jack Of All Trades","floor":39},{"not_picked":["Wild Strike+1","Clash"],"picked":"Intimidate","floor":39},{"not_picked":["Sword Boomerang+1","HandOfGreedLower"],"picked":"Exhume","floor":39},{"not_picked":["Shrug It Off+1","Sword Boomerang+1"],"picked":"Body Slam+1","floor":39},{"not_picked":["Shrug It Off+1","Twin Strike"],"picked":"Thunderclap","floor":39},{"not_picked":["HandOfGreed","Fiend Fire"],"picked":"ReplayTheSpireMod:Necrogeddon","floor":40},{"not_picked":["Power Through+1","Armaments+1","Headbutt"],"picked":"SKIP","floor":41},{"not_picked":["Magnetism","Reaper"],"picked":"Apotheosis+1","floor":42},{"not_picked":["Fiend Fire","HandOfGreed"],"picked":"Chrysalis+1","floor":44},{"not_picked":["Violence+1","ReplayTheSpireMod:Necrogeddon"],"picked":"Metamorphosis+1","floor":46},{"not_picked":["The Bomb+1","Crow Ritual"],"picked":"Impervious+1","floor":48}],"player_experience":47954,"relics_obtained":[{"floor":8,"key":"Incense Burner"},{"floor":9,"key":"Bronze Scales"},{"floor":10,"key":"Regal Pillow"},{"floor":13,"key":"Pen Nib"},{"floor":21,"key":"InkBottle"},{"floor":23,"key":"Anchor"},{"floor":26,"key":"Akabeko"},{"floor":29,"key":"FossilizedHelix"},{"floor":31,"key":"Tiny Chest"},{"floor":40,"key":"Toxic Egg 2"},{"floor":42,"key":"Singing Bowl"},{"floor":43,"key":"Replay:Towering Pillar of Hats"},{"floor":44,"key":"Pear"},{"floor":45,"key":"Ring of Hypnosis"},{"floor":46,"key":"Lantern"},{"floor":48,"key":"Potion Belt"},{"floor":49,"key":"Kunai"}],"event_choices":[{"damage_healed":0,"gold_gain":0,"player_choice":"Damaged","damage_taken":8,"max_hp_gain":0,"max_hp_loss":0,"event_name":"Wheel of Change","floor":19,"gold_loss":0}],"is_beta":false,"boss_relics":[{"not_picked":["Black Blood","Replay:Ancient Bell"],"picked":"Electric Blood"},{"not_picked":["Honey Jar","Coffee Dripper"],"picked":"Cursed Key"}],"items_purged_floors":[12],"is_endless":false,"potions_floor_spawned":[1,3,3,4,8,10,13,13,13,16,22,22,23,23,23,29,31,33,36,38,38,40,40,40,41,46,46,46,48],"ascension_level":0}}