{"host":"dpbezu80jg8zk7un","time":1613239444,"event":{"mods":["BaseMod","Colored Map","Colored Powertips","Custom Start","DeckTracker","Minty Spire (QoL Compilation)","Quick Restart","StSLib","SuperFastMode"],"gold_per_floor":[110,110,110,110,35,68,80,122,134,146,193,218,230,258,270,355,367,395,417,448,241,253,253,128,128,128,128,128,140,160,187,187,261,261,276,166,181,198,48,81,96,114,138,170,3,3,13,39,39,39,39,39,39,10,42,42],"floor_reached":57,"language":"KOR","playtime":1849,"items_purged":["Strike_P","Defend_P","Strike_P","Eruption+1"],"score":3310,"play_id":"9af0d7fd-fc4f-4d71-8f17-1790be01dfee","local_time":"20210214030404","is_ascension_mode":true,"campfire_choices":[{"data":"CrushJoints","floor":7,"key":"SMITH"},{"data":"Scrawl","floor":10,"key":"SMITH"},{"data":"WheelKick","floor":13,"key":"SMITH"},{"data":"1","floor":15,"key":"LIFT"},{"data":"Scrawl","floor":23,"key":"SMITH"},{"data":"MentalFortress","floor":25,"key":"SMITH"},{"data":"2","floor":27,"key":"LIFT"},{"data":"3","floor":32,"key":"LIFT"},{"floor":49,"key":"RECALL"},{"data":"FearNoEvil","floor":53,"key":"SMITH"}],"circlet_count":0,"master_deck":["AscendersBane","Vigilance+1","CrushJoints+1","Scrawl+1","WheelKick+1","FearNoEvil+1","Scrawl+1","Halt","MentalFortress+1","Tantrum+1","InnerPeace","Vault+1"],"relics":["PureWater","NeowsBlessing","MawBank","Girya","Gambling Chip","Bird Faced Urn","Empty Cage","Incense Burner","CaptainsWheel","VioletLotus","Bronze Scales","Centennial Puzzle","Membership Card","Blue Candle","Pocketwatch"],"acts_visited":["Exordium","TheCity","TheBeyond","TheEnding"],"potions_floor_usage":[18,50,56,56],"damage_taken":[{"damage":0,"enemies":"2 Louse","floor":1,"turns":2},{"damage":0,"enemies":"Gremlin Nob","floor":6,"turns":1},{"damage":0,"enemies":"Lagavulin","floor":8,"turns":1},{"damage":0,"enemies":"Gremlin Nob","floor":11,"turns":2},{"damage":0,"enemies":"Small Slimes","floor":12,"turns":2},{"damage":0,"enemies":"Jaw Worm","floor":14,"turns":2},{"damage":18,"enemies":"The Guardian","floor":16,"turns":8},{"damage":0,"enemies":"Chosen","floor":18,"turns":2},{"damage":0,"enemies":"Spheric Guardian","floor":19,"turns":1},{"damage":0,"enemies":"Snecko","floor":20,"turns":2},{"damage":2,"enemies":"Cultist and Chosen","floor":22,"turns":3},{"damage":0,"enemies":"Centurion and Healer","floor":29,"turns":2},{"damage":0,"enemies":"Sentry and Sphere","floor":30,"turns":2},{"damage":0,"enemies":"Gremlin Leader","floor":31,"turns":2},{"damage":0,"enemies":"Automaton","floor":33,"turns":6},{"damage":0,"enemies":"Orb Walker","floor":35,"turns":1},{"damage":0,"enemies":"3 Shapes","floor":37,"turns":1},{"damage":0,"enemies":"Spire Growth","floor":38,"turns":2},{"damage":0,"enemies":"Reptomancer","floor":40,"turns":1},{"damage":0,"enemies":"Transient","floor":41,"turns":6},{"damage":0,"enemies":"Sphere and 2 Shapes","floor":42,"turns":1},{"damage":0,"enemies":"Giant Head","floor":44,"turns":2},{"damage":0,"enemies":"Jaw Worm Horde","floor":47,"turns":1},{"damage":0,"enemies":"Reptomancer","floor":48,"turns":1},{"damage":29,"enemies":"Time Eater","floor":50,"turns":7},{"damage":6,"enemies":"Donu and Deca","floor":51,"turns":4},{"damage":0,"enemies":"Shield and Spear","floor":55,"turns":2},{"damage":40,"enemies":"The Heart","floor":56,"turns":6}],"seed_played":"-6060167177186248045","potions_obtained":[{"floor":1,"key":"GamblersBrew"},{"floor":12,"key":"Swift Potion"},{"floor":14,"key":"Fruit Juice"},{"floor":18,"key":"Weak Potion"},{"floor":30,"key":"FearPotion"},{"floor":35,"key":"StancePotion"}],"is_trial":false,"path_per_floor":["M","?","?","?","$","E","R","E","T","R","E","M","R","M","R","B",null,"M","M","M","$","M","R","$","R","T","R","?","M","M","E","R","B",null,"M","?","M","M","$","E","M","M","T","E","$","?","M","E","R","B","B",null,"R","$","E","B",null],"character_chosen":"WATCHER","items_purchased":["MentalFortress","Tantrum","Membership Card","Swift Potion"],"campfire_rested":0,"item_purchase_floors":[21,21,45,54],"current_hp_per_floor":[61,54,34,34,34,34,34,34,34,34,34,34,34,34,34,16,55,60,60,60,60,60,60,60,60,60,60,60,62,64,66,66,68,72,73,73,73,73,73,73,73,73,73,73,73,73,73,73,73,44,40,65,65,65,67,29],"gold":42,"neow_bonus":"THREE_ENEMY_KILL","is_daily":false,"chose_seed":false,"campfire_upgraded":6,"win_rate":0.0,"timestamp":1613239444,"path_taken":["M","?","?","?","$","E","R","E","T","R","E","M","R","?","R","BOSS","M","M","M","$","M","R","$","R","T","R","?","M","?","E","R","BOSS","M","?","M","M","$","E","M","M","T","E","?","?","M","E","R","BOSS","BOSS","R","$","E","BOSS"],"items_purchased_type":["Card","Card","Relic","Potion"],"build_version":"2020-12-22","purchased_purges":4,"victory":true,"max_hp_per_floor":[68,68,68,68,68,68,68,68,68,68,68,68,68,68,68,68,68,73,73,73,73,73,73,73,73,73,73,73,73,73,73,73,73,73,73,73,73,73,73,73,73,73,73,73,73,73,73,73,73,73,73,73,73,73,73,73],"card_choices":[{"not_picked":["Wallop","JustLucky"],"picked":"CrushJoints","floor":1},{"not_picked":["Protect","Nirvana"],"picked":"Scrawl","floor":6},{"not_picked":["Weave","JustLucky","Nirvana"],"picked":"SKIP","floor":8},{"not_picked":["JustLucky","Conclude"],"picked":"WheelKick","floor":11},{"not_picked":["EmptyBody","Evaluate"],"picked":"FearNoEvil","floor":12},{"not_picked":["Collect","ThirdEye","Prostrate"],"picked":"SKIP","floor":14},{"not_picked":["ConjureBlade","Establishment"],"picked":"Scrawl","floor":16},{"not_picked":["EmptyBody","CarveReality","JustLucky+1"],"picked":"SKIP","floor":18},{"not_picked":["BattleHymn","Halt","CarveReality"],"picked":"SKIP","floor":19},{"not_picked":["BattleHymn","CarveReality"],"picked":"Halt","floor":19},{"not_picked":["LikeWater","FollowUp+1","Conclude"],"picked":"SKIP","floor":20},{"not_picked":["Protect","Vengeance","BowlingBash"],"picked":"SKIP","floor":22},{"not_picked":["Protect","JustLucky"],"picked":"InnerPeace","floor":29},{"not_picked":["SignatureMove","ThirdEye","Swivel"],"picked":"SKIP","floor":30},{"not_picked":["Establishment","ClearTheMind","Halt"],"picked":"SKIP","floor":31},{"not_picked":["Judgement","Wish"],"picked":"Vault","floor":33},{"not_picked":["FollowUp","Protect","CarveReality"],"picked":"SKIP","floor":35},{"not_picked":["Prostrate","ClearTheMind","WindmillStrike"],"picked":"SKIP","floor":37},{"not_picked":["FlurryOfBlows","Vengeance","Nirvana+1"],"picked":"SKIP","floor":38},{"not_picked":["SignatureMove","Alpha","DeceiveReality+1"],"picked":"SKIP","floor":40},{"not_picked":["SandsOfTime","Halt","Nirvana"],"picked":"SKIP","floor":41},{"not_picked":["MentalFortress","TalkToTheHand","JustLucky"],"picked":"SKIP","floor":42},{"not_picked":["Protect","JustLucky","CrushJoints"],"picked":"SKIP","floor":44},{"not_picked":["Protect","JustLucky","CrushJoints"],"picked":"SKIP","floor":44},{"not_picked":["Prostrate","Omniscience","EmptyFist+1"],"picked":"SKIP","floor":47},{"not_picked":["Prostrate+1","JustLucky+1","Swivel"],"picked":"SKIP","floor":48},{"not_picked":["InnerPeace+1","PathToVictory","CrushJoints+1"],"picked":"SKIP","floor":55}],"player_experience":2964503,"relics_obtained":[{"floor":6,"key":"MawBank"},{"floor":8,"key":"Girya"},{"floor":9,"key":"Gambling Chip"},{"floor":11,"key":"Bird Faced Urn"},{"floor":26,"key":"Incense Burner"},{"floor":31,"key":"CaptainsWheel"},{"floor":40,"key":"Bronze Scales"},{"floor":44,"key":"Centennial Puzzle"},{"floor":48,"key":"Blue Candle"},{"floor":55,"key":"Pocketwatch"}],"event_choices":[{"cards_removed":["Defend_P"],"damage_healed":0,"gold_gain":0,"player_choice":"Card Removal","damage_taken":7,"max_hp_gain":0,"max_hp_loss":0,"event_name":"Golden Wing","floor":2,"gold_loss":0},{"damage_healed":0,"gold_gain":0,"player_choice":"Entered Light","damage_taken":20,"max_hp_gain":0,"max_hp_loss":0,"event_name":"Shining Light","floor":3,"gold_loss":0,"cards_upgraded":["Vigilance","Defend_P"]},{"damage_healed":0,"gold_gain":0,"player_choice":"Upgraded","damage_taken":0,"max_hp_gain":0,"max_hp_loss":0,"event_name":"Upgrade Shrine","floor":4,"gold_loss":0,"cards_upgraded":["Eruption"]},{"damage_healed":0,"gold_gain":0,"player_choice":"Upgraded","damage_taken":0,"max_hp_gain":0,"max_hp_loss":0,"event_name":"Upgrade Shrine","floor":28,"gold_loss":0,"cards_upgraded":["Tantrum"]},{"cards_removed":["Defend_P"],"damage_healed":0,"gold_gain":0,"player_choice":"Upgrade and Remove","damage_taken":0,"max_hp_gain":0,"max_hp_loss":0,"event_name":"Designer","floor":36,"gold_loss":110,"cards_upgraded":["Vault"]},{"cards_removed":["Defend_P"],"damage_healed":0,"gold_gain":0,"player_choice":"Purged","damage_taken":0,"max_hp_gain":0,"max_hp_loss":0,"event_name":"Purifier","floor":46,"gold_loss":0}],"is_beta":false,"boss_relics":[{"not_picked":["Fusion Hammer","Busted Crown"],"picked":"Empty Cage"},{"not_picked":["Cursed Key","SacredBark"],"picked":"VioletLotus"}],"items_purged_floors":[5,21,24,39],"is_endless":false,"potions_floor_spawned":[1,12,14,18,22,30,31,35,41,42,47,55],"ascension_level":20}}