{"host":"8ztb9kwpjc2zof9s","time":1613177169,"event":{"mods":["BaseMod","Block Reminder","Curses Come First","Minty Spire (QoL Compilation)","Relic Stats","StSLib"],"gold_per_floor":[51,151,190,36,71,119,119,164,188,188,226,226,263,293,293,394,394,430,255,305,215,215,215],"floor_reached":22,"language":"ENG","playtime":982,"items_purged":["Strike_G","Strike_G"],"score":301,"play_id":"5c7491b0-ec93-4675-8668-daeca7c75282","local_time":"20210212164609","is_ascension_mode":true,"campfire_choices":[{"floor":7,"key":"REST"},{"floor":10,"key":"REST"},{"floor":12,"key":"REST"},{"floor":15,"key":"REST"}],"circlet_count":0,"master_deck":["AscendersBane","Strike_G","Strike_G","Strike_G","Defend_G","Defend_G","Defend_G","Defend_G","Defend_G","Survivor","Neutralize","HandOfGreed","Quick Slash","Caltrops","Dodge and Roll","Noxious Fumes","Backflip","Blur","Cloak And Dagger","Backflip","Deadly Poison","Deadly Poison"],"relics":["Ring of the Snake","Oddly Smooth Stone","Centennial Puzzle","Vajra","HoveringKite"],"acts_visited":["Exordium","TheCity"],"potions_floor_usage":[8,16,18],"damage_taken":[{"damage":0,"enemies":"Small Slimes","floor":1,"turns":3},{"damage":9,"enemies":"Cultist","floor":3,"turns":6},{"damage":0,"enemies":"Jaw Worm","floor":5,"turns":4},{"damage":44,"enemies":"3 Sentries","floor":6,"turns":14},{"damage":30,"enemies":"Lagavulin","floor":8,"turns":13},{"damage":4,"enemies":"3 Louse","floor":11,"turns":4},{"damage":0,"enemies":"Blue Slaver","floor":13,"turns":6},{"damage":2,"enemies":"Red Slaver","floor":14,"turns":4},{"damage":31,"enemies":"The Guardian","floor":16,"turns":16},{"damage":29,"enemies":"Spheric Guardian","floor":18,"turns":7},{"damage":23,"enemies":"2 Thieves","floor":21,"turns":5},{"damage":13,"enemies":"Snake Plant","floor":22,"turns":3}],"seed_played":"-3953387365638835250","potions_obtained":[{"floor":1,"key":"SteroidPotion"},{"floor":5,"key":"Weak Potion"},{"floor":11,"key":"SpeedPotion"}],"is_trial":false,"path_per_floor":["M","?","M","$","M","E","R","E","T","R","M","R","M","M","R","B",null,"M","$","?","M","M"],"character_chosen":"THE_SILENT","items_purchased":["Caltrops","Backflip","Deadly Poison"],"campfire_rested":4,"item_purchase_floors":[4,19,19],"current_hp_per_floor":[63,63,54,54,54,10,31,1,1,22,18,39,39,37,58,27,59,30,30,30,7,0,0],"gold":215,"neow_bonus":"RANDOM_COLORLESS_2","is_daily":false,"chose_seed":false,"campfire_upgraded":0,"win_rate":0.0,"timestamp":1613177169,"path_taken":["M","?","M","$","M","E","R","E","T","R","M","R","M","M","R","BOSS","M","$","?","?","M"],"items_purchased_type":["Card","Card","Card"],"build_version":"2020-12-22","purchased_purges":2,"victory":false,"max_hp_per_floor":[70,70,70,70,70,70,70,70,70,70,70,70,70,70,70,70,70,70,70,70,70,70,70],"relic_stats":{"Centennial Puzzle":[18],"counters":[12,85],"HoveringKite":[3],"obtain_stats":[{"Centennial Puzzle":8,"Oddly Smooth Stone":6,"Vajra":9,"HoveringKite":17,"Ring of the Snake":0},{"Centennial Puzzle":5,"Oddly Smooth Stone":4,"Vajra":5,"HoveringKite":9,"Ring of the Snake":0},{"Centennial Puzzle":40,"Oddly Smooth Stone":27,"Vajra":40,"HoveringKite":70,"Ring of the Snake":0}],"Ring of the Snake":[24]},"card_choices":[{"not_picked":["Panache","Transmutation"],"picked":"HandOfGreed","floor":0},{"not_picked":["Skewer","Reflex","Acrobatics"],"picked":"SKIP","floor":1},{"not_picked":["Prepared","Flechettes"],"picked":"Quick Slash","floor":3},{"not_picked":["Flechettes","Outmaneuver"],"picked":"Dodge and Roll","floor":5},{"not_picked":["Backstab","Dagger Spray","Quick Slash"],"picked":"SKIP","floor":6},{"not_picked":["Riddle With Holes","Storm of Steel"],"picked":"Noxious Fumes","floor":8},{"not_picked":["Bane","Dodge and Roll"],"picked":"Backflip","floor":11},{"not_picked":["Riddle With Holes","Prepared"],"picked":"Blur","floor":13},{"not_picked":["Well Laid Plans","Eviscerate"],"picked":"Cloak And Dagger","floor":14},{"not_picked":["Acrobatics","Sucker Punch","Underhanded Strike+1"],"picked":"SKIP","floor":18},{"not_picked":["Bane","Backstab"],"picked":"Deadly Poison","floor":21}],"player_experience":298044,"relics_obtained":[{"floor":6,"key":"Oddly Smooth Stone"},{"floor":8,"key":"Centennial Puzzle"},{"floor":9,"key":"Vajra"}],"event_choices":[{"damage_healed":0,"gold_gain":100,"player_choice":"Pray","damage_taken":0,"max_hp_gain":0,"max_hp_loss":0,"event_name":"Golden Shrine","floor":2,"gold_loss":0},{"damage_healed":0,"gold_gain":100,"player_choice":"Bet on Murderer","damage_taken":0,"max_hp_gain":0,"max_hp_loss":0,"event_name":"The Joust","floor":20,"gold_loss":50}],"is_beta":false,"boss_relics":[{"not_picked":["Runic Pyramid","Runic Dome"],"picked":"HoveringKite"}],"items_purged_floors":[4,19],"is_endless":false,"potions_floor_spawned":[1,5,6,11],"killed_by":"Snake Plant","ascension_level":11}}