{"host":"gn5np1e2857ww9ha","time":1613211094,"event":{"mods":["AchievementEnabler","Act Like it!","Aspiration","Astrologer","BaseMod","Better Altar","Better Match","Better Note","Better Sensory Stone","Better Skull","Better Third Choice","BetterRewards","Block Reminder","CCEM2","CapriCore","Colored Map","Conspire","DeckTracker","Downfall","Elementarium","Energized Spire","Gensokyo","GungeonMod","Halation","Hallownest","Hermit","Hubris","Infinite Spire","Jedi Mod","JesterMod","Jorbs\u0027s Wanderer Trilogy","Marisa????????","Mimic Mod","Minty Spire (QoL Compilation)","Pale of the Ancients","Quick Restart","RNG Fix","Rare Cards Sparkle","Replay The Spire","StSLib","The Bug Knight","The Construct","The Hierophant","The Immortal","The Jungle","The Saiyan","The Senshi","The Wild Card"],"gold_per_floor":[99,199,219,239,252,280,335,346,376,113,113,148,148,248,268,364,364,364,374,394,394,344,344,370,386,386,414,430,430,430],"floor_reached":29,"language":"ENG","playtime":1410,"items_purged":[],"score":288,"play_id":"41f87af1-e1af-4071-963d-31476f6fb082","local_time":"20210213041134","is_ascension_mode":false,"campfire_choices":[{"floor":1,"key":"RECALL"},{"floor":11,"key":"REST"},{"floor":13,"key":"REST"},{"data":"Survivor","floor":18,"key":"SMITH"},{"data":"Trip","floor":23,"key":"SMITH"}],"circlet_count":0,"master_deck":["Strike_G","Strike_G+1","Strike_G+1","Strike_G","Strike_G","Defend_G","Defend_G","Defend_G","Defend_G","Defend_G","Survivor+1","Neutralize+1","jedi:pocketpoison","jedi:unstablefumes","Crippling Poison","Dodge and Roll","Flying Knee","Burst","Backstab+1","jedi:pocketpoison","Toxin Wave","Trip+1","jedi:unstablefumes","jedi:pocketpoison","Blade Dance","Envenom","Noxious Fumes","Poisoned Stab+1","Poisoned Stab","Slice+1","Envenom","jedi:pocketpoison"],"relics":["Ring of the Snake","Replay:Bottled Snecko","Whetstone","conspire:GiftBox","Membership Card","CCEMRelics:FakeTeeth","hubris:VirtuousBlindfold","DemoMod:MonsterBlood"],"acts_visited":["Exordium","TheCity"],"potions_floor_usage":[9,16,27,27,27],"damage_taken":[{"damage":0,"enemies":"Jaw Worm","floor":3,"turns":6},{"damage":0,"enemies":"Cultist","floor":4,"turns":4},{"damage":0,"enemies":"2 Louse","floor":5,"turns":4},{"damage":11,"enemies":"Lagavulin","floor":6,"turns":7},{"damage":14,"enemies":"Exordium Thugs","floor":8,"turns":3},{"damage":32,"enemies":"3 Sentries","floor":9,"turns":10},{"damage":0,"enemies":"downfall:FleeingMerchant","floor":10,"turns":4},{"damage":15,"enemies":"Gremlin Nob","floor":12,"turns":3},{"damage":10,"enemies":"Large Slime","floor":15,"turns":5},{"damage":13,"enemies":"IC_STATUS_ARCHETYPE","floor":16,"turns":6},{"damage":4,"enemies":"Chosen","floor":19,"turns":4},{"damage":10,"enemies":"Spheric Guardian","floor":20,"turns":4},{"damage":24,"enemies":"Shelled Parasite and Fungi","floor":25,"turns":5},{"damage":34,"enemies":"Book of Stabbing","floor":27,"turns":5},{"damage":20,"enemies":"Snake Plant","floor":28,"turns":4},{"damage":5,"enemies":"Slavers","floor":29,"turns":1}],"seed_played":"-2915868608888204648","potions_obtained":[{"floor":5,"key":"Languid Potion"},{"floor":6,"key":"Energy Potion"},{"floor":15,"key":"Adrenaline Potion"},{"floor":16,"key":"jedi:tentaclejuice"},{"floor":20,"key":"Regen Potion"},{"floor":27,"key":"construct:ShiftPotion"}],"is_trial":false,"path_per_floor":["R","?","M","M","M","E","T","M","E","$","R","E","R","?","M","B",null,"R","M","M","?","?","R","T","M","?","E","M","E"],"character_chosen":"THE_SILENT","items_purchased":["Membership Card","Toxin Wave","Trip","jedi:unstablefumes"],"campfire_rested":2,"item_purchase_floors":[10,10,10,10],"current_hp_per_floor":[70,70,70,70,70,59,59,45,13,13,34,19,40,40,30,17,70,70,66,56,56,70,70,70,46,46,24,4,0,0],"gold":430,"neow_bonus":"UPGRADE_CARD","is_daily":false,"chose_seed":false,"campfire_upgraded":2,"win_rate":0.0,"timestamp":1613211094,"path_taken":["R","?","M","M","M","E","T","?","E","$","R","E","R","?","M","BOSS","R","M","M","?","?","R","T","M","?","E","M","E"],"items_purchased_type":["Relic","Card","Card","Card"],"build_version":"2020-12-22","purchased_purges":0,"victory":false,"max_hp_per_floor":[70,70,70,70,70,70,70,70,70,70,70,70,70,70,70,70,70,70,70,70,70,70,70,70,70,70,77,77,77,77],"card_choices":[{"not_picked":["Backflip","Quick Slash"],"picked":"jedi:pocketpoison","floor":3},{"not_picked":["Heel Hook","jedi:pocketpoison"],"picked":"jedi:unstablefumes","floor":4},{"not_picked":["Infinite Blades","hubris:SlightOfHand"],"picked":"Crippling Poison","floor":5},{"not_picked":["jedi:acidrain","Malaise"],"picked":"Dodge and Roll","floor":6},{"not_picked":["Sucker Punch","Quick Slash"],"picked":"Flying Knee","floor":8},{"not_picked":["Corpse Explosion","aspiration:Lunge"],"picked":"Burst","floor":9},{"not_picked":["conspire:PoisonWeapons","ReplayTheSpireMod:Exploit Weakness"],"picked":"Backstab","floor":9},{"not_picked":["Reflex","Phantasmal Killer"],"picked":"jedi:pocketpoison","floor":10},{"not_picked":["jedi:collectorvenom","Infinite Blades"],"picked":"jedi:pocketpoison","floor":12},{"not_picked":["Sucker Punch","Leg Sweep"],"picked":"Blade Dance","floor":15},{"not_picked":["jedi:studyshivs","Phantasmal Killer"],"picked":"Envenom","floor":16},{"not_picked":["Dagger Throw+1","Escape Plan"],"picked":"Noxious Fumes","floor":19},{"not_picked":["Prepared","Distraction"],"picked":"Poisoned Stab+1","floor":20},{"not_picked":["Dagger Spray","Dagger Throw"],"picked":"Slice+1","floor":25},{"not_picked":["Phantasmal Killer","Dagger Spray+1"],"picked":"Envenom","floor":27},{"not_picked":["hubris:SlightOfHand","Riddle With Holes"],"picked":"jedi:pocketpoison","floor":28}],"player_experience":40124,"relics_obtained":[{"floor":6,"key":"Replay:Bottled Snecko"},{"floor":7,"key":"Whetstone"},{"floor":9,"key":"conspire:GiftBox"},{"floor":12,"key":"CCEMRelics:FakeTeeth"},{"floor":27,"key":"DemoMod:MonsterBlood"}],"event_choices":[{"cards_removed":["jedi:pocketpoison"],"damage_healed":0,"gold_gain":0,"player_choice":"Take \u0026 Give","damage_taken":0,"max_hp_gain":0,"max_hp_loss":0,"event_name":"betterNote:BetterNote","floor":21,"gold_loss":0,"cards_obtained":["Poisoned Stab"]},{"damage_healed":0,"gold_gain":0,"player_choice":"Forge","damage_taken":0,"max_hp_gain":0,"max_hp_loss":0,"event_name":"Accursed Blacksmith","floor":26,"gold_loss":0,"cards_upgraded":["Backstab"]}],"is_beta":false,"boss_relics":[{"not_picked":["energizedSpire:PogoStick","Coffee Dripper"],"picked":"hubris:VirtuousBlindfold"}],"items_purged_floors":[],"is_endless":false,"potions_floor_spawned":[5,6,15,16,20,27],"killed_by":"Slavers","ascension_level":0}}