{"host":"sc0o2qwpf9j16a4i","time":1613217712,"event":{"mods":["AchievementEnabler","BaseMod","BetterRewards","Block Reminder","Colored Map","Colored Powertips","Custom Start","Highlight Path","Minty Spire (QoL Compilation)","Relic Stats"],"gold_per_floor":[110,110,385,402,413,439,465,478,502,512,523,536,536,554,554,650,650,669,11,11,30,43,73,73,89,115,140,170,170,180,200,200,296,296,313,313,313,164,234,259,0,0,46,58,88,19,33,48,48,48],"floor_reached":51,"language":"ENG","playtime":2678,"items_purged":["Regret"],"score":1106,"play_id":"22b1f066-08d5-4adb-be9b-14dc792be6c2","local_time":"20210213140152","daily_mods":["Specialized","Diverse","DeadlyEvents"],"is_ascension_mode":false,"campfire_choices":[{"floor":15,"key":"REST"},{"data":"Blood for Blood","floor":24,"key":"SMITH"},{"data":"Envenom","floor":29,"key":"SMITH"},{"data":"Ghostly","floor":32,"key":"SMITH"},{"data":"Apotheosis","floor":42,"key":"SMITH"},{"data":"Ghostly","floor":49,"key":"SMITH"}],"circlet_count":0,"master_deck":["Strike_R","Strike_R","Strike_R","Strike_R","Strike_R","Defend_R","Defend_R","Defend_R","Defend_R","Bash","Protect","Protect","Protect","Protect","Protect","Conclude","Regret","Sweeping Beam","Blood for Blood+1","Whirlwind","Blood for Blood","Clothesline","Havoc","Poisoned Stab","Envenom+1","Recycle","Reaper","Skim","Wallop","Ghostly+1","Ghostly+1","Ghostly","Ghostly","Ghostly","Warcry","PiercingWail","Shockwave+1","Shrug It Off","Shockwave","Coolheaded","Backflip","Glass Knife","Discovery","Apotheosis+1","Purity","Worship","ThirdEye","Headbutt","FollowUp+1"],"relics":["Burning Blood","HornCleat","Bag of Marbles","Lantern","Pen Nib","Mark of Pain","TungstenRod","Medical Kit","Matryoshka","InkBottle","Happy Flower","StoneCalendar","Mummified Hand","Sozu","Akabeko","Dream Catcher","Pear","Strawberry","Blue Candle","Art of War","Ornamental Fan"],"acts_visited":["Exordium","TheCity","TheBeyond"],"potions_floor_usage":[7,16,16,23,23,33],"damage_taken":[{"damage":0,"enemies":"2 Louse","floor":1,"turns":4},{"damage":8,"enemies":"Cultist","floor":4,"turns":3},{"damage":9,"enemies":"Jaw Worm","floor":5,"turns":4},{"damage":58,"enemies":"Gremlin Nob","floor":6,"turns":7},{"damage":14,"enemies":"3 Sentries","floor":7,"turns":7},{"damage":0,"enemies":"2 Fungi Beasts","floor":8,"turns":1},{"damage":18,"enemies":"Exordium Wildlife","floor":10,"turns":6},{"damage":0,"enemies":"Blue Slaver","floor":11,"turns":1},{"damage":0,"enemies":"2 Fungi Beasts","floor":12,"turns":1},{"damage":12,"enemies":"Exordium Thugs","floor":14,"turns":3},{"damage":3,"enemies":"Slime Boss","floor":16,"turns":4},{"damage":20,"enemies":"2 Thieves","floor":18,"turns":3},{"damage":1,"enemies":"Spheric Guardian","floor":21,"turns":8},{"damage":6,"enemies":"Centurion and Healer","floor":22,"turns":11},{"damage":0,"enemies":"Book of Stabbing","floor":23,"turns":7},{"damage":0,"enemies":"Snake Plant","floor":25,"turns":4},{"damage":8,"enemies":"Gremlin Leader","floor":27,"turns":10},{"damage":0,"enemies":"Slavers","floor":28,"turns":5},{"damage":6,"enemies":"Sentry and Sphere","floor":30,"turns":7},{"damage":0,"enemies":"Centurion and Healer","floor":31,"turns":7},{"damage":14,"enemies":"Automaton","floor":33,"turns":14},{"damage":0,"enemies":"3 Darklings","floor":35,"turns":7},{"damage":0,"enemies":"Reptomancer","floor":40,"turns":7},{"damage":0,"enemies":"Orb Walker","floor":44,"turns":2},{"damage":0,"enemies":"Nemesis","floor":45,"turns":7},{"damage":0,"enemies":"Jaw Worm Horde","floor":47,"turns":2},{"damage":0,"enemies":"4 Shapes","floor":48,"turns":7},{"damage":12,"enemies":"Awakened One","floor":50,"turns":13}],"seed_played":"8119907456994143773","potions_obtained":[{"floor":5,"key":"PowerPotion"},{"floor":6,"key":"AttackPotion"},{"floor":8,"key":"Swift Potion"},{"floor":12,"key":"SteroidPotion"},{"floor":16,"key":"Fire Potion"},{"floor":28,"key":"Ancient Potion"},{"floor":31,"key":"DuplicationPotion"}],"is_trial":true,"path_per_floor":["M","?","?","M","M","E","E","M","T","M","M","M","?","M","R","B",null,"M","$","?","M","M","E","R","M","T","E","E","R","M","M","R","B",null,"M","?","?","$","T","E","$","R","T","M","E","$","M","M","R","B",null],"character_chosen":"IRONCLAD","items_purchased":["TungstenRod","Medical Kit","Wallop","PowerPotion","Akabeko","Blue Candle","ThirdEye","Headbutt"],"campfire_rested":1,"item_purchase_floors":[19,19,19,19,38,41,46,46],"current_hp_per_floor":[80,80,80,78,75,23,15,21,21,9,15,21,21,15,39,42,80,66,66,40,40,40,40,40,40,40,38,40,40,40,40,40,32,40,40,31,31,31,41,57,57,57,57,57,57,57,57,57,57,51],"gold":48,"neow_bonus":"","is_daily":false,"chose_seed":false,"campfire_upgraded":5,"win_rate":0.0,"timestamp":1613217712,"path_taken":["M","?","?","?","M","E","?","M","T","M","M","M","?","M","R","BOSS","M","$","?","M","M","E","R","?","T","?","E","R","M","M","R","BOSS","M","?","?","$","?","E","$","R","T","M","?","?","M","?","R","BOSS"],"items_purchased_type":["Relic","Relic","Card","Potion","Relic","Relic","Card","Card"],"build_version":"2020-12-22","purchased_purges":1,"victory":true,"max_hp_per_floor":[80,80,80,80,80,80,80,80,80,80,80,80,80,80,80,80,80,80,80,40,40,40,40,40,40,40,40,40,40,40,40,40,40,40,40,40,40,40,50,57,57,57,57,57,57,57,57,57,57,57],"relic_stats":{"Happy Flower":[29],"counters":[28,162],"Blue Candle":[2],"StoneCalendar":[356],"Pen Nib":[19],"Medical Kit":[27],"Burning Blood":93,"Sozu":3,"Dream Catcher":0,"Mummified Hand":[12],"Ornamental Fan":[8],"Art of War":[4],"obtain_stats":[{"Lantern":7,"Pear":39,"Happy Flower":26,"Blue Candle":41,"StoneCalendar":27,"Pen Nib":9,"Medical Kit":19,"Burning Blood":0,"Akabeko":38,"Sozu":34,"Dream Catcher":39,"HornCleat":2,"Matryoshka":23,"Mummified Hand":28,"Ornamental Fan":45,"Strawberry":40,"Mark of Pain":17,"Bag of Marbles":6,"Art of War":43,"TungstenRod":19,"InkBottle":26},{"Lantern":5,"Pear":22,"Happy Flower":16,"Blue Candle":23,"StoneCalendar":17,"Pen Nib":6,"Medical Kit":12,"Burning Blood":0,"Akabeko":22,"Sozu":21,"Dream Catcher":22,"HornCleat":1,"Matryoshka":15,"Mummified Hand":18,"Ornamental Fan":25,"Strawberry":23,"Mark of Pain":11,"Bag of Marbles":4,"Art of War":23,"TungstenRod":12,"InkBottle":16},{"Lantern":25,"Pear":124,"Happy Flower":74,"Blue Candle":131,"StoneCalendar":84,"Pen Nib":26,"Medical Kit":44,"Burning Blood":0,"Akabeko":124,"Sozu":117,"Dream Catcher":124,"HornCleat":4,"Matryoshka":70,"Mummified Hand":89,"Ornamental Fan":140,"Strawberry":131,"Mark of Pain":41,"Bag of Marbles":18,"Art of War":131,"TungstenRod":44,"InkBottle":74}],"TungstenRod":85,"InkBottle":[32]},"card_choices":[{"not_picked":["Slice","Eviscerate"],"picked":"Conclude","floor":1},{"not_picked":["Clash","WindmillStrike"],"picked":"Sweeping Beam","floor":4},{"not_picked":["Pray","SandsOfTime"],"picked":"Blood for Blood","floor":5},{"not_picked":["Offering","Seeing Red"],"picked":"Whirlwind","floor":6},{"not_picked":["Dagger Spray","Compile Driver"],"picked":"Blood for Blood","floor":7},{"not_picked":["Anger","True Grit"],"picked":"Clothesline","floor":8},{"not_picked":["Steam","Bane"],"picked":"Havoc","floor":10},{"not_picked":["Sweeping Beam","Wild Strike","Poisoned Stab"],"picked":"SKIP","floor":11},{"not_picked":["Sweeping Beam","Wild Strike"],"picked":"Poisoned Stab","floor":11},{"not_picked":["Blade Dance","Beam Cell"],"picked":"Envenom","floor":12},{"not_picked":["Skewer","Eviscerate"],"picked":"Recycle","floor":14},{"not_picked":["Berserk","After Image"],"picked":"Reaper","floor":16},{"not_picked":["Ball Lightning","Well Laid Plans"],"picked":"Skim","floor":18},{"not_picked":["Poisoned Stab","Heatsinks"],"picked":"Warcry","floor":21},{"not_picked":["Halt","Reprogram"],"picked":"PiercingWail","floor":22},{"not_picked":["FlyingSleeves","Sucker Punch"],"picked":"Shockwave+1","floor":23},{"not_picked":["Doom and Gloom","Iron Wave"],"picked":"Shrug It Off","floor":25},{"not_picked":["Prepared","BootSequence"],"picked":"Shockwave","floor":27},{"not_picked":["Brutality","Rip and Tear","Predator+1"],"picked":"SKIP","floor":28},{"not_picked":["Fusion","Blizzard"],"picked":"Coolheaded","floor":30},{"not_picked":["Warcry","Tempest"],"picked":"Backflip","floor":31},{"not_picked":["Electrodynamics","Machine Learning"],"picked":"Glass Knife","floor":33},{"not_picked":["Rebound+1","Flex+1","Thunderclap+1"],"picked":"SKIP","floor":35},{"not_picked":["Jack Of All Trades","Magnetism"],"picked":"Discovery","floor":36},{"not_picked":["Finesse","Panacea"],"picked":"Apotheosis","floor":36},{"not_picked":["Panacea","Blind"],"picked":"Purity","floor":36},{"not_picked":["Dropkick+1","Storm+1","Ghostly Armor+1"],"picked":"SKIP","floor":40},{"not_picked":["Sever Soul+1","Armaments+1"],"picked":"Worship","floor":44},{"not_picked":["EmptyFist+1","Sunder","Outmaneuver+1"],"picked":"SKIP","floor":45},{"not_picked":["Cold Snap+1","Weave+1"],"picked":"FollowUp+1","floor":47},{"not_picked":["MentalFortress+1","Berserk","Twin Strike+1"],"picked":"SKIP","floor":48}],"player_experience":1391795,"relics_obtained":[{"floor":6,"key":"Bag of Marbles"},{"floor":7,"key":"Lantern"},{"floor":9,"key":"Pen Nib"},{"floor":23,"key":"Matryoshka"},{"floor":26,"key":"InkBottle"},{"floor":26,"key":"Happy Flower"},{"floor":27,"key":"StoneCalendar"},{"floor":28,"key":"Mummified Hand"},{"floor":39,"key":"Dream Catcher"},{"floor":39,"key":"Pear"},{"floor":40,"key":"Strawberry"},{"floor":43,"key":"Art of War"},{"floor":45,"key":"Ornamental Fan"}],"event_choices":[{"damage_healed":0,"gold_gain":0,"player_choice":"Box","damage_taken":0,"relics_obtained":["HornCleat"],"max_hp_gain":0,"max_hp_loss":0,"event_name":"Big Fish","floor":2,"gold_loss":0,"cards_obtained":["Regret"]},{"damage_healed":0,"gold_gain":275,"player_choice":"Desecrate","damage_taken":0,"max_hp_gain":0,"max_hp_loss":0,"event_name":"Golden Shrine","floor":3,"gold_loss":0,"cards_obtained":["Regret"]},{"damage_healed":0,"gold_gain":0,"player_choice":"Ignored","damage_taken":0,"max_hp_gain":0,"max_hp_loss":0,"event_name":"Liars Game","floor":13,"gold_loss":0},{"damage_healed":0,"gold_gain":0,"player_choice":"Became a Ghost","damage_taken":0,"max_hp_gain":0,"max_hp_loss":40,"event_name":"Ghosts","floor":20,"gold_loss":0,"cards_obtained":["Ghostly","Ghostly","Ghostly","Ghostly","Ghostly"]},{"damage_healed":0,"gold_gain":0,"player_choice":"Memory 3","damage_taken":10,"max_hp_gain":0,"max_hp_loss":0,"event_name":"SensoryStone","floor":36,"gold_loss":0},{"damage_healed":0,"gold_gain":0,"player_choice":"Ignored","damage_taken":0,"max_hp_gain":0,"max_hp_loss":0,"event_name":"Tomb of Lord Red Mask","floor":37,"gold_loss":0}],"is_beta":false,"boss_relics":[{"not_picked":["Philosopher\u0027s Stone","SlaversCollar"],"picked":"Mark of Pain"},{"not_picked":["Runic Pyramid","Tiny House"],"picked":"Sozu"}],"items_purged_floors":[19],"is_endless":false,"potions_floor_spawned":[5,6,8,12,16,22,28,31,40,44,45],"ascension_level":0}}