{"host":"a5lz0e76zb3fcwkm","time":1613195695,"event":{"mods":["AchievementEnabler","BaseMod","Colored Map","Colored Powertips","Minty Spire (QoL Compilation)","StSLib","SuperFastMode"],"gold_per_floor":[115,115,115,40,50,78,78,109,109,109,123,141,141,169,169,242,242,261,287,287,287,304,304,324,337,337,353,353,373,391,426,426,498,498,518,536,554,554,454,479,489,499,547,332,332,332,344,344,344,344,344,344,344,29,29,29],"floor_reached":55,"language":"KOR","playtime":1905,"items_purged":["Strike_B","Defend_B","Defend_B","Defend_B"],"score":1878,"play_id":"c74279f0-1d6f-4ece-bda7-abf9b84377bb","local_time":"20210213145455","is_ascension_mode":true,"campfire_choices":[{"data":"Barrage","floor":7.0,"key":"SMITH"},{"floor":10.0,"key":"REST"},{"data":"Dualcast","floor":13.0,"key":"SMITH"},{"data":"Zap","floor":15.0,"key":"SMITH"},{"data":"Sunder","floor":23.0,"key":"SMITH"},{"floor":32.0,"key":"REST"},{"data":"Storm","floor":46.0,"key":"SMITH"},{"floor":49.0,"key":"RECALL"},{"data":"Heatsinks","floor":53,"key":"SMITH"}],"circlet_count":0,"master_deck":["AscendersBane","Defend_B+1","Zap+1","Dualcast+1","Cold Snap+1","Barrage+1","Compile Driver","Ball Lightning","Cold Snap","Conserve Battery+1","Electrodynamics","Self Repair+1","Sunder+1","Creative AI","Storm+1","Glacier+1","Seek+1","Aggregate+1","Recycle+1","Creative AI","All For One+1","Coolheaded+1","Heatsinks+1","Meteor Strike"],"relics":["Cracked Core","NeowsBlessing","Toxic Egg 2","Nunchaku","Pantograph","Snecko Eye","Red Mask","Kunai","InkBottle","Sozu","Eternal Feather","Whetstone","Runic Capacitor"],"acts_visited":["Exordium","TheCity","TheBeyond","TheEnding"],"potions_floor_usage":[],"damage_taken":[{"damage":0.0,"enemies":"Cultist","floor":1.0,"turns":1.0},{"damage":0.0,"enemies":"Jaw Worm","floor":5.0,"turns":1.0},{"damage":0.0,"enemies":"Gremlin Nob","floor":6.0,"turns":1.0},{"damage":30.0,"enemies":"3 Sentries","floor":8.0,"turns":7.0},{"damage":6.0,"enemies":"Small Slimes","floor":11.0,"turns":2.0},{"damage":16.0,"enemies":"Exordium Wildlife","floor":12.0,"turns":2.0},{"damage":7.0,"enemies":"Gremlin Nob","floor":14.0,"turns":3.0},{"damage":27.0,"enemies":"Hexaghost","floor":16.0,"turns":10.0},{"damage":18.0,"enemies":"3 Byrds","floor":18.0,"turns":2.0},{"damage":12.0,"enemies":"Masked Bandits","floor":19.0,"turns":2.0},{"damage":6.0,"enemies":"Spheric Guardian","floor":22.0,"turns":3.0},{"damage":13.0,"enemies":"Centurion and Healer","floor":24.0,"turns":3.0},{"damage":6.0,"enemies":"3 Cultists","floor":25.0,"turns":3.0},{"damage":0.0,"enemies":"Chosen and Byrds","floor":27.0,"turns":3.0},{"damage":11.0,"enemies":"Sentry and Sphere","floor":29.0,"turns":4.0},{"damage":9.0,"enemies":"Snake Plant","floor":30.0,"turns":4.0},{"damage":58.0,"enemies":"Book of Stabbing","floor":31.0,"turns":7.0},{"damage":5.0,"enemies":"Automaton","floor":33.0,"turns":8.0},{"damage":2.0,"enemies":"3 Shapes","floor":35.0,"turns":2.0},{"damage":22.0,"enemies":"3 Darklings","floor":36.0,"turns":3.0},{"damage":18.0,"enemies":"Spire Growth","floor":37.0,"turns":4.0},{"damage":2.0,"enemies":"Reptomancer","floor":40.0,"turns":4.0},{"damage":1.0,"enemies":"Sphere and 2 Shapes","floor":41.0,"turns":3.0},{"damage":21.0,"enemies":"4 Shapes","floor":42.0,"turns":4.0},{"damage":2.0,"enemies":"Writhing Mass","floor":47.0,"turns":4.0},{"damage":25,"enemies":"Awakened One","floor":50,"turns":6},{"damage":50,"enemies":"Time Eater","floor":51,"turns":11},{"damage":77,"enemies":"Shield and Spear","floor":55,"turns":2}],"seed_played":"-7547147622287503725","potions_obtained":[{"floor":11.0,"key":"Strength Potion"},{"floor":14.0,"key":"FairyPotion"},{"floor":16.0,"key":"FearPotion"},{"floor":19.0,"key":"EssenceOfDarkness"},{"floor":30.0,"key":"Regen Potion"},{"floor":33.0,"key":"Dexterity Potion"}],"is_trial":false,"path_per_floor":["M","?","?","$","M","E","R","E","T","R","M","M","R","E","R","B",null,"M","?","?","?","M","R","M","M","T","M","?","M","M","E","R","B",null,"M","M","M","?","$","E","M","M","T","$","?","R","M","?","R","B","B",null,"R","$","E"],"character_chosen":"DEFECT","items_purchased":["Heatsinks","Runic Capacitor"],"campfire_rested":2,"item_purchase_floors":[44,54],"current_hp_per_floor":[64,43,48,48,48,48,48,18,18,40,34,18,18,11,11,9,59,41,29,29,29,23,23,20,24,24,34,34,23,24,4,26,56,71,69,47,39,39,39,47,46,35,35,35,35,47,55,55,70,61,36,66,76,76,0,0],"gold":29,"neow_bonus":"THREE_ENEMY_KILL","is_daily":false,"chose_seed":false,"campfire_upgraded":6,"win_rate":0.0,"timestamp":1613195695,"path_taken":["M","?","?","$","M","E","R","E","T","R","?","M","R","E","R","BOSS","M","?","?","?","M","R","?","M","T","M","?","M","?","E","R","BOSS","M","M","M","?","$","E","?","M","T","$","?","R","M","?","R","BOSS","BOSS","R","$","E"],"items_purchased_type":["Card","Relic"],"build_version":"2020-12-22","purchased_purges":4,"victory":false,"max_hp_per_floor":[71,71,76,76,76,76,76,76,76,76,76,76,76,76,76,76,76,76,76,76,76,76,76,76,76,76,76,76,76,76,76,76,76,76,76,76,76,76,76,76,76,76,76,76,76,76,76,76,76,76,76,76,76,76,76,76],"card_choices":[{"not_picked":["Redo","Barrage"],"picked":"Cold Snap","floor":1.0},{"not_picked":["Force Field","Stack"],"picked":"Barrage","floor":5.0},{"not_picked":["Sweeping Beam","Hello World"],"picked":"Compile Driver","floor":6.0},{"not_picked":["Thunder Strike","Gash"],"picked":"Ball Lightning","floor":8.0},{"not_picked":["Beam Cell","Heatsinks","Compile Driver"],"picked":"SKIP","floor":11.0},{"not_picked":["Beam Cell","BootSequence+1"],"picked":"Cold Snap","floor":12.0},{"not_picked":["Stack+1","Sweeping Beam"],"picked":"Conserve Battery+1","floor":14.0},{"not_picked":["Creative AI","Echo Form"],"picked":"Electrodynamics","floor":16.0},{"not_picked":["Stack+1","Turbo+1"],"picked":"Self Repair+1","floor":18.0},{"not_picked":["Streamline","Barrage"],"picked":"Sunder","floor":19.0},{"not_picked":["Turbo+1","Blizzard"],"picked":"Glacier+1","floor":22.0},{"not_picked":["Genetic Algorithm+1","Coolheaded+1"],"picked":"Seek+1","floor":24.0},{"not_picked":["FTL","Steam Power+1","Turbo+1"],"picked":"SKIP","floor":25.0},{"not_picked":["Steam+1","Barrage","Blizzard"],"picked":"SKIP","floor":27.0},{"not_picked":["Double Energy+1","Static Discharge"],"picked":"Recycle+1","floor":29.0},{"not_picked":["Gash+1","Conserve Battery+1","Turbo+1"],"picked":"SKIP","floor":30.0},{"not_picked":["Rebound","Beam Cell+1"],"picked":"Creative AI","floor":31.0},{"not_picked":["Biased Cognition","Rainbow+1"],"picked":"All For One","floor":33.0},{"not_picked":["Blizzard+1","Darkness+1"],"picked":"Coolheaded+1","floor":35.0},{"not_picked":["Leap+1","Steam Power+1","Coolheaded+1"],"picked":"SKIP","floor":36.0},{"not_picked":["Reprogram+1","Blizzard","Scrape"],"picked":"SKIP","floor":37.0},{"not_picked":["Turbo+1","Melter+1","Conserve Battery+1"],"picked":"SKIP","floor":40.0},{"not_picked":["Steam+1","Scrape","Go for the Eyes+1"],"picked":"SKIP","floor":41.0},{"not_picked":["Sunder","Beam Cell","Gash"],"picked":"SKIP","floor":42.0},{"not_picked":["Beam Cell","Sweeping Beam","Compile Driver+1"],"picked":"SKIP","floor":47.0}],"player_experience":1875342,"relics_obtained":[{"floor":6.0,"key":"Toxic Egg 2"},{"floor":8.0,"key":"Nunchaku"},{"floor":14.0,"key":"Pantograph"},{"floor":19.0,"key":"Red Mask"},{"floor":26.0,"key":"Kunai"},{"floor":31.0,"key":"InkBottle"},{"floor":40.0,"key":"Eternal Feather"},{"floor":43.0,"key":"Whetstone"}],"event_choices":[{"damage_healed":0.0,"max_hp_gain":0.0,"max_hp_loss":0.0,"gold_gain":0.0,"event_name":"Shining Light","player_choice":"Entered Light","floor":2.0,"gold_loss":0.0,"damage_taken":21.0,"cards_upgraded":["Strike_B","Defend_B"]},{"damage_healed":0.0,"max_hp_gain":5.0,"max_hp_loss":0.0,"gold_gain":0.0,"event_name":"Big Fish","player_choice":"Donut","floor":3.0,"gold_loss":0.0,"damage_taken":0.0},{"damage_healed":0.0,"max_hp_gain":0.0,"max_hp_loss":0.0,"gold_gain":0.0,"event_name":"Masked Bandits","player_choice":"Fought Bandits","floor":19.0,"gold_loss":0.0,"damage_taken":0.0},{"damage_healed":0.0,"max_hp_gain":0.0,"max_hp_loss":0.0,"gold_gain":0.0,"cards_transformed":["Strike_B","Strike_B"],"event_name":"Drug Dealer","player_choice":"Became Test Subject","floor":20.0,"gold_loss":0.0,"damage_taken":0.0,"cards_obtained":["Creative AI","Storm"]},{"damage_healed":0.0,"max_hp_gain":0.0,"max_hp_loss":0.0,"gold_gain":0.0,"event_name":"Ghosts","player_choice":"Ignored","floor":21.0,"gold_loss":0.0,"damage_taken":0.0},{"damage_healed":0.0,"max_hp_gain":0.0,"max_hp_loss":0.0,"gold_gain":0.0,"cards_transformed":["Strike_B"],"event_name":"Transmorgrifier","player_choice":"Transformed","floor":28.0,"gold_loss":0.0,"damage_taken":0.0,"cards_obtained":["Aggregate"]},{"damage_healed":0.0,"max_hp_gain":0.0,"max_hp_loss":0.0,"gold_gain":0.0,"event_name":"Match and Keep!","player_choice":"0 cards matched","floor":38.0,"gold_loss":0.0,"damage_taken":0.0,"cards_obtained":[]},{"damage_healed":0.0,"max_hp_gain":0.0,"max_hp_loss":0.0,"gold_gain":0.0,"event_name":"SensoryStone","player_choice":"Memory 1","floor":45.0,"gold_loss":0.0,"damage_taken":0.0},{"damage_healed":0.0,"max_hp_gain":0.0,"max_hp_loss":0.0,"gold_gain":0.0,"event_name":"Match and Keep!","player_choice":"1 cards matched","floor":48.0,"gold_loss":0.0,"damage_taken":0.0,"cards_obtained":["Meteor Strike"]}],"is_beta":false,"boss_relics":[{"not_picked":["Astrolabe","Black Star"],"picked":"Snecko Eye"},{"not_picked":["Calling Bell","FrozenCore"],"picked":"Sozu"}],"items_purged_floors":[4,39,44,54],"is_endless":false,"potions_floor_spawned":[11,14,16,19,22,24,30,33,37,40],"killed_by":"Shield and Spear","ascension_level":20}}