{"host":"y3tal5djvejpcno2","time":1613252968,"event":{"mods":["BaseMod","Colored Map","Colored Powertips","Hermit","Infinite Spire","Minty Spire (QoL Compilation)","Permanent Neow","Quick Restart","Relic Stats","Replay The Spire","SOS???????","StSLib","The Blue Laboratory","The Bug Knight","The Cursed","The Jungle","Wandering Minibosses"],"gold_per_floor":[123,123,88,125,154,195,195,195,195,255,14,14,14,51,51,51,51],"floor_reached":16,"language":"ENG","playtime":1910,"items_purged":[],"score":108,"play_id":"304d0a93-a8b7-405a-89cf-5a763e25aacc","local_time":"20210213194928","is_ascension_mode":false,"campfire_choices":[{"floor":7,"key":"REST"},{"data":"Replay:Fractal Strike","floor":12,"key":"SMITH"},{"floor":15,"key":"REST"}],"circlet_count":0,"master_deck":["Attack_a","Attack_a","Attack_b","Shoot","Shoot","Provocation","Defend_Dante","Defend_Dante","Defend_Dante","Defend_Dante","Redorb","Replay:Parry","Doubleshoot","Replay:Fractal Strike+1","EbonyIvory","Demonreform","Chargeshoot","Weaponchange","Rebellion"],"relics":["SSS","Combocheck","Bag of Preparation","PrismaticShard","Pear","Kunai","HandDrill"],"acts_visited":["Exordium"],"potions_floor_usage":[16],"damage_taken":[{"damage":12,"enemies":"Small Slimes","floor":1,"turns":4},{"damage":9,"enemies":"Jaw Worm","floor":4,"turns":4},{"damage":0,"enemies":"Cultist","floor":5,"turns":3},{"damage":52,"enemies":"3 Sentries","floor":6,"turns":11},{"damage":11,"enemies":"Replay:BlueRogue","floor":10,"turns":6},{"damage":15,"enemies":"3 Louse","floor":14,"turns":4},{"damage":58,"enemies":"Slime Boss","floor":16,"turns":8}],"seed_played":"7516476765125820927","potions_obtained":[{"floor":5,"key":"blueLaboratory:PhilterOfMotion"},{"floor":14,"key":"Languid Potion"}],"is_trial":false,"path_per_floor":["M","?","?","M","M","E","R","?","T","E","$","R","$","M","R","B"],"character_chosen":"DANTE","items_purchased":["HandDrill","Weaponchange","Rebellion"],"campfire_rested":2,"item_purchase_floors":[11,11,11],"current_hp_per_floor":[68,48,68,59,59,7,31,31,41,36,36,36,36,21,48,0,0],"gold":51,"neow_bonus":"RANDOM_COLORLESS","is_daily":false,"chose_seed":false,"campfire_upgraded":1,"win_rate":0.0,"timestamp":1613252968,"path_taken":["M","?","?","M","M","E","R","?","T","E","$","R","?","M","R","BOSS"],"items_purchased_type":["Relic","Card","Card"],"build_version":"2020-12-22","purchased_purges":0,"victory":false,"max_hp_per_floor":[80,80,80,80,80,80,80,80,90,90,90,90,90,90,90,90,90],"relic_stats":{"counters":[7,40],"Bag of Preparation":[6],"HandDrill":[0],"Kunai":[5],"obtain_stats":[{"SSS":0,"Pear":9,"Bag of Preparation":6,"HandDrill":11,"Kunai":10,"PrismaticShard":8,"Combocheck":0},{"SSS":0,"Pear":4,"Bag of Preparation":4,"HandDrill":5,"Kunai":5,"PrismaticShard":4,"Combocheck":0},{"SSS":0,"Pear":22,"Bag of Preparation":22,"HandDrill":28,"Kunai":28,"PrismaticShard":22,"Combocheck":0}]},"card_choices":[{"not_picked":["Swift Strike","Flash of Steel"],"picked":"Replay:Parry","floor":0},{"not_picked":["Royaldefend","Dash1"],"picked":"Doubleshoot","floor":1},{"not_picked":["ReplayTheSpireMod:Echoes of Time","infinitespire:SealOfDarkness+"],"picked":"Replay:Fractal Strike","floor":2},{"not_picked":["Fullhouse","Chargeshoot"],"picked":"EbonyIvory","floor":4},{"not_picked":["Shock","VitalstarS"],"picked":"Demonreform","floor":5},{"not_picked":["Kick13","LucifercomboB"],"picked":"Chargeshoot","floor":6},{"not_picked":["Headbutt","Bandage Up","Dagger Spray"],"picked":"SKIP","floor":10},{"not_picked":["HollowMod:ChannelNail","ReplayTheSpireMod:LeadingStrike","TheCursedMod:FleshFromBone"],"picked":"SKIP","floor":14}],"player_experience":39795,"relics_obtained":[{"floor":6,"key":"Bag of Preparation"},{"floor":9,"key":"Pear"},{"floor":10,"key":"Kunai"}],"event_choices":[{"damage_healed":20,"gold_gain":0,"player_choice":"Healed","damage_taken":0,"max_hp_gain":0,"max_hp_loss":0,"event_name":"The Cleric","floor":3,"gold_loss":35}],"is_beta":false,"boss_relics":[],"items_purged_floors":[],"is_endless":false,"potions_floor_spawned":[5,14],"killed_by":"Slime Boss","ascension_level":0}}