{"host":"dbb4fkd1j4jczim2","time":1613195049,"event":{"mods":["BaseMod","Downfall","Marisa????????","Minty Spire (QoL Compilation)","Permanent Neow","StSLib"],"gold_per_floor":[0,14,189,189,189,220,220,239,251,251,251,251],"floor_reached":10,"language":"ENG","playtime":396,"items_purged":[],"score":71,"play_id":"d8911baf-5593-485c-b614-506260a1e749","local_time":"20210212234409","is_ascension_mode":true,"campfire_choices":[{"data":"Guardian:MultiBeam","floor":1,"key":"SMITH"}],"circlet_count":0,"master_deck":["Guardian:Strike_Guardian","Guardian:Strike_Guardian","Guardian:Strike_Guardian","Guardian:Defend_Guardian","Guardian:Defend_Guardian","Guardian:Defend_Guardian","Guardian:CurlUp","Guardian:TwinSlam","Guardian:ExploitGems","Guardian:MultiBeam+1","Guardian:PiercingHide","Doubt","Guardian:DonusPower","Guardian:Gem_Green","Guardian:Gem_Crimson","Guardian:Gem_Fragmented","Guardian:Gem_Orange","Guardian:Gem_Green","Guardian:Gem_Lightblue","Guardian:PrismaticBarrier","Guardian:Repulse"],"relics":["Guardian:ModeShifter","Guardian:PickAxe","Ornamental Fan","Vajra"],"acts_visited":["Exordium"],"potions_floor_usage":[9,9],"damage_taken":[{"damage":11,"enemies":"Jaw Worm","floor":2,"turns":3},{"damage":0,"enemies":"2 Louse","floor":4,"turns":1},{"damage":0,"enemies":"2 Louse","floor":5,"turns":1},{"damage":12,"enemies":"Lagavulin","floor":6,"turns":10},{"damage":5,"enemies":"Small Slimes","floor":8,"turns":4},{"damage":19,"enemies":"Exordium Thugs","floor":9,"turns":5},{"damage":9,"enemies":"3 Sentries","floor":10,"turns":1}],"seed_played":"-6624222926331736452","potions_obtained":[{"floor":6,"key":"Explosive Potion"},{"floor":8,"key":"LiquidMemories"}],"is_trial":false,"path_per_floor":["R","M","?","M","?","E","T","M","M","E"],"character_chosen":"GUARDIAN","items_purchased":[],"campfire_rested":0,"item_purchase_floors":[],"current_hp_per_floor":[80,69,69,69,39,27,27,22,3,0,0,0],"gold":251,"neow_bonus":"TRANSFORM_TWO_CARDS","is_daily":false,"chose_seed":false,"campfire_upgraded":1,"win_rate":0.0,"timestamp":1613195049,"path_taken":["R","M","?","M","?","E","T","M","M","E"],"items_purchased_type":[],"build_version":"2020-12-22","purchased_purges":0,"victory":false,"max_hp_per_floor":[80,80,80,80,80,80,80,80,80,80,80,80],"card_choices":[{"not_picked":["Guardian:Incinerate","Guardian:ShieldCharger"],"picked":"Guardian:PiercingHide","floor":2},{"not_picked":["Guardian:ChargeUp","Guardian:CrystalBeam"],"picked":"Guardian:DonusPower","floor":4},{"not_picked":["Guardian:FuturePlans","Guardian:Gem_White"],"picked":"Guardian:PrismaticBarrier","floor":6},{"not_picked":["Guardian:Gem_Lightblue","Guardian:PiercingHide"],"picked":"Guardian:Repulse","floor":8},{"not_picked":["Guardian:BodySlam","Guardian:PrimingBeam","Guardian:GuardianWhirl"],"picked":"SKIP","floor":9}],"player_experience":340638,"relics_obtained":[{"floor":6,"key":"Ornamental Fan"},{"floor":7,"key":"Vajra"}],"event_choices":[],"is_beta":false,"boss_relics":[],"items_purged_floors":[],"is_endless":false,"potions_floor_spawned":[5,6,8],"killed_by":"3 Sentries","ascension_level":1}}