{"host":"y6zg4wwu39otf01a","time":1613188267,"event":{"mods":["Act Like it!","Aspiration","BaseMod","Better Altar","Better Match","Better Note","Better Sensory Stone","Better Skull","Better Third Choice","Challenge The Spire","Colored Map","Colored Powertips","Conspire","GifTheSpireLib","Glutton Mod","Halation","Hermit","Highlight Path","Hubris","Infinite Spire","Mimic Mod","Minty Spire (QoL Compilation)","Quick Restart","Random Character Button","Rare Cards Sparkle","Replay The Spire","Retaliation","Spicy Shops","Spire Arcade","StSLib","Stuff the Spire","The Blue Laboratory","The Jungle"],"gold_per_floor":[114,114,67,67,82,112,112,127,152,182,182,182,197,227,227,327,327,342,342,342,76,76,111,111,131,131,31,66,66,66,86,86,191,191,211,65,85,85,85,85,120,120,120,155,175,223,17,17,17,29],"floor_reached":51,"language":"ENG","playtime":3993,"items_purged":["hubris:Disease"],"score":810,"play_id":"4ff584ef-c4ac-4409-b802-8b5749931256","local_time":"20210212215107","daily_mods":["SealedDeck","Diverse","Elite Swarm"],"is_ascension_mode":false,"campfire_choices":[{"data":"Life Link","floor":11,"key":"SMITH"},{"data":"Adrenaline","floor":29,"key":"SMITH"},{"floor":32,"key":"DIG"},{"data":"Replay:Many Hands","floor":42,"key":"SMITH"}],"circlet_count":0,"master_deck":["ReplayTheSpireMod:Strike From Hell","Coolheaded","Evaluate","Stack","Dagger Spray","Havoc","Hologram","Well Laid Plans","hermit:BigShot","hermit:Enervate","Quick Slash","hermit:Glare","Life Link+1","hermit:Ricochet","ConjureBlade","Sweeping Beam","Adrenaline+1","Corruption","hermit:BigShot+1","Insight","hermit:Headshot+1","StuffTheSpire:FreeRealEstate","Violence","Replay:Fractal Strike","Adrenaline+1","Replay:Undeath\u0027s Touch","ReplayTheSpireMod:IOU","Replay:Parry","Glutton:DecrepitStrike+1","Glutton:Bite+1","hermit:Magnum","BootSequence+1","Replay:Many Hands+1","Backstab"],"relics":["Chameleon Ring","ReplayTheSpireMod:CursedCoin","halation:LettersToHer","GremlinMask","hubris:ToyBattleship","Happy Flower","aspiration:ChemicalBlood","hubris:Metronome","conspire:GiftBox","SacredBark","Anchor","halation:Thesaurus","Replay:M_StaffOfTheSnake","ReplayTheSpireMod:ShopPack","hubris:ScarierMask","Cauldron","Oddly Smooth Stone","StuffTheSpire:Barrel","Replay:Wax Seal","Lantern","hubris:BottledRain","Mirror","Glutton:DoggyBag","halation:EternalFortune","Potion Belt","Du-Vu Doll","halation:AfternoonTea","aspiration:TomeofQuesting","hubris:EmptyBottle"],"acts_visited":["Exordium","TheCity","TheBeyond"],"potions_floor_usage":[6,13,13,16,16,16,23,23,25,25,28,33,37,41,41,44,45,45,46,50,50,50,50],"damage_taken":[{"damage":12,"enemies":"Jaw Worm","floor":1,"turns":4},{"damage":2,"enemies":"2 Louse","floor":5,"turns":2},{"damage":13,"enemies":"Lagavulin","floor":6,"turns":5},{"damage":4,"enemies":"Cultist","floor":8,"turns":3},{"damage":12,"enemies":"Replay:BlueRogue","floor":10,"turns":4},{"damage":1,"enemies":"Exordium Wildlife","floor":13,"turns":2},{"damage":13,"enemies":"Lagavulin","floor":14,"turns":3},{"damage":34,"enemies":"Hexaghost","floor":16,"turns":9},{"damage":2,"enemies":"Chosen","floor":18,"turns":4},{"damage":0,"enemies":"Gremlin Leader","floor":23,"turns":4},{"damage":0,"enemies":"Spheric Guardian","floor":25,"turns":3},{"damage":1,"enemies":"conspire:Head Lice","floor":28,"turns":2},{"damage":11,"enemies":"Snake Plant","floor":31,"turns":2},{"damage":14,"enemies":"hubris:MusketHawk","floor":33,"turns":6},{"damage":0,"enemies":"3 Darklings","floor":35,"turns":3},{"damage":0,"enemies":"Orb Walker","floor":37,"turns":3},{"damage":37,"enemies":"Nemesis","floor":41,"turns":5},{"damage":0,"enemies":"Giant Head","floor":44,"turns":3},{"damage":18,"enemies":"Writhing Mass","floor":45,"turns":3},{"damage":15,"enemies":"R_Hoarder","floor":46,"turns":7},{"damage":0,"enemies":"Replay:Hell Engine","floor":50,"turns":5}],"seed_played":"6099103822572544471","potions_obtained":[{"floor":1,"key":"PowerPotion"},{"floor":7,"key":"blueLaboratory:RecallPotion"},{"floor":7,"key":"conspire:TimeTravelPotion"},{"floor":10,"key":"Weak Potion"},{"floor":14,"key":"blueLaboratory:RememoryPotion"},{"floor":15,"key":"Strength Potion"},{"floor":15,"key":"blueLaboratory:HummingbirdPotion"},{"floor":18,"key":"blueLaboratory:CorrosionFlask"},{"floor":22,"key":"blueLaboratory:EmptyBottle"},{"floor":22,"key":"blueLaboratory:StoneskinPotion"},{"floor":22,"key":"GamblersBrew"},{"floor":23,"key":"Venom Potion"},{"floor":24,"key":"Toxic Potion"},{"floor":24,"key":"LiquidBronze"},{"floor":33,"key":"Elixir"},{"floor":35,"key":"PowerPotion"},{"floor":40,"key":"blueLaboratory:PyrophylliteBrew"},{"floor":40,"key":"blueLaboratory:AbyssPotion"},{"floor":44,"key":"BlessingOfTheForge"},{"floor":49,"key":"Languid Potion"},{"floor":49,"key":"PowerPotion"}],"is_trial":false,"path_per_floor":["M","?","$","?","M","E","R","M","T","E","R","T","M","E","R","B",null,"M","?","?","$","AVR","E","R","M","T","$","E","R","?","M","R_BF","B",null,"M","$","M","?","?","R","E","R","T","E","M","E","$","?","R_BF","B",null],"character_chosen":"GLUTTON","items_purchased":["ReplayTheSpireMod:CursedCoin","hermit:Glare","halation:LettersToHer","halation:Thesaurus","ReplayTheSpireMod:ShopPack","hermit:Headshot+1","Replay:Wax Seal","Lantern","hermit:Magnum","hubris:EmptyBottle","Backstab"],"campfire_rested":0,"item_purchase_floors":[3,3,3,21,21,21,27,27,36,47,47],"current_hp_per_floor":[108,108,108,108,106,93,93,89,89,77,77,77,77,64,64,30,120,118,118,118,118,118,118,118,118,118,118,120,120,120,109,109,95,120,120,120,120,123,123,123,99,99,99,118,100,98,98,98,98,109],"gold":29,"neow_bonus":"","is_daily":true,"chose_seed":false,"campfire_upgraded":3,"win_rate":0.0,"timestamp":1613188267,"path_taken":["M","?","$","?","M","E","R","?","T","E","R","?","?","E","R","BOSS","M","?","?","?","AVR","E","R","?","T","$","E","R","?","M","R_BF","BOSS","M","$","M","?","?","R","E","R","T","E","?","E","$","?","R_BF","BOSS"],"items_purchased_type":["Relic","Card","Relic","Relic","Relic","Card","Relic","Relic","Card","Relic","Card"],"build_version":"2020-12-22","purchased_purges":1,"victory":true,"max_hp_per_floor":[120,120,120,120,120,120,120,120,120,120,120,120,120,120,120,120,120,120,120,120,120,120,120,120,120,120,120,120,120,120,120,120,120,120,120,120,120,123,123,123,133,133,133,149,149,159,159,159,159,159],"card_choices":[{"not_picked":["Wild Strike","Doom and Gloom"],"picked":"Quick Slash","floor":1},{"not_picked":["EmptyFist","Run Through"],"picked":"Life Link","floor":5},{"not_picked":["StuffTheSpire:FinalStruggle","Mirror Shield","Creative AI"],"picked":"SKIP","floor":6},{"not_picked":["Perfected Strike","Run Through"],"picked":"hermit:Ricochet","floor":8},{"not_picked":["hubris:DoWhile","Malaise"],"picked":"ConjureBlade","floor":10},{"not_picked":["hermit:LowProfile","BootSequence"],"picked":"Sweeping Beam","floor":13},{"not_picked":["Alpha","Hyperbeam"],"picked":"Adrenaline","floor":14},{"not_picked":["Glutton:Nostalgia","Fiend Fire","Tools of the Trade"],"picked":"SKIP","floor":14},{"not_picked":["StuffTheSpire:EventHorizon","Bludgeon"],"picked":"Corruption","floor":16},{"not_picked":["Replay:AtTheReady","StuffTheSpire:Incineration"],"picked":"hermit:BigShot+1","floor":18},{"not_picked":["Impatience","Madness"],"picked":"Forethought","floor":21},{"not_picked":["Impatience","Dark Shackles"],"picked":"StuffTheSpire:FreeRealEstate","floor":21},{"not_picked":["Midas Touch","Sadistic Nature"],"picked":"Violence","floor":21},{"not_picked":["Glutton:EatAlive","infinitespire:Neurotoxin"],"picked":"Adrenaline","floor":23},{"not_picked":["hermit:Enervate","SashWhip"],"picked":"Replay:Undeath\u0027s Touch","floor":25},{"not_picked":["StuffTheSpire:EventHorizon","Glutton:Enfeeblement","aspiration:Lunge"],"picked":"SKIP","floor":28},{"not_picked":["StuffTheSpire:RockThrow","ReplayTheSpireMod:Strike From Hell"],"picked":"Glutton:DecrepitStrike+1","floor":31},{"not_picked":["hermit:Ricochet","Outmaneuver+1"],"picked":"Glutton:Bite+1","floor":35},{"not_picked":["Auto Shields+1","Evaluate+1"],"picked":"BootSequence+1","floor":37},{"not_picked":["hermit:HeroicBravado","Die Die Die"],"picked":"Replay:Many Hands","floor":41},{"not_picked":["DDmod:PlatedThornsSkill","Hemogenesis","Demonic Infusion"],"picked":"SKIP","floor":44},{"not_picked":["Conclude+1","Dodge and Roll","Shrug It Off+1"],"picked":"SKIP","floor":45},{"not_picked":["Amplify","ReplayTheSpireMod:Omega Cannon","Thunder Strike"],"picked":"SKIP","floor":46}],"player_experience":802286,"relics_obtained":[{"floor":6,"key":"hubris:ToyBattleship"},{"floor":9,"key":"halation:LettersToHer"},{"floor":9,"key":"Happy Flower"},{"floor":10,"key":"aspiration:ChemicalBlood"},{"floor":12,"key":"halation:LettersToHer"},{"floor":12,"key":"hubris:Metronome"},{"floor":14,"key":"conspire:GiftBox"},{"floor":23,"key":"Oddly Smooth Stone"},{"floor":26,"key":"halation:LettersToHer"},{"floor":26,"key":"StuffTheSpire:Barrel"},{"floor":28,"key":"hubris:BottledRain"},{"floor":32,"key":"Mirror"},{"floor":41,"key":"Potion Belt"},{"floor":43,"key":"halation:LettersToHer"},{"floor":43,"key":"Du-Vu Doll"},{"floor":44,"key":"halation:AfternoonTea"},{"floor":46,"key":"aspiration:TomeofQuesting"}],"event_choices":[{"damage_healed":0,"gold_gain":0,"player_choice":"Trade","damage_taken":0,"relics_obtained":["GremlinMask"],"max_hp_gain":0,"max_hp_loss":0,"event_name":"FaceTrader","floor":4,"gold_loss":0},{"damage_healed":0,"gold_gain":0,"player_choice":"Insight","damage_taken":0,"max_hp_gain":0,"max_hp_loss":0,"event_name":"betterThird:BetterWriting","floor":19,"gold_loss":0,"cards_obtained":["Insight"]},{"damage_healed":0,"gold_gain":0,"cards_transformed":["Forethought"],"player_choice":"Transformed","damage_taken":0,"max_hp_gain":0,"max_hp_loss":0,"event_name":"Transmorgrifier","floor":30,"gold_loss":0,"cards_obtained":["Replay:Parry"]},{"damage_healed":0,"gold_gain":0,"player_choice":"Upgraded","damage_taken":0,"max_hp_gain":0,"max_hp_loss":0,"event_name":"Upgrade Shrine","floor":39,"gold_loss":0,"cards_upgraded":["Adrenaline"]},{"damage_healed":0,"gold_gain":0,"player_choice":"Leave","damage_taken":0,"max_hp_gain":0,"max_hp_loss":0,"event_name":"conspire:Investor","floor":48,"gold_loss":0}],"is_beta":false,"boss_relics":[{"not_picked":["Abe\u0027s Treasure","Busted Crown"],"picked":"SacredBark"},{"not_picked":["aspiration:DefectSkillbook","Glutton:Gemstone"],"picked":"Glutton:DoggyBag"}],"items_purged_floors":[22],"is_endless":false,"potions_floor_spawned":[1,10,14,18,23,33,35,44],"ascension_level":0}}