{"host":"m1la6e9nlupdt60a","time":1613256497,"event":{"mods":["Act Like it!","Aspiration","BaseMod","Conspire","Downfall","Hallownest","Hermit","Hubris","Infinite Spire","Minty Spire (QoL Compilation)","Replay The Spire","Shop Mod","StSLib","The Bug Knight","The Cursed","The Disciple","The Jungle","The Poker Player","The Runesmith","The Servant 0.9.4"],"gold_per_floor":[110,130,150,191,16,16,29,29,108,121,121,121,121,69,69,168,168,182,195,195,195],"floor_reached":20,"language":"ENG","playtime":1530,"items_purged":[],"score":164,"play_id":"949e6670-8b3c-4b25-bd5e-bfed75457ac4","local_time":"20210213164817","is_ascension_mode":false,"campfire_choices":[{"data":"FanOfKnives","floor":6,"key":"SMITH"},{"data":"KidneyShot","floor":8,"key":"SMITH"},{"data":"Ricochet","floor":12,"key":"SMITH"},{"data":"FanOfKnives","floor":15,"key":"SMITH"}],"circlet_count":0,"master_deck":["Strike_S","Strike_S","Strike_S","Strike_S","Defend_S","Defend_S","Defend_S","Defend_S","KidneyShot+1","Exchange+1","Reset","FastForward","FanOfKnives+1","Ricochet+1","ShatteredReality","BestPractice","FanOfKnives","FanOfKnives+1","FlawlessForm","DualDimension+1","BottledTime+1"],"relics":["Uniform","Replay:Bottled Flurry","Lee\u0027s Waffle","Ornamental Fan","aspiration:SecretTechniqueScroll"],"acts_visited":["Exordium","TheCity"],"potions_floor_usage":[16,18],"damage_taken":[{"damage":7,"enemies":"Small Slimes","floor":1,"turns":4},{"damage":9,"enemies":"2 Louse","floor":2,"turns":3},{"damage":6,"enemies":"Cultist","floor":3,"turns":4},{"damage":39,"enemies":"conspire:MimicChest","floor":4,"turns":10},{"damage":11,"enemies":"Looter","floor":7,"turns":3},{"damage":5,"enemies":"Blue Slaver","floor":10,"turns":3},{"damage":53,"enemies":"Fading Forest","floor":16,"turns":11},{"damage":10,"enemies":"Spheric Guardian","floor":18,"turns":3},{"damage":28,"enemies":"Shelled Parasite and Fungi","floor":19,"turns":7},{"damage":49,"enemies":"3 Cultists","floor":20,"turns":4}],"seed_played":"6802434029866298008","potions_obtained":[{"floor":2,"key":"Energy Potion"},{"floor":4,"key":"Strength Potion"},{"floor":7,"key":"CultistPotion"},{"floor":19,"key":"Strength Potion"}],"is_trial":false,"path_per_floor":["M","M","M","?","$","R","M","R","T","M","?","R","?","$","R","B",null,"M","M","M"],"character_chosen":"THE_SERVANT","items_purchased":["Lee\u0027s Waffle","ShatteredReality","FanOfKnives"],"campfire_rested":0,"item_purchase_floors":[5,5,14],"current_hp_per_floor":[64,55,49,10,78,78,67,67,67,62,62,62,62,62,62,29,78,68,40,0,0],"gold":195,"neow_bonus":"TEN_PERCENT_HP_BONUS","is_daily":false,"chose_seed":false,"campfire_upgraded":4,"win_rate":0.0,"timestamp":1613256497,"path_taken":["M","M","M","?","$","R","M","R","T","?","?","R","?","?","R","BOSS","M","?","M"],"items_purchased_type":["Relic","Card","Card"],"build_version":"2020-12-22","purchased_purges":0,"victory":false,"max_hp_per_floor":[71,71,71,71,78,78,78,78,78,78,78,78,78,78,78,78,78,78,78,78,78],"card_choices":[{"not_picked":["MoonPhase","ShatteredReality"],"picked":"Reset","floor":1},{"not_picked":["Alleviate","Luminosity"],"picked":"FastForward","floor":2},{"not_picked":["Spin","MurderousAura"],"picked":"FanOfKnives","floor":3},{"not_picked":["FastForward","Replace"],"picked":"Ricochet","floor":4},{"not_picked":["Replace","Spin"],"picked":"BestPractice","floor":7},{"not_picked":["DoubleEdge","BottledTime","Replace"],"picked":"SKIP","floor":10},{"not_picked":["DoubleEdge","BottledTime","Replace"],"picked":"SKIP","floor":10},{"not_picked":["Solidify","ForgedInTime"],"picked":"FlawlessForm","floor":16},{"not_picked":["TimeWarp","BestPractice"],"picked":"DualDimension+1","floor":18},{"not_picked":["MoonPhase","Moonlight+1"],"picked":"BottledTime+1","floor":19}],"player_experience":1254244,"relics_obtained":[{"floor":4,"key":"Replay:Bottled Flurry"},{"floor":9,"key":"Ornamental Fan"}],"event_choices":[{"damage_healed":0,"gold_gain":0,"player_choice":"Grow","damage_taken":0,"max_hp_gain":0,"max_hp_loss":0,"event_name":"Living Wall","floor":13,"gold_loss":0,"cards_upgraded":["Exchange"]}],"is_beta":false,"boss_relics":[{"not_picked":["Honey Jar","conspire:SlowCooker"],"picked":"aspiration:SecretTechniqueScroll"}],"items_purged_floors":[],"is_endless":false,"potions_floor_spawned":[2,4,7,10,19],"killed_by":"3 Cultists","ascension_level":0}}