{"host":"t9zjxed0utvsfjwc","time":1613217757,"event":{"mods":["2.2 Compatiblity","Aspiration","BaseMod","Better Altar","Better Match","Better Note","Better Sensory Stone","Better Skull","Better Third Choice","Block Reminder","Colored Map","Colored Powertips","Custom Start","Downfall","Hermit","Highlight Path","Hubris","Infinite Spire","Marisa????????","Minty Spire (QoL Compilation)","Quick Restart","Rare Cards Sparkle","Reliquary","Replay The Spire","StSLib","The Cursed","The Marked","The Runesmith","Unceasing Turn Reminder","everything is the same but u backflip on backflip"],"gold_per_floor":[118,118,118,118,118,118,37,66,66,77,77,95,161,180,180,284,284,303,321,321,337,349,349,364,364,364,364,364,364,60,60,95,115,115,115,115],"floor_reached":35,"language":"ENG","playtime":1094,"items_purged":["theMarked:Strike","theMarked:Strike"],"score":275,"play_id":"c3c1aceb-6caa-4a04-b801-a7b72fe04bca","local_time":"20210213120237","is_ascension_mode":false,"campfire_choices":[{"floor":6,"key":"REST"},{"floor":11,"key":"REST"},{"data":"theMarked:EmpowerWeapon","floor":15,"key":"SMITH"},{"floor":23,"key":"REST"},{"floor":27,"key":"DIG"},{"floor":29,"key":"DIG"},{"floor":31,"key":"DIG"},{"floor":34,"key":"DIG"}],"circlet_count":0,"master_deck":["theMarked:Strike","theMarked:Strike","theMarked:Defend","theMarked:Defend","theMarked:Defend","theMarked:Defend","Apotheosis+1","theMarked:ParalyzingBlade","hubris:DuctTapeCard","theMarked:EternalStudent"],"relics":["Ring of Chaos","infinitespire:Cubic Diamond","Quantum Egg","hubris:MedicalManual","Smiling Mask","Fusion Hammer","Shovel","hubris:CrystalStatue","The Courier","hubris:DuctTape","Membership Card","infinitespire:Broken Mirror","Bag of Preparation","theMarked:DemonDagger","Juzu Bracelet"],"acts_visited":["Exordium","TheCity"],"potions_floor_usage":[22,22,32,35,35],"damage_taken":[{"damage":3,"enemies":"Small Slimes","floor":1,"turns":4},{"damage":23,"enemies":"Gremlin Nob","floor":8,"turns":5},{"damage":0,"enemies":"2 Louse","floor":10,"turns":3},{"damage":1,"enemies":"Jaw Worm","floor":12,"turns":4},{"damage":0,"enemies":"Large Slime","floor":14,"turns":5},{"damage":26,"enemies":"Hexaghost","floor":16,"turns":9},{"damage":8,"enemies":"Spheric Guardian","floor":18,"turns":4},{"damage":12,"enemies":"Chosen","floor":19,"turns":6},{"damage":2,"enemies":"Snecko","floor":21,"turns":4},{"damage":6,"enemies":"Chosen and Byrds","floor":22,"turns":8},{"damage":0,"enemies":"Centurion and Healer","floor":24,"turns":7},{"damage":8,"enemies":"Book of Stabbing","floor":32,"turns":4},{"damage":5,"enemies":"Cultist and Chosen","floor":33,"turns":4},{"damage":50,"enemies":"Automaton","floor":35,"turns":6}],"seed_played":"-2277433495772976995","potions_obtained":[{"floor":8,"key":"SteroidPotion"},{"floor":13,"key":"champ:CounterPotion"},{"floor":14,"key":"Milkshake"},{"floor":22,"key":"Adrenaline Potion"},{"floor":33,"key":"Block Potion"}],"is_trial":false,"path_per_floor":["M","?","?","?","?","R","$","E","T","M","R","M","?","M","R","B",null,"M","M","AVR","M","M","R","M","PTL","PTL","R","T","R","$","R","E","M","R","B"],"character_chosen":"THE_DEFAULT","items_purchased":["theMarked:ParalyzingBlade","Membership Card","theMarked:EternalStudent","infinitespire:Broken Mirror"],"campfire_rested":3,"item_purchase_floors":[7,30,30,30],"current_hp_per_floor":[67,67,67,60,60,70,70,47,47,47,68,67,50,50,50,24,70,62,50,50,48,42,63,63,63,63,63,63,63,63,63,55,50,50,0,0],"gold":115,"neow_bonus":"BOSS_RELIC","is_daily":false,"chose_seed":false,"campfire_upgraded":1,"win_rate":0.0,"timestamp":1613217757,"path_taken":["M","?","?","?","?","R","$","E","T","M","R","?","?","M","R","BOSS","M","?","AVR","M","M","R","M","PTL","PTL","R","T","R","$","R","E","M","R","BOSS"],"items_purchased_type":["Card","Relic","Card","Relic"],"build_version":"2020-12-22","purchased_purges":2,"victory":false,"max_hp_per_floor":[70,70,70,70,70,70,70,70,70,70,70,70,70,70,70,70,70,70,70,70,70,70,70,70,70,70,70,70,70,70,70,70,70,70,70,70],"card_choices":[{"not_picked":["theMarked:Parkour","theMarked:GodGivenPower","theMarked:Frustration"],"picked":"SKIP","floor":1},{"not_picked":["theMarked:Opportunist","theMarked:ElectricStrings","theMarked:WastefulAttack"],"picked":"SKIP","floor":8},{"not_picked":["theMarked:Reabsorb","theMarked:EmpowerWeapon","theMarked:Parkour"],"picked":"SKIP","floor":10},{"not_picked":["theMarked:EmpowerWeapon","theMarked:WastefulAttack","theMarked:Memento"],"picked":"SKIP","floor":12},{"not_picked":["theMarked:WastefulAttack","theMarked:Memento"],"picked":"theMarked:EmpowerWeapon","floor":12},{"not_picked":["theMarked:BanishingStrike","theMarked:ElectricStrings","theMarked:GodGivenPower"],"picked":"SKIP","floor":14},{"not_picked":["theMarked:HeightenedSenses+1","theMarked:TakeCover","theMarked:Pokerface"],"picked":"SKIP","floor":18},{"not_picked":["theMarked:SwordAndMagic","theMarked:Opportunist","theMarked:Seal"],"picked":"SKIP","floor":19},{"not_picked":["theMarked:MysticalArsenal","theMarked:WastefulAttack","theMarked:Friction"],"picked":"SKIP","floor":21},{"not_picked":["theMarked:Parkour","theMarked:Overcharge","theMarked:Aftermath"],"picked":"SKIP","floor":22},{"not_picked":["theMarked:WastefulAttack","theMarked:TakeCover+1","theMarked:AttractMetal"],"picked":"SKIP","floor":24},{"not_picked":["theMarked:MuscleMemory","theMarked:HeightenedSenses","theMarked:TakeOffHeels"],"picked":"SKIP","floor":32},{"not_picked":["theMarked:ChainLightning","theMarked:PowerFlow","theMarked:Aftermath"],"picked":"SKIP","floor":33}],"player_experience":549113,"relics_obtained":[{"floor":8,"key":"Quantum Egg"},{"floor":9,"key":"hubris:MedicalManual"},{"floor":13,"key":"Smiling Mask"},{"floor":27,"key":"hubris:CrystalStatue"},{"floor":28,"key":"The Courier"},{"floor":29,"key":"hubris:DuctTape"},{"floor":31,"key":"Bag of Preparation"},{"floor":32,"key":"theMarked:DemonDagger"},{"floor":34,"key":"Juzu Bracelet"}],"event_choices":[{"damage_healed":67,"gold_gain":0,"player_choice":"Embrace","damage_taken":0,"max_hp_gain":0,"max_hp_loss":70,"event_name":"betterThird:BetterShining","floor":2,"gold_loss":0},{"cards_removed":["theMarked:Strike"],"damage_healed":0,"gold_gain":0,"player_choice":"Card Removal","damage_taken":7,"max_hp_gain":0,"max_hp_loss":0,"event_name":"Golden Wing","floor":4,"gold_loss":0}],"is_beta":false,"boss_relics":[{"not_picked":["theMarked:Eyepatch","reliquary:KinkedSpring"],"picked":"Fusion Hammer"}],"items_purged_floors":[20,30],"is_endless":false,"potions_floor_spawned":[8,14,21,22,33],"killed_by":"Automaton","ascension_level":0}}