{"host":"1a9bbjeis3rg03b1","time":1613207871,"event":{"mods":["Act Like it!","BaseMod","Gensokyo","Googly Eyes","Hermit","Mimic Mod","Minty Spire (QoL Compilation)","Morshu Shopkeeper","Reliquary","Replay The Spire","StSLib","The Administrix","The Jungle","The Poker Player","The Servant 0.9.4","Wide Potions","everything is the same but u backflip on backflip"],"gold_per_floor":[114,114,114,133,153,180,180,195,244,259,275,292,308,341,341,341,341,440,440,452,422,217,233,251,251,268,268,321,321,334,363,8,43,43,148,248,262,281,581,596,609,609,639,264,291,18,63,63,113,138,138,138,138,138,0,29,29],"floor_reached":58,"language":"ENG","playtime":8388,"items_purged":["Exchange","Defend_S","Spreading Infection"],"score":1769,"play_id":"251f9a85-e4ea-440e-a27f-a73e1fa3597d","local_time":"20210213021751","is_ascension_mode":false,"campfire_choices":[{"data":"DoubleEdge","floor":7.0,"key":"SMITH"},{"data":"Duplication","floor":17.0,"key":"SMITH"},{"data":"InstantArmor","floor":25.0,"key":"SMITH"},{"data":"Spin","floor":34.0,"key":"SMITH"},{"floor":42.0,"key":"RECALL"},{"data":"MurderousAura","floor":48.0,"key":"SMITH"},{"data":"Advance","floor":51.0,"key":"SMITH"},{"data":"MoonPhase","floor":54,"key":"SMITH"}],"circlet_count":0,"master_deck":["Strike_S","Strike_S","Strike_S+1","Strike_S","Defend_S","Defend_S","KidneyShot","Gouge","DoubleEdge+1","SpecialFormula","Manipulate","FastForward","MoonPhase+1","Duplication+1","Snipe","DoubleEdge","InstantArmor+1","SoulSculpture","FastForward","SilverBlades","Moonlight+1","Reset","Impatience","Rewind","DoubleEdge","Ricochet","Spin+1","Spreading Infection","Starlight","BottledTime","ReplayTheSpireMod:Uncanny Aura","Moonlight","DoubleEdge","MurderousAura+1","Ricochet+1","DoubleEdge+1","Ricochet+1","FastForward+1","BottledTime","BottledTime","Advance+1","Secret Weapon","MoonPhase","Chrysalis","DoubleEdge+1","BottledTime+1","Metamorphosis","Bandage Up","Pot Of Greed","Pot Of Greed","Pot Of Greed","Pot Of Greed","Pot Of Greed"],"relics":["Uniform","Orichalcum","PreservedInsect","Ornamental Fan","Ring of Chaos","BargainBundle","Ring of Hypnosis","ReplayTheSpireMod:Ring of Addiction","SacredBark","White Beast Statue","Bag of Marbles","reliquary:PrincelyHelmet","Whetstone","Membership Card","Replay:Accelerometer","Turnip","Replay:Wanted Poster","reliquary:Sideboard","Blood Vial","reliquary:PorcupineQuills","ReplayTheSpireMod:ShopPack","Boot","Thread and Needle","Peace Pipe","PocketWatch","Mango","reliquary:Bookmark","Grinning Jar"],"acts_visited":["Exordium","TheCity","TheBeyond","TheEnding"],"potions_floor_usage":[52,52,57],"damage_taken":[{"damage":6.0,"enemies":"Cultist","floor":1.0,"turns":4.0},{"damage":5.0,"enemies":"2 Louse","floor":4.0,"turns":3.0},{"damage":4.0,"enemies":"Jaw Worm","floor":5.0,"turns":3.0},{"damage":12.0,"enemies":"Gremlin Nob","floor":6.0,"turns":3.0},{"damage":14.0,"enemies":"2 Fungi Beasts","floor":8.0,"turns":3.0},{"damage":0.0,"enemies":"Red Slaver","floor":10.0,"turns":1.0},{"damage":2.0,"enemies":"Large Slime","floor":11.0,"turns":6.0},{"damage":4.0,"enemies":"Looter","floor":12.0,"turns":2.0},{"damage":2.0,"enemies":"Blue Slaver","floor":13.0,"turns":2.0},{"damage":7.0,"enemies":"3 Sentries","floor":14.0,"turns":4.0},{"damage":3.0,"enemies":"Fading Forest","floor":18.0,"turns":11.0},{"damage":16.0,"enemies":"Spheric Guardian","floor":20.0,"turns":5.0},{"damage":0.0,"enemies":"3 Byrds","floor":23.0,"turns":5.0},{"damage":17.0,"enemies":"Snake Plant","floor":24.0,"turns":5.0},{"damage":17.0,"enemies":"Centurion and Healer","floor":26.0,"turns":5.0},{"damage":0.0,"enemies":"3 Cultists","floor":30.0,"turns":2.0},{"damage":0.0,"enemies":"Slavers","floor":31.0,"turns":2.0},{"damage":0.0,"enemies":"Gremlin Leader","floor":33.0,"turns":4.0},{"damage":18.0,"enemies":"Pondfish","floor":35.0,"turns":13.0},{"damage":3.0,"enemies":"3 Darklings","floor":37.0,"turns":5.0},{"damage":9.0,"enemies":"3 Shapes","floor":38.0,"turns":4.0},{"damage":0.0,"enemies":"Spire Growth","floor":40.0,"turns":3.0},{"damage":3.0,"enemies":"4 Shapes","floor":41.0,"turns":3.0},{"damage":0.0,"enemies":"Giant Head","floor":43.0,"turns":5.0},{"damage":10.0,"enemies":"2 Orb Walkers","floor":47.0,"turns":4.0},{"damage":0.0,"enemies":"Mind Bloom Boss Battle","floor":49.0,"turns":5.0},{"damage":0.0,"enemies":"Reptomancer","floor":50.0,"turns":2.0},{"damage":15,"enemies":"Donu and Deca","floor":52,"turns":8},{"damage":23,"enemies":"Shield and Spear","floor":56,"turns":9},{"damage":98,"enemies":"The Heart","floor":57,"turns":10}],"seed_played":"-4520045833183030016","potions_obtained":[{"floor":1.0,"key":"AttackPotion"},{"floor":6.0,"key":"GamblersBrew"},{"floor":8.0,"key":"SteroidPotion"},{"floor":12.0,"key":"Regen Potion"},{"floor":13.0,"key":"FairyPotion"},{"floor":18.0,"key":"Elixir"},{"floor":21.0,"key":"ColorlessPotion"},{"floor":26.0,"key":"EntropicBrew"},{"floor":30.0,"key":"EssenceOfSteel"},{"floor":31.0,"key":"SmokeBomb"},{"floor":33.0,"key":"Swift Potion"},{"floor":35.0,"key":"GamblersBrew"},{"floor":37.0,"key":"Block Potion"},{"floor":38.0,"key":"SteroidPotion"},{"floor":40.0,"key":"PowerPotion"},{"floor":43.0,"key":"Block Potion"},{"floor":47.0,"key":"ColorlessPotion"},{"floor":49.0,"key":"Weak Potion"},{"floor":50.0,"key":"LifebloodPotion"},{"floor":56,"key":"Fire Potion"}],"is_trial":false,"path_per_floor":["M","T","?","M","M","E","R","M","T","M","M","M","M","E","PTL","PTL","R","B",null,"M","?","$","M","M","R","M","?","T","?","M","E","$","E","R","B",null,"M","M","?","M","M","R","E","$","T","$","?","R","?","E","R","B",null,"R","$","E","B",null],"character_chosen":"THE_SERVANT","items_purchased":["BargainBundle","SilverBlades","Moonlight","Reset","Impatience","Rewind","Membership Card","Replay:Accelerometer","ReplayTheSpireMod:Uncanny Aura","Moonlight","BottledTime","Secret Weapon","Blood Vial","reliquary:PorcupineQuills","ReplayTheSpireMod:ShopPack","MoonPhase","Thread and Needle","Chrysalis","reliquary:Bookmark"],"campfire_rested":0,"item_purchase_floors":[22,22,22,22,22,22,32,32,32,32,44,44,44,44,44,46,46,46,55],"current_hp_per_floor":[65,65,58,53,49,42,42,33,33,33,36,37,35,45,45,45,45,70,71,55,55,55,60,48,48,36,36,36,36,41,46,46,51,51,38,71,71,67,67,71,68,68,71,71,71,71,63,63,69,83,83,68,83,83,83,58,23],"gold":29,"neow_bonus":"TEN_PERCENT_HP_BONUS","is_daily":false,"chose_seed":false,"campfire_upgraded":7,"win_rate":0.0,"timestamp":1613207871,"path_taken":["M","?","?","M","M","E","R","M","T","?","M","M","M","E","PTL","PTL","R","BOSS","M","?","$","M","?","R","M","?","T","?","M","E","$","E","R","BOSS","M","M","?","?","M","R","E","$","T","$","?","R","?","E","R","BOSS","R","$","E","BOSS"],"items_purchased_type":["Relic","Card","Card","Card","Card","Card","Relic","Relic","Card","Card","Card","Card","Relic","Relic","Relic","Card","Relic","Card","Relic"],"build_version":"2020-12-22","purchased_purges":3,"victory":true,"max_hp_per_floor":[71,71,71,71,71,71,71,71,71,71,71,71,71,71,71,71,71,71,71,71,71,71,71,71,71,71,71,71,71,71,71,71,71,71,71,71,71,71,71,71,71,71,71,71,71,71,69,69,69,83,83,83,83,83,83,81,81],"card_choices":[{"not_picked":["TimeWarp","FastForward"],"picked":"Gouge","floor":1.0},{"not_picked":["Replace","Starlight"],"picked":"DoubleEdge","floor":4.0},{"not_picked":["Ricochet","BottledTime"],"picked":"SpecialFormula","floor":5.0},{"not_picked":["Rearm","Luminosity"],"picked":"Manipulate","floor":6.0},{"not_picked":["TimeWarp","Replace"],"picked":"FastForward","floor":8.0},{"not_picked":["BestPractice","WasteNot"],"picked":"MoonPhase","floor":10.0},{"not_picked":["Replace","Barrier"],"picked":"Duplication","floor":11.0},{"not_picked":["Misdirection","BottledTime"],"picked":"Snipe","floor":12.0},{"not_picked":["Ricochet","Starlight"],"picked":"DoubleEdge","floor":13.0},{"not_picked":["Comet","GearUp"],"picked":"InstantArmor","floor":14.0},{"not_picked":["Dilation","PendulumOfEternity"],"picked":"SoulSculpture","floor":18.0},{"not_picked":["ShatteredReality","Replace"],"picked":"FastForward","floor":20.0},{"not_picked":["Comet","Misdirection"],"picked":"DoubleEdge","floor":23.0},{"not_picked":["Unruled","ShatteredReality"],"picked":"Ricochet","floor":24.0},{"not_picked":["Revamp","BottledTime"],"picked":"Spin","floor":26.0},{"not_picked":["Replace+1","Contraction"],"picked":"Starlight","floor":30.0},{"not_picked":["Read","Rearm"],"picked":"BottledTime","floor":31.0},{"not_picked":["Desolation","Unruled+1"],"picked":"DoubleEdge","floor":33.0},{"not_picked":["Dilation","Deny"],"picked":"MurderousAura","floor":35.0},{"not_picked":["Luminosity+1","RealityMarble"],"picked":"Ricochet+1","floor":37.0},{"not_picked":["ShiftingGears","Moondial+1"],"picked":"DoubleEdge+1","floor":38.0},{"not_picked":["Rearm","Rewind+1"],"picked":"Ricochet+1","floor":40.0},{"not_picked":["Potential+1","TimeWarp+1"],"picked":"FastForward+1","floor":41.0},{"not_picked":["Luminosity","Ricochet+1"],"picked":"Advance","floor":43.0},{"not_picked":["The Bomb","HandOfGreed"],"picked":"Metamorphosis","floor":44.0},{"not_picked":["Panache","Replay:Sssssssssshield"],"picked":"Bandage Up","floor":44.0},{"not_picked":["Alleviate+1","WasteNot+1"],"picked":"BottledTime+1","floor":49.0},{"not_picked":["Solidify","Barrier+1"],"picked":"DoubleEdge+1","floor":50.0},{"not_picked":["Moonlight","FastForward+1"],"picked":"ForgedInTime","floor":56}],"player_experience":676866,"relics_obtained":[{"floor":6.0,"key":"Orichalcum"},{"floor":9.0,"key":"PreservedInsect"},{"floor":14.0,"key":"Ornamental Fan"},{"floor":27.0,"key":"Ring of Hypnosis"},{"floor":27.0,"key":"ReplayTheSpireMod:Ring of Addiction"},{"floor":27.0,"key":"SacredBark"},{"floor":27.0,"key":"White Beast Statue"},{"floor":28.0,"key":"Bag of Marbles"},{"floor":31.0,"key":"Whetstone"},{"floor":33.0,"key":"Turnip"},{"floor":43.0,"key":"reliquary:Sideboard"},{"floor":45.0,"key":"Boot"},{"floor":47.0,"key":"Peace Pipe"},{"floor":49.0,"key":"PocketWatch"},{"floor":50.0,"key":"Mango"},{"floor":56,"key":"Grinning Jar"}],"event_choices":[{"cards_removed":["Defend_S"],"damage_healed":0.0,"max_hp_gain":0.0,"max_hp_loss":0.0,"gold_gain":0.0,"event_name":"Golden Wing","player_choice":"Card Removal","floor":3.0,"gold_loss":0.0,"damage_taken":7.0},{"damage_healed":0.0,"max_hp_gain":0.0,"max_hp_loss":0.0,"gold_gain":0.0,"event_name":"The Woman in Blue","player_choice":"Bought 2 Potions","floor":21.0,"gold_loss":0.0,"damage_taken":0.0},{"damage_healed":0.0,"max_hp_gain":0.0,"max_hp_loss":0.0,"gold_gain":300.0,"event_name":"Wheel of Change","player_choice":"Gold","floor":39.0,"gold_loss":0.0,"damage_taken":0.0},{"damage_healed":0.0,"max_hp_gain":0.0,"max_hp_loss":0.0,"gold_gain":0.0,"event_name":"Mysterious Sphere","player_choice":"Fight","floor":47.0,"gold_loss":0.0,"damage_taken":0.0},{"damage_healed":0.0,"max_hp_gain":0.0,"max_hp_loss":0.0,"gold_gain":0.0,"event_name":"MindBloom","player_choice":"Fight","floor":49.0,"gold_loss":0.0,"damage_taken":0.0}],"is_beta":false,"boss_relics":[{"not_picked":["Astrolabe","reliquary:KinkedSpring"],"picked":"Ring of Chaos"},{"not_picked":["Sozu","Velvet Choker"],"picked":"Replay:Wanted Poster"}],"items_purged_floors":[22,44,55],"is_endless":false,"potions_floor_spawned":[1,6,8,12,13,18,23,26,30,31,33,35,37,38,40,41,43,47,49,50,56],"ascension_level":0}}