{"host":"7jl4uf745pjtflnx","time":1613196125,"event":{"mods":["BaseMod","BetterRewards","Hubris","Minty Spire (QoL Compilation)","Reliquary","Replay The Spire","StSLib","SuperFastMode","The Construct"],"gold_per_floor":[109,6,26,42,62,62,62,62,62,75,104,104,116,131,131,204,204,215,215,231,244,261,261,261,261],"floor_reached":24,"language":"ENG","playtime":892,"items_purged":["Strike_B","Strike_B","Strike_B","Strike_B"],"score":598,"play_id":"1b4552fa-2e9f-42ed-8c63-65a33ce0c563","local_time":"20210213010205","is_ascension_mode":true,"campfire_choices":[{"floor":6,"key":"REST"},{"floor":12,"key":"REST"},{"floor":15,"key":"REST"},{"floor":23,"key":"REST"}],"circlet_count":0,"master_deck":["AscendersBane","Defend_B","Defend_B","Defend_B","Zap","Dualcast","Mayhem","Barrage","Hello World","Defragment+1","Cold Snap","FTL","Turbo","Amplify","Static Discharge","Master of Strategy","Static Discharge","Conserve Battery","Loop","Coolheaded","Ball Lightning","Chaos","Double Energy","Ball Lightning","Heatsinks","ReplayTheSpireMod:Calculation Training","Chill","Creative AI+1","Loop","Coolheaded"],"relics":["Cracked Core","PreservedInsect","reliquary:Firecrackers","Replay:Frozen Program","Runic Capacitor","FossilizedHelix","BargainBundle","Blue Doll","Cables","Happy Flower","Runic Dome"],"acts_visited":["Exordium","TheCity"],"potions_floor_usage":[10,11],"damage_taken":[{"damage":0,"enemies":"2 Louse","floor":1,"turns":3},{"damage":0,"enemies":"Cultist","floor":3,"turns":3},{"damage":0,"enemies":"Small Slimes","floor":4,"turns":3},{"damage":0,"enemies":"Blue Slaver","floor":5,"turns":4},{"damage":24,"enemies":"Exordium Thugs","floor":10,"turns":4},{"damage":4,"enemies":"Gremlin Nob","floor":11,"turns":4},{"damage":12,"enemies":"Exordium Wildlife","floor":13,"turns":3},{"damage":3,"enemies":"Lots of Slimes","floor":14,"turns":4},{"damage":0,"enemies":"Fading Forest","floor":16,"turns":11},{"damage":0,"enemies":"Chosen","floor":18,"turns":4},{"damage":7,"enemies":"Shell Parasite","floor":20,"turns":5},{"damage":10,"enemies":"3 Cultists","floor":21,"turns":5},{"damage":34,"enemies":"Cultist and Chosen","floor":22,"turns":7},{"damage":35,"enemies":"Gremlin Leader","floor":24,"turns":2}],"seed_played":"-6452732860369900446","potions_obtained":[{"floor":4,"key":"PowerPotion"},{"floor":22,"key":"LiquidBronze"}],"is_trial":false,"path_per_floor":["M","?","M","M","M","R","?","?","T","M","E","R","M","M","R","B",null,"M","?","M","M","M","R","E"],"character_chosen":"DEFECT","items_purchased":["Mayhem","PreservedInsect","Barrage","reliquary:Firecrackers","Hello World","Defragment+1","Cold Snap","FTL","Turbo","Replay:Frozen Program","Amplify","Static Discharge","Master of Strategy","Runic Capacitor","Static Discharge","Conserve Battery","FossilizedHelix","BargainBundle","Loop","Coolheaded","Ball Lightning","Chaos","PotionOfCapacity","Energy Potion"],"campfire_rested":4,"item_purchase_floors":[0,0,0,0,0,0,0,0,0,0,0,0,0,0,0,0,0,0,0,0,0,0,0,0],"current_hp_per_floor":[22,22,22,22,22,43,36,36,36,12,8,29,17,14,35,43,64,64,64,57,47,13,34,0,0],"gold":261,"neow_bonus":"","is_daily":false,"chose_seed":false,"campfire_upgraded":0,"win_rate":0.0,"timestamp":1613196125,"path_taken":["M","?","M","M","?","R","?","?","T","?","E","R","M","M","R","BOSS","M","?","?","M","M","R","E"],"items_purchased_type":["Card","Relic","Card","Relic","Card","Card","Card","Card","Card","Relic","Card","Card","Card","Relic","Card","Card","Relic","Relic","Card","Card","Card","Card","Potion","Potion"],"build_version":"2020-12-22","purchased_purges":4,"victory":false,"max_hp_per_floor":[71,71,71,71,71,71,71,71,71,71,71,71,71,71,71,71,71,71,71,71,71,71,71,71,71],"card_choices":[{"not_picked":["Turbo","Gash","Leap"],"picked":"SKIP","floor":1},{"not_picked":["BasicCrystalCard","Rebound"],"picked":"Double Energy","floor":3},{"not_picked":["Hologram","Steam Power","Blizzard"],"picked":"SKIP","floor":4},{"not_picked":["Compile Driver","Stack"],"picked":"Ball Lightning","floor":5},{"not_picked":["Gash","Static Discharge"],"picked":"Heatsinks","floor":10},{"not_picked":["Panic Button","Force Field"],"picked":"ReplayTheSpireMod:Calculation Training","floor":11},{"not_picked":["Compile Driver","Stack","Genetic Algorithm"],"picked":"SKIP","floor":13},{"not_picked":["ReplayTheSpireMod:Reroute Power","Redo"],"picked":"Chill","floor":14},{"not_picked":["ReplayTheSpireMod:Fabricate Wheel","All For One"],"picked":"Creative AI","floor":16},{"not_picked":["Compile Driver","Redo","Sunder"],"picked":"SKIP","floor":18},{"not_picked":["Barrage","Blizzard"],"picked":"Loop","floor":20},{"not_picked":["Redo","Rebound","Stack"],"picked":"SKIP","floor":21},{"not_picked":["Go for the Eyes","Ball Lightning"],"picked":"Coolheaded","floor":22}],"player_experience":835607,"relics_obtained":[{"floor":9,"key":"Cables"},{"floor":11,"key":"Happy Flower"}],"event_choices":[{"damage_healed":0,"gold_gain":0,"player_choice":"Paid Gold","damage_taken":0,"relics_obtained":["Blue Doll"],"max_hp_gain":0,"max_hp_loss":0,"event_name":"WeMeetAgain","floor":2,"gold_loss":103},{"cards_removed":["Defend_B"],"damage_healed":0,"gold_gain":0,"player_choice":"Card Removal","damage_taken":7,"max_hp_gain":0,"max_hp_loss":0,"event_name":"Golden Wing","floor":7,"gold_loss":0},{"damage_healed":0,"gold_gain":0,"player_choice":"Got Potions","damage_taken":0,"max_hp_gain":0,"max_hp_loss":0,"event_name":"Lab","floor":8,"gold_loss":0},{"damage_healed":0,"gold_gain":0,"player_choice":"Upgraded","damage_taken":0,"max_hp_gain":0,"max_hp_loss":0,"event_name":"Upgrade Shrine","floor":19,"gold_loss":0,"cards_upgraded":["Creative AI"]}],"is_beta":false,"boss_relics":[{"not_picked":["hubris:HollowSoul","Snecko Eye"],"picked":"Runic Dome"}],"items_purged_floors":[0,0,0,0],"is_endless":false,"potions_floor_spawned":[1,4,10,22],"killed_by":"Gremlin Leader","ascension_level":14}}