{"host":"Tuck","time":1613249926,"event":{"mods":["BaseMod","Minty Spire (QoL Compilation)","StSLib"],"gold_per_floor":[114,114,131,131,131,154,154,252,330,370,393,411,68,109,109,232,232,253,276,296,296,311,346,365,401,401,401,417,461,304,214,214,334,334,353,353,1,1,19,58,82,115,115,265,288,327,690,709,709,709,709,709,554,592,592],"floor_reached":56,"language":"ENG","playtime":4285,"items_purged":["Strike_B","Strike_B+1"],"score":1862,"play_id":"b5378a71-10a7-4f70-ab2c-256e38ee5b95","local_time":"20210213135846","is_ascension_mode":true,"campfire_choices":[{"data":"Zap","floor":7,"key":"SMITH"},{"data":"Loop","floor":15,"key":"SMITH"},{"data":"Defragment","floor":27,"key":"SMITH"},{"data":"Biased Cognition","floor":32,"key":"SMITH"},{"data":"Seek","floor":49,"key":"SMITH"},{"data":"Biased Cognition","floor":52,"key":"SMITH"}],"circlet_count":0,"master_deck":["Defend_B","Defend_B+1","Defend_B","Defend_B","Dualcast","CurseOfTheBell","Conserve Battery","Cold Snap","Go for the Eyes","Seek+1","Conserve Battery","Loop+1","Coolheaded","Blizzard","Biased Cognition+1","Ball Lightning","Defragment","Self Repair","Hologram+1","Recycle","White Noise+1","Defragment+1","Cold Snap","Biased Cognition+1","Panacea","Master of Strategy","Turbo+1","Heatsinks+1","Hologram+1","Defragment","Recycle+1","Amplify+1"],"relics":["Calling Bell","DataDisk","Letter Opener","TungstenRod","FaceOfCleric","Golden Idol","Whetstone","Symbiotic Virus","Bag of Preparation","OrangePellets","Lantern","Inserter","Boot","Mummified Hand","PreservedInsect","WarpedTongs","Orichalcum","Potion Belt","Runic Pyramid","Toxic Egg 2","Happy Flower","MealTicket","Gremlin Horn","Gambling Chip","Anchor","Old Coin","Art of War","Bronze Scales"],"acts_visited":["Exordium","TheCity","TheBeyond","TheEnding"],"potions_floor_usage":[8,20,55,55,55,55,55],"damage_taken":[{"damage":0,"enemies":"Cultist","floor":1,"turns":3},{"damage":3,"enemies":"Jaw Worm","floor":3,"turns":4},{"damage":9,"enemies":"Small Slimes","floor":6,"turns":4},{"damage":6,"enemies":"3 Sentries","floor":8,"turns":15},{"damage":17,"enemies":"Gremlin Nob","floor":10,"turns":4},{"damage":0,"enemies":"Gremlin Gang","floor":11,"turns":3},{"damage":3,"enemies":"Looter","floor":12,"turns":2},{"damage":0,"enemies":"3 Sentries","floor":14,"turns":8},{"damage":5,"enemies":"The Guardian","floor":16,"turns":13},{"damage":0,"enemies":"3 Byrds","floor":18,"turns":5},{"damage":0,"enemies":"Spheric Guardian","floor":19,"turns":3},{"damage":0,"enemies":"3 Cultists","floor":20,"turns":5},{"damage":1,"enemies":"Chosen and Byrds","floor":22,"turns":7},{"damage":0,"enemies":"Gremlin Leader","floor":23,"turns":7},{"damage":4,"enemies":"Centurion and Healer","floor":24,"turns":6},{"damage":0,"enemies":"Slavers","floor":25,"turns":4},{"damage":9,"enemies":"Snecko","floor":28,"turns":4},{"damage":0,"enemies":"Book of Stabbing","floor":29,"turns":6},{"damage":0,"enemies":"Champ","floor":33,"turns":22},{"damage":0,"enemies":"3 Shapes","floor":35,"turns":3},{"damage":4,"enemies":"3 Darklings","floor":39,"turns":6},{"damage":4,"enemies":"Reptomancer","floor":40,"turns":6},{"damage":0,"enemies":"Spire Growth","floor":41,"turns":5},{"damage":0,"enemies":"Nemesis","floor":42,"turns":3},{"damage":0,"enemies":"Jaw Worm Horde","floor":45,"turns":4},{"damage":0,"enemies":"Giant Head","floor":46,"turns":7},{"damage":0,"enemies":"Mind Bloom Boss Battle","floor":47,"turns":4},{"damage":0,"enemies":"Sphere and 2 Shapes","floor":48,"turns":6},{"damage":0,"enemies":"Donu and Deca","floor":50,"turns":7},{"damage":0,"enemies":"Shield and Spear","floor":54,"turns":4},{"damage":0,"enemies":"The Heart","floor":55,"turns":14}],"seed_played":"2596957556924426373","potions_obtained":[{"floor":1,"key":"LiquidBronze"},{"floor":6,"key":"ColorlessPotion"},{"floor":10,"key":"Block Potion"},{"floor":11,"key":"SpeedPotion"},{"floor":16,"key":"FocusPotion"},{"floor":20,"key":"Block Potion"},{"floor":35,"key":"AttackPotion"},{"floor":42,"key":"SpeedPotion"}],"is_trial":false,"path_per_floor":["M","?","M","?","?","M","R","E","T","E","M","M","$","E","R","B",null,"M","M","M","?","M","E","M","E","T","R","M","E","$","?","R","B",null,"M","?","$","?","M","E","M","E","T","$","M","E","?","M","R","B",null,"R","$","E","B",null],"character_chosen":"DEFECT","items_purchased":["Loop","Coolheaded","OrangePellets","Potion Belt","Toxic Egg 2","Hologram+1","Defragment","Gambling Chip","Art of War"],"campfire_rested":0,"item_purchase_floors":[13,13,13,30,37,44,44,44,53],"current_hp_per_floor":[75,75,73,55,55,47,47,42,42,26,27,25,25,26,26,22,83,84,85,86,86,87,88,89,90,90,90,89,92,92,92,92,93,93,94,85,85,85,89,96,97,98,98,98,99,100,101,102,102,103,103,103,103,104,105],"gold":592,"neow_bonus":"BOSS_RELIC","is_daily":false,"chose_seed":false,"campfire_upgraded":6,"win_rate":0.0,"timestamp":1613249926,"path_taken":["M","?","?","?","?","M","R","E","T","E","?","M","$","E","R","BOSS","M","M","M","?","M","E","M","E","T","R","M","E","$","?","R","BOSS","M","?","$","?","?","E","M","E","T","$","M","E","?","M","R","BOSS","R","$","E","BOSS"],"items_purchased_type":["Card","Card","Relic","Relic","Relic","Card","Card","Relic","Relic"],"build_version":"2020-12-18","purchased_purges":2,"victory":true,"max_hp_per_floor":[75,75,76,76,76,77,77,78,78,79,80,81,81,82,82,83,83,84,85,86,86,87,88,89,90,90,90,91,92,92,92,92,93,93,94,94,94,94,95,96,97,98,98,98,99,100,101,102,102,103,103,103,103,104,105],"card_choices":[{"not_picked":["Rebound","Steam Power","Reprogram"],"picked":"SKIP","floor":1},{"not_picked":["Leap","Barrage"],"picked":"Conserve Battery","floor":3},{"not_picked":["Streamline","Leap"],"picked":"Cold Snap","floor":6},{"not_picked":["Storm","Rebound","Force Field"],"picked":"SKIP","floor":8},{"not_picked":["White Noise","Redo"],"picked":"Go for the Eyes","floor":10},{"not_picked":["Sunder","Loop"],"picked":"Seek","floor":11},{"not_picked":["Leap","Steam"],"picked":"Conserve Battery","floor":12},{"not_picked":["Multi-Cast","Aggregate"],"picked":"Blizzard","floor":14},{"not_picked":["Electrodynamics","Core Surge"],"picked":"Biased Cognition","floor":16},{"not_picked":["Streamline+1","Double Energy"],"picked":"Ball Lightning","floor":18},{"not_picked":["Gash","Coolheaded"],"picked":"Defragment","floor":19},{"not_picked":["Fusion","Steam Power"],"picked":"Self Repair","floor":20},{"not_picked":["Sweeping Beam","Compile Driver"],"picked":"Hologram+1","floor":22},{"not_picked":["Genetic Algorithm","Heatsinks"],"picked":"Recycle","floor":23},{"not_picked":["Chaos","Rip and Tear"],"picked":"White Noise+1","floor":24},{"not_picked":["Aggregate","Darkness+1"],"picked":"Defragment","floor":25},{"not_picked":["Blizzard","Barrage"],"picked":"Cold Snap","floor":28},{"not_picked":["Leap+1","Sweeping Beam","Ball Lightning"],"picked":"SKIP","floor":29},{"not_picked":["Machine Learning","Amplify"],"picked":"Biased Cognition","floor":33},{"not_picked":["Ball Lightning+1","Reprogram+1","Beam Cell+1"],"picked":"SKIP","floor":35},{"not_picked":["Flash of Steel","Metamorphosis"],"picked":"Panacea","floor":36},{"not_picked":["Magnetism","Blind"],"picked":"Master of Strategy","floor":36},{"not_picked":["Sunder+1","Compile Driver"],"picked":"Turbo+1","floor":39},{"not_picked":["Defragment","Streamline"],"picked":"Heatsinks+1","floor":40},{"not_picked":["Streamline+1","Leap+1","Rebound"],"picked":"SKIP","floor":41},{"not_picked":["Streamline","Lockon","Buffer"],"picked":"SKIP","floor":42},{"not_picked":["Hologram+1","Storm+1","Stack+1"],"picked":"SKIP","floor":45},{"not_picked":["Cold Snap","Conserve Battery+1","Beam Cell+1"],"picked":"SKIP","floor":46},{"not_picked":["FTL+1","Redo+1"],"picked":"Recycle+1","floor":48},{"not_picked":["Rebound+1","BootSequence+1","Cold Snap"],"picked":"SKIP","floor":54}],"player_experience":2396515,"relics_obtained":[{"floor":0,"key":"DataDisk"},{"floor":0,"key":"Letter Opener"},{"floor":0,"key":"TungstenRod"},{"floor":8,"key":"Whetstone"},{"floor":9,"key":"Symbiotic Virus"},{"floor":10,"key":"Bag of Preparation"},{"floor":14,"key":"Lantern"},{"floor":23,"key":"Mummified Hand"},{"floor":25,"key":"PreservedInsect"},{"floor":29,"key":"Orichalcum"},{"floor":40,"key":"Happy Flower"},{"floor":42,"key":"MealTicket"},{"floor":43,"key":"Gremlin Horn"},{"floor":46,"key":"Anchor"},{"floor":47,"key":"Old Coin"},{"floor":54,"key":"Bronze Scales"}],"event_choices":[{"damage_healed":0,"gold_gain":0,"player_choice":"Trade","damage_taken":0,"relics_obtained":["FaceOfCleric"],"max_hp_gain":0,"max_hp_loss":0,"event_name":"FaceTrader","floor":2,"gold_loss":0},{"damage_healed":0,"gold_gain":0,"player_choice":"Take Damage","damage_taken":19,"relics_obtained":["Golden Idol"],"max_hp_gain":0,"max_hp_loss":0,"event_name":"Golden Idol","floor":4,"gold_loss":0},{"cards_removed":["Strike_B"],"damage_healed":0,"gold_gain":0,"player_choice":"Purged","damage_taken":0,"max_hp_gain":0,"max_hp_loss":0,"event_name":"Purifier","floor":5,"gold_loss":0},{"damage_healed":0,"gold_gain":0,"player_choice":"Opened","damage_taken":0,"relics_obtained":["Boot"],"max_hp_gain":0,"max_hp_loss":0,"event_name":"The Mausoleum","floor":21,"gold_loss":0,"cards_obtained":["Writhe"]},{"cards_removed":["Strike_B"],"damage_healed":0,"gold_gain":0,"player_choice":"Upgrade and Remove","damage_taken":0,"max_hp_gain":0,"max_hp_loss":0,"event_name":"Designer","floor":31,"gold_loss":90,"cards_upgraded":["Defend_B"]},{"damage_healed":0,"gold_gain":0,"player_choice":"Memory 3","damage_taken":10,"max_hp_gain":0,"max_hp_loss":0,"event_name":"SensoryStone","floor":36,"gold_loss":0},{"cards_removed":["Zap"],"damage_healed":0,"gold_gain":0,"player_choice":"Purged","damage_taken":0,"max_hp_gain":0,"max_hp_loss":0,"event_name":"Purifier","floor":38,"gold_loss":0},{"damage_healed":0,"gold_gain":0,"player_choice":"Ignored","damage_taken":0,"max_hp_gain":0,"max_hp_loss":0,"event_name":"The Moai Head","floor":47,"gold_loss":0},{"damage_healed":0,"gold_gain":0,"player_choice":"Fight","damage_taken":0,"max_hp_gain":0,"max_hp_loss":0,"event_name":"MindBloom","floor":47,"gold_loss":0}],"is_beta":true,"boss_relics":[{"not_picked":["Runic Dome","Fusion Hammer"],"picked":"Inserter"},{"not_picked":["SlaversCollar","Empty Cage"],"picked":"Runic Pyramid"}],"items_purged_floors":[13,37],"is_endless":false,"potions_floor_spawned":[1,6,10,11,16,20,24,25,28,35,42,45,47],"ascension_level":1}}