{"host":"8d3fefv2347kqkpz","time":1613253245,"event":{"mods":["AchievementEnabler","Act Like it!","BaseMod","Better Vampires","Colored Map","Colored Powertips","Downfall","GifTheSpireLib","Highlight Path","Minty Spire (QoL Compilation)","Quick Restart","Rare Cards Sparkle","Relic Stats","Replay The Spire","Spicy Shops","StSLib","Waifu the Spire"],"gold_per_floor":[116,127,127,143,35,35,35,35,89,106,126,140,152,152,152,252,252,266,251,99,99,109,109,109,109],"floor_reached":24,"language":"ZHS","playtime":804,"items_purged":["Strike_R"],"score":190,"play_id":"f41227f4-fe7d-4b39-af3b-2d5730f35418","local_time":"20210214055405","is_ascension_mode":false,"campfire_choices":[{"data":"Metallicize","floor":6.0,"key":"SMITH"},{"data":"Bash","floor":8.0,"key":"SMITH"},{"data":"True Grit","floor":15.0,"key":"SMITH"},{"data":"Dark Embrace","floor":23,"key":"SMITH"}],"circlet_count":0,"master_deck":["Strike_R","Strike_R","Strike_R","Defend_R","Defend_R","Defend_R","Defend_R","Bash+1","Burning Pact","ReplayTheSpireMod:Strike From Hell","Metallicize+1","True Grit+1","Fiend Fire","Armaments+1","Dark Embrace+1","downfall:Bewildered"],"relics":["Black Blood","Oddly Smooth Stone","sneckomod:BabySnecko"],"acts_visited":["Exordium","TheCity"],"potions_floor_usage":[16,16],"damage_taken":[{"damage":1.0,"enemies":"Cultist","floor":1.0,"turns":4.0},{"damage":12.0,"enemies":"Jaw Worm","floor":2.0,"turns":5.0},{"damage":0.0,"enemies":"Small Slimes","floor":4.0,"turns":3.0},{"damage":3.0,"enemies":"Exordium Wildlife","floor":10.0,"turns":6.0},{"damage":4.0,"enemies":"2 Fungi Beasts","floor":11.0,"turns":5.0},{"damage":0.0,"enemies":"Looter","floor":12.0,"turns":4.0},{"damage":2.0,"enemies":"3 Louse","floor":13.0,"turns":4.0},{"damage":50,"enemies":"Hexaghost","floor":16,"turns":15},{"damage":24,"enemies":"Spheric Guardian","floor":18,"turns":12},{"damage":10,"enemies":"2 Thieves","floor":19,"turns":4},{"damage":22,"enemies":"Snake Plant","floor":22,"turns":5},{"damage":22,"enemies":"Chosen and Byrds","floor":24,"turns":6}],"seed_played":"214611693321535394","potions_obtained":[{"floor":4.0,"key":"Ancient Potion"},{"floor":7.0,"key":"Weak Potion"},{"floor":7.0,"key":"FearPotion"},{"floor":7.0,"key":"Fire Potion"},{"floor":12.0,"key":"Dexterity Potion"}],"is_trial":false,"path_per_floor":["M","M","?","M","$","R","?","R","T","M","M","M","M","?","R","B",null,"M","M","$","?","M","R","M"],"character_chosen":"IRONCLAD","items_purchased":["Metallicize","Dark Embrace"],"campfire_rested":0,"item_purchase_floors":[5,20],"current_hp_per_floor":[88,82,82,88,88,88,88,88,88,88,88,88,88,88,88,44,88,76,78,78,78,68,68,46,46],"gold":109,"neow_bonus":"TEN_PERCENT_HP_BONUS","is_daily":false,"chose_seed":false,"campfire_upgraded":4,"win_rate":0.0,"timestamp":1613253245,"path_taken":["M","M","?","M","$","R","?","R","T","M","M","?","M","?","R","BOSS","M","M","$","?","M","R","M"],"items_purchased_type":["Card","Card"],"build_version":"2020-12-22","purchased_purges":1,"victory":false,"max_hp_per_floor":[88,88,88,88,88,88,88,88,88,88,88,88,88,88,88,88,88,88,88,88,88,88,88,88,88],"relic_stats":{"counters":[12,73],"Black Blood":64,"obtain_stats":[{"sneckomod:BabySnecko":21,"Oddly Smooth Stone":9,"Black Blood":17,"Burning Blood":0},{"sneckomod:BabySnecko":10,"Oddly Smooth Stone":3,"Black Blood":8,"Burning Blood":0},{"sneckomod:BabySnecko":62,"Oddly Smooth Stone":12,"Black Blood":46,"Burning Blood":0}]},"card_choices":[{"not_picked":["Wild Strike","Second Wind"],"picked":"Burning Pact","floor":1.0},{"not_picked":["Shrug It Off","Replay:Undeath\u0027s Touch"],"picked":"ReplayTheSpireMod:Strike From Hell","floor":2.0},{"not_picked":["Perfected Strike","Blood for Blood","Entrench"],"picked":"SKIP","floor":4.0},{"not_picked":["Armaments","ReplayTheSpireMod:Strike From Hell"],"picked":"True Grit","floor":10.0},{"not_picked":["Cleave","ReplayTheSpireMod:Strike From Hell","Heavy Blade"],"picked":"SKIP","floor":11.0},{"not_picked":["Perfected Strike","Clothesline","Rupture"],"picked":"SKIP","floor":12.0},{"not_picked":["Run Through","Spot Weakness","Flex"],"picked":"SKIP","floor":13.0},{"not_picked":["Impervious","Hemogenesis"],"picked":"Fiend Fire","floor":16},{"not_picked":["Pommel Strike","Headbutt+1","Heavy Blade"],"picked":"SKIP","floor":18},{"not_picked":["Wild Strike","Pommel Strike"],"picked":"Armaments+1","floor":19},{"not_picked":["Armaments+1","Uppercut","Brutality"],"picked":"SKIP","floor":22}],"player_experience":362512,"relics_obtained":[{"floor":9.0,"key":"Oddly Smooth Stone"}],"event_choices":[{"damage_healed":0.0,"max_hp_gain":0.0,"max_hp_loss":0.0,"gold_gain":0.0,"event_name":"Shining Light","player_choice":"Ignored","floor":3.0,"gold_loss":0.0,"damage_taken":0.0},{"damage_healed":0.0,"max_hp_gain":0.0,"max_hp_loss":0.0,"gold_gain":0.0,"event_name":"Lab","player_choice":"Got Potions","floor":7.0,"gold_loss":0.0,"damage_taken":0.0}],"is_beta":false,"boss_relics":[{"not_picked":["Snecko Heart","Coffee Dripper"],"picked":"Black Blood"}],"items_purged_floors":[20],"is_endless":false,"potions_floor_spawned":[4,11,12],"killed_by":"Chosen and Byrds","ascension_level":0}}