{"host":"609l7sx3bs4zmbf1","time":1613187049,"event":{"mods":["AchievementEnabler","Aspiration","BaseMod","Bestiary","Better Altar","Better Match","Better Note","Better Sensory Stone","Better Skull","Better Third Choice","BetterRewards","Conspire","GifTheSpireLib","Hero for Fun","Hubris","Minty Spire (QoL Compilation)","Rare Cards Sparkle","Spicy Shops","StSLib","Stuff the Spire","The Blue Laboratory","Uncapped","Waifu the Spire"],"gold_per_floor":[114,124,124,141,160,288,306,418,500,675,686,686,686,806,806,911,911,924,952,952,877,677,677,677,677],"floor_reached":24,"language":"ENG","playtime":1973,"items_purged":[],"score":355,"play_id":"dcf32940-4b17-43ac-aa29-6cb96c81913a","local_time":"20210212213049","is_ascension_mode":true,"campfire_choices":[{"floor":15.0,"key":"REST"},{"floor":23,"key":"RECALL"}],"circlet_count":1,"master_deck":["Strike_B","Strike_B","Strike_B","Strike_B","Defend_B","Defend_B","Defend_B","Defend_B","Zap+1","Dualcast","Defragment","Sunder","hubris:Ukulele","Barrage","Streamline","Sweeping Beam","Double Energy","Leap","Genetic Algorithm","Redo","Ball Lightning","Barrage","Creative AI","Barrage+1","Consume+1","conspire:SpireCoStock","conspire:SpireCoStock","conspire:SpireCoStock","conspire:SpireCoStock"],"relics":["Cracked Core","StuffTheSpire:TintedRock","aspiration:SeaSaltIceCream","Circlet","TungstenRod","conspire:BottledYoYo","hubris:Stopwatch","Orichalcum","hubris:BottledHeart"],"acts_visited":["Exordium","TheCity"],"potions_floor_usage":[24],"damage_taken":[{"damage":1.0,"enemies":"Cultist","floor":1.0,"turns":3.0},{"damage":2.0,"enemies":"2 Louse","floor":2.0,"turns":2.0},{"damage":10.0,"enemies":"Small Slimes","floor":4.0,"turns":2.0},{"damage":5.0,"enemies":"Looter","floor":5.0,"turns":2.0},{"damage":17.0,"enemies":"3 Sentries","floor":6.0,"turns":4.0},{"damage":1.0,"enemies":"2 Fungi Beasts","floor":7.0,"turns":2.0},{"damage":30.0,"enemies":"Lagavulin","floor":8.0,"turns":6.0},{"damage":11.0,"enemies":"Large Slime","floor":11.0,"turns":4.0},{"damage":17.0,"enemies":"Gremlin Nob","floor":14.0,"turns":3.0},{"damage":18.0,"enemies":"Hexaghost","floor":16.0,"turns":9.0},{"damage":14.0,"enemies":"Shell Parasite","floor":18.0,"turns":5.0},{"damage":44,"enemies":"conspire:MimicChest","floor":19,"turns":7},{"damage":0,"enemies":"Slavers","floor":24,"turns":4}],"seed_played":"-5646867700666763307","potions_obtained":[{"floor":5.0,"key":"blueLaboratory:Moonshine"},{"floor":7.0,"key":"Regen Potion"},{"floor":8.0,"key":"blueLaboratory:FruitPreserves"},{"floor":14.0,"key":"blueLaboratory:CoolantVial"},{"floor":19,"key":"blueLaboratory:SavagePotion"}],"is_trial":false,"path_per_floor":["M","M","?","M","M","E","M","E","T","?","M","?","?","E","R","B",null,"M","?","?","?","?","R","E"],"character_chosen":"DEFECT","items_purchased":["StuffTheSpire:TintedRock","Defragment","Sunder","hubris:Ukulele"],"campfire_rested":1,"item_purchase_floors":[0,0,0,0],"current_hp_per_floor":[62,60,60,50,45,28,27,12,12,12,26,29,29,12,35,17,78,64,20,1,1,1,1,1,1],"gold":677,"neow_bonus":"","is_daily":false,"chose_seed":false,"campfire_upgraded":0,"win_rate":0.0,"timestamp":1613187049,"path_taken":["M","?","?","M","M","E","M","E","T","?","M","?","?","E","R","BOSS","M","?","?","?","?","R","E"],"items_purchased_type":["Relic","Card","Card","Card"],"build_version":"2020-12-22","purchased_purges":0,"victory":false,"max_hp_per_floor":[75,75,75,75,75,75,75,75,75,75,75,78,78,78,78,78,78,78,78,1,1,1,1,1,1],"card_choices":[{"not_picked":["Stack","Turbo"],"picked":"Barrage","floor":1.0},{"not_picked":["Compile Driver","Fusion"],"picked":"Streamline","floor":2.0},{"not_picked":["Gash","Leap"],"picked":"Sweeping Beam","floor":4.0},{"not_picked":["Streamline","Rebound"],"picked":"Double Energy","floor":5.0},{"not_picked":["Sunder","Static Discharge"],"picked":"Leap","floor":6.0},{"not_picked":["Rebound","Reinforced Body"],"picked":"Genetic Algorithm","floor":7.0},{"not_picked":["Gash","Beam Cell"],"picked":"Redo","floor":8.0},{"not_picked":["Stack","Blizzard"],"picked":"Ball Lightning","floor":11.0},{"not_picked":["All For One","Sunder"],"picked":"Barrage","floor":14.0},{"not_picked":["Core Surge","Buffer"],"picked":"Creative AI","floor":16.0},{"not_picked":["Redo","BootSequence+1"],"picked":"Barrage+1","floor":18.0},{"not_picked":["White Noise","Coolheaded+1"],"picked":"Consume+1","floor":19}],"player_experience":444307,"relics_obtained":[{"floor":6.0,"key":"aspiration:SeaSaltIceCream"},{"floor":8.0,"key":"TungstenRod"},{"floor":14.0,"key":"conspire:BottledYoYo"},{"floor":19,"key":"Orichalcum"}],"event_choices":[{"damage_healed":0.0,"max_hp_gain":0.0,"max_hp_loss":0.0,"gold_gain":0.0,"event_name":"Living Wall","player_choice":"Grow","floor":3.0,"gold_loss":0.0,"damage_taken":0.0,"cards_upgraded":["Zap"]},{"damage_healed":0.0,"max_hp_gain":0.0,"max_hp_loss":0.0,"gold_gain":175.0,"event_name":"betterThird:BetterSerpent","player_choice":"AGREE","floor":10.0,"gold_loss":0.0,"damage_taken":500.0},{"damage_healed":29.0,"max_hp_gain":0.0,"max_hp_loss":78.0,"gold_gain":0.0,"event_name":"betterThird:BetterShining","player_choice":"Leave","floor":13.0,"gold_loss":0.0,"damage_taken":0.0},{"cards_removed":["Doubt"],"damage_healed":0,"gold_gain":0,"player_choice":"Gave Gold","damage_taken":0,"max_hp_gain":0,"max_hp_loss":0,"event_name":"Beggar","floor":21,"gold_loss":75},{"damage_healed":0,"gold_gain":0,"player_choice":"Invest 4","damage_taken":0,"max_hp_gain":0,"max_hp_loss":0,"event_name":"conspire:Investor","floor":22,"gold_loss":0}],"is_beta":false,"boss_relics":[{"not_picked":["hubris:CrackedHourglass","hubris:GrandSneckoEye"],"picked":"hubris:Stopwatch"}],"items_purged_floors":[],"is_endless":false,"potions_floor_spawned":[5,7,8,14,19],"killed_by":"Slavers","ascension_level":1}}