{"host":"suw5tyb7z6zbnnfs","time":1613187833,"event":{"mods":["AchievementEnabler","BaseMod","Colored Map","Minty Spire (QoL Compilation)"],"gold_per_floor":[116,126,14,14,30,364,364,393,470,504,504,243,255,2,2,97,97,97,97,97,46,46,46,46,46,46,46,46,46,46,46,46],"floor_reached":31,"language":"ENG","playtime":2476,"items_purged":["Strike_G","Strike_G"],"score":422,"play_id":"da6d7cd0-b85a-40c6-a1aa-8c896e27cd04","local_time":"20210212224353","is_ascension_mode":true,"campfire_choices":[{"data":"Neutralize","floor":7,"key":"SMITH"},{"floor":15,"key":"REST"},{"data":"Panacea","floor":25,"key":"SMITH"},{"floor":27,"key":"REST"}],"circlet_count":0,"master_deck":["Strike_G","Strike_G","Strike_G","Defend_G","Defend_G","Defend_G","Defend_G","Defend_G","Survivor","Neutralize+1","Envenom","Sucker Punch","Deadly Poison","Caltrops","Terror","Dagger Spray","After Image+1","Bouncing Flask","Panacea+1","Well Laid Plans+1","Tools of the Trade+1","Leg Sweep","Footwork+1","Infinite Blades+1","Caltrops+1","Footwork+1"],"relics":["Ring of the Snake","Old Coin","Blood Vial","Frozen Egg 2","Peace Pipe","Shuriken","Ectoplasm","Vajra","StoneCalendar","Lantern","CaptainsWheel"],"acts_visited":["Exordium","TheCity"],"potions_floor_usage":[6,8,13,23,23,24,28],"damage_taken":[{"damage":1,"enemies":"Jaw Worm","floor":1,"turns":5},{"damage":5,"enemies":"Small Slimes","floor":2,"turns":4},{"damage":0,"enemies":"2 Louse","floor":5,"turns":2},{"damage":12,"enemies":"Lagavulin","floor":6,"turns":5},{"damage":18,"enemies":"Gremlin Nob","floor":8,"turns":4},{"damage":18,"enemies":"Lagavulin","floor":10,"turns":9},{"damage":12,"enemies":"Lots of Slimes","floor":13,"turns":3},{"damage":15,"enemies":"Hexaghost","floor":16,"turns":9},{"damage":4,"enemies":"3 Byrds","floor":18,"turns":3},{"damage":1,"enemies":"Chosen","floor":22,"turns":6},{"damage":36,"enemies":"Slavers","floor":23,"turns":8},{"damage":9,"enemies":"Centurion and Healer","floor":24,"turns":6},{"damage":14,"enemies":"Gremlin Leader","floor":28,"turns":6},{"damage":11,"enemies":"Shelled Parasite and Fungi","floor":30,"turns":6},{"damage":16,"enemies":"Snake Plant","floor":31,"turns":2}],"seed_played":"524387061551641871","potions_obtained":[{"floor":2,"key":"Swift Potion"},{"floor":5,"key":"AttackPotion"},{"floor":6,"key":"DistilledChaos"},{"floor":16,"key":"SteroidPotion"},{"floor":18,"key":"Dexterity Potion"},{"floor":22,"key":"SkillPotion"},{"floor":24,"key":"Explosive Potion"}],"is_trial":false,"path_per_floor":["M","M","$","?","M","E","R","E","T","E","?","$","M","$","R","B",null,"M","?","?","?","M","E","M","R","T","R","E","?","M","M"],"character_chosen":"THE_SILENT","items_purchased":["Caltrops","Bouncing Flask","Panacea","Shuriken"],"campfire_rested":2,"item_purchase_floors":[3,12,12,14],"current_hp_per_floor":[62,57,57,62,62,50,50,32,32,16,16,16,6,6,26,13,54,52,52,52,52,53,19,12,12,12,32,20,20,11,0,0],"gold":46,"neow_bonus":"THREE_RARE_CARDS","is_daily":false,"chose_seed":false,"campfire_upgraded":2,"win_rate":0.0,"timestamp":1613187833,"path_taken":["M","M","$","?","M","E","R","E","T","E","?","$","M","?","R","BOSS","M","?","?","?","M","E","?","R","T","R","E","?","?","M"],"items_purchased_type":["Card","Card","Card","Relic"],"build_version":"2020-12-22","purchased_purges":2,"victory":false,"max_hp_per_floor":[63,63,63,68,68,68,68,68,68,68,68,68,68,68,68,68,68,68,68,68,68,68,68,68,68,68,68,68,68,68,68,68],"card_choices":[{"not_picked":["Grand Finale","Glass Knife"],"picked":"Envenom","floor":0},{"not_picked":["Endless Agony","Slice"],"picked":"Sucker Punch","floor":1},{"not_picked":["Deflect","Blade Dance"],"picked":"Deadly Poison","floor":2},{"not_picked":["Outmaneuver","Reflex","Sucker Punch"],"picked":"SKIP","floor":5},{"not_picked":["Deadly Poison","PiercingWail"],"picked":"Terror","floor":6},{"not_picked":["Eviscerate","Infinite Blades"],"picked":"Dagger Spray","floor":8},{"not_picked":["Eviscerate","Dagger Spray"],"picked":"After Image+1","floor":10},{"not_picked":["Crippling Poison","Backflip"],"picked":"Well Laid Plans+1","floor":13},{"not_picked":["Grand Finale","A Thousand Cuts+1"],"picked":"Tools of the Trade+1","floor":16},{"not_picked":["Blade Dance","Deadly Poison"],"picked":"Leg Sweep","floor":18},{"not_picked":["Dodge and Roll","Flechettes"],"picked":"Infinite Blades+1","floor":22},{"not_picked":["Predator+1","Quick Slash","Eviscerate"],"picked":"SKIP","floor":23},{"not_picked":["Tactician+1","Quick Slash","Bane+1"],"picked":"SKIP","floor":24},{"not_picked":["Doppelganger","Deadly Poison"],"picked":"Caltrops+1","floor":28},{"not_picked":["Eviscerate+1","Outmaneuver","Prepared"],"picked":"SKIP","floor":30}],"player_experience":900616,"relics_obtained":[{"floor":6,"key":"Old Coin"},{"floor":8,"key":"Blood Vial"},{"floor":9,"key":"Frozen Egg 2"},{"floor":10,"key":"Peace Pipe"},{"floor":23,"key":"StoneCalendar"},{"floor":26,"key":"Lantern"},{"floor":28,"key":"CaptainsWheel"}],"event_choices":[{"damage_healed":0,"gold_gain":0,"player_choice":"Donut","damage_taken":0,"max_hp_gain":5,"max_hp_loss":0,"event_name":"Big Fish","floor":4,"gold_loss":0},{"damage_healed":0,"gold_gain":0,"player_choice":"Ignored","damage_taken":0,"max_hp_gain":0,"max_hp_loss":0,"event_name":"Liars Game","floor":11,"gold_loss":0},{"damage_healed":0,"gold_gain":99,"player_choice":"Stole From Cult","damage_taken":0,"max_hp_gain":0,"max_hp_loss":0,"event_name":"Nest","floor":19,"gold_loss":0},{"damage_healed":0,"gold_gain":0,"player_choice":"Read","damage_taken":0,"max_hp_gain":0,"max_hp_loss":0,"event_name":"The Library","floor":20,"gold_loss":0,"cards_obtained":["Footwork"]},{"damage_healed":0,"gold_gain":0,"player_choice":"Paid Gold","damage_taken":0,"relics_obtained":["Vajra"],"max_hp_gain":0,"max_hp_loss":0,"event_name":"WeMeetAgain","floor":21,"gold_loss":51},{"damage_healed":0,"gold_gain":0,"player_choice":"Copied","damage_taken":0,"max_hp_gain":0,"max_hp_loss":0,"event_name":"Duplicator","floor":29,"gold_loss":0,"cards_obtained":["Footwork"]}],"is_beta":false,"boss_relics":[{"not_picked":["Ring of the Serpent","Calling Bell"],"picked":"Ectoplasm"}],"items_purged_floors":[3,12],"is_endless":false,"potions_floor_spawned":[2,5,6,16,18,22,24],"killed_by":"Snake Plant","ascension_level":9}}