{"host":"q2j4ef1ti78v4imq","time":1613214177,"event":{"mods":["AchievementEnabler","BaseMod","Better Altar","Better Match","Better Note","Better Sensory Stone","Better Skull","Better Third Choice","Block Reminder","Hermit","Minty Spire (QoL Compilation)","Relic Stats","Replay The Spire","Shade Mod","StSLib"],"gold_per_floor":[112,112,112,132,14,14,14,14,40,40,54,82,101,117,117,196,196,208,208,51,64,82,82,82,82,82,82,82],"floor_reached":27,"language":"ENG","playtime":983,"items_purged":["Burn+1"],"score":401,"play_id":"815fa96d-e647-4763-a532-7bec22525c69","local_time":"20210213110257","is_ascension_mode":true,"campfire_choices":[{"data":"Flex","floor":6,"key":"SMITH"},{"data":"Metallicize","floor":8,"key":"SMITH"},{"data":"Cleave","floor":10,"key":"SMITH"},{"data":"Whirlwind","floor":15,"key":"SMITH"},{"floor":23,"key":"REST"},{"data":"ReplayTheSpireMod:LeadingStrike","floor":25,"key":"SMITH"}],"circlet_count":0,"master_deck":["AscendersBane","Strike_R","Strike_R","Strike_R","Strike_R","Strike_R","Defend_R","Defend_R","Defend_R","Defend_R","Bash+1","Cleave","Flex+1","Cleave+1","Metallicize+1","Doubt","Uppercut+1","Whirlwind+1","Seeing Red","ReplayTheSpireMod:LeadingStrike+1","Berserk+1","CurseOfTheBell","Spot Weakness","Disarm","ReplayTheSpireMod:Muscle Training+1","Thunderclap"],"relics":["Burning Blood","ReplayTheSpireMod:Ring of Collecting","ReplayTheSpireMod:TigerMarble","Iron Hammer","Calling Bell","Pet Ghost","Replay:Ringing Soul","Ginger","Guide Book","Matryoshka","Ring of Searing"],"acts_visited":["Exordium","TheCity"],"potions_floor_usage":[16],"damage_taken":[{"damage":9,"enemies":"Jaw Worm","floor":1,"turns":4},{"damage":0,"enemies":"2 Louse","floor":4,"turns":2},{"damage":6,"enemies":"Small Slimes","floor":11,"turns":3},{"damage":24,"enemies":"3 Sentries","floor":12,"turns":10},{"damage":0,"enemies":"3 Louse","floor":13,"turns":2},{"damage":0,"enemies":"Lots of Slimes","floor":14,"turns":2},{"damage":64,"enemies":"Slime Boss","floor":16,"turns":11},{"damage":22,"enemies":"2 Thieves","floor":18,"turns":2},{"damage":25,"enemies":"Spheric Guardian","floor":21,"turns":4},{"damage":24,"enemies":"Centurion and Healer","floor":22,"turns":5},{"damage":44,"enemies":"Shelled Parasite and Fungi","floor":27,"turns":4}],"seed_played":"4524005308944333959","potions_obtained":[{"floor":4,"key":"Energy Potion"},{"floor":14,"key":"LifebloodPotion"}],"is_trial":false,"path_per_floor":["M","?","?","M","$","R","?","R","T","R","M","E","M","M","R","B",null,"M","?","$","M","M","R","?","R","T","M"],"character_chosen":"IRONCLAD","items_purchased":["Metallicize","Guide Book"],"campfire_rested":1,"item_purchase_floors":[5,20],"current_hp_per_floor":[65,65,65,71,71,71,71,71,71,71,71,53,59,65,65,7,58,45,48,48,32,17,43,43,43,43,0,0],"gold":82,"neow_bonus":"THREE_CARDS","is_daily":false,"chose_seed":false,"campfire_upgraded":5,"win_rate":0.0,"timestamp":1613214177,"path_taken":["M","?","?","M","$","R","?","R","T","R","M","E","M","M","R","BOSS","M","?","$","M","M","R","?","R","T","?"],"items_purchased_type":["Card","Relic"],"build_version":"2020-12-22","purchased_purges":1,"victory":false,"max_hp_per_floor":[75,75,75,75,75,75,75,75,75,75,75,75,75,75,75,75,75,78,81,81,84,87,87,87,87,87,87,87],"relic_stats":{"counters":[11,49],"Ginger":[3],"obtain_stats":[{"Calling Bell":17,"Replay:Ringing Soul":17,"Matryoshka":26,"ReplayTheSpireMod:Ring of Collecting":7,"Guide Book":20,"Iron Hammer":12,"ReplayTheSpireMod:TigerMarble":9,"Ginger":17,"Burning Blood":0,"Pet Ghost":17,"Ring of Searing":26},{"Calling Bell":7,"Replay:Ringing Soul":7,"Matryoshka":10,"ReplayTheSpireMod:Ring of Collecting":2,"Guide Book":8,"Iron Hammer":4,"ReplayTheSpireMod:TigerMarble":2,"Ginger":7,"Burning Blood":0,"Pet Ghost":7,"Ring of Searing":10},{"Calling Bell":34,"Replay:Ringing Soul":34,"Matryoshka":45,"ReplayTheSpireMod:Ring of Collecting":6,"Guide Book":36,"Iron Hammer":19,"ReplayTheSpireMod:TigerMarble":6,"Ginger":34,"Burning Blood":0,"Pet Ghost":34,"Ring of Searing":45}],"Burning Blood":60},"card_choices":[{"not_picked":["Dark Embrace","Headbutt"],"picked":"Cleave","floor":0},{"not_picked":["Carnage","Shrug It Off"],"picked":"Flex","floor":1},{"not_picked":["Combust","Headbutt"],"picked":"Cleave","floor":4},{"not_picked":["Havoc","ReplayTheSpireMod:Strike From Hell"],"picked":"Uppercut","floor":11},{"not_picked":["Pommel Strike","Entrench"],"picked":"Whirlwind","floor":12},{"not_picked":["Run Through","Warcry"],"picked":"Seeing Red","floor":13},{"not_picked":["Massacre","Clash"],"picked":"ReplayTheSpireMod:LeadingStrike","floor":14},{"not_picked":["Impervious","Exhume"],"picked":"Berserk","floor":16},{"not_picked":["Flex","Headbutt+1"],"picked":"Spot Weakness","floor":18},{"not_picked":["Abandon","Heavy Blade"],"picked":"ReplayTheSpireMod:Muscle Training+1","floor":21},{"not_picked":["Defy Death","Perfected Strike"],"picked":"Thunderclap","floor":22}],"player_experience":873127,"relics_obtained":[{"floor":7,"key":"ReplayTheSpireMod:Ring of Collecting"},{"floor":9,"key":"ReplayTheSpireMod:TigerMarble"},{"floor":12,"key":"Iron Hammer"},{"floor":17,"key":"Pet Ghost"},{"floor":17,"key":"Replay:Ringing Soul"},{"floor":17,"key":"Ginger"},{"floor":26,"key":"Matryoshka"},{"floor":26,"key":"Ring of Searing"}],"event_choices":[{"damage_healed":65,"gold_gain":0,"player_choice":"Embrace Burn","damage_taken":0,"max_hp_gain":0,"max_hp_loss":75,"event_name":"betterThird:BetterShining","floor":2,"gold_loss":0},{"damage_healed":0,"gold_gain":0,"player_choice":"Read","damage_taken":0,"max_hp_gain":0,"max_hp_loss":0,"event_name":"The Library","floor":19,"gold_loss":0,"cards_obtained":["Disarm"]},{"damage_healed":0,"gold_gain":0,"player_choice":"Ignored","damage_taken":0,"max_hp_gain":0,"max_hp_loss":0,"event_name":"Transmorgrifier","floor":24,"gold_loss":0}],"is_beta":false,"boss_relics":[{"not_picked":["Velvet Choker","Ectoplasm"],"picked":"Calling Bell"}],"items_purged_floors":[5],"is_endless":false,"potions_floor_spawned":[4,14],"killed_by":"Shelled Parasite and Fungi","ascension_level":18}}