{"host":"c3lc60y5x60jlt1y","time":1613231441,"event":{"mods":["AchievementEnabler","BaseMod","Bestiary","Colored Map","Minty Spire (QoL Compilation)","Quick Restart","StSLib","ojb\u0027s Info Mod"],"gold_per_floor":[112,17,17,17,30,55,55,65,65,65,99,113,129,163,163,236,236,248,258,271,287,45,45,59,59,59],"floor_reached":25,"language":"ENG","playtime":4386,"items_purged":[],"score":500,"play_id":"61439353-36c1-4f08-8d6d-c48e20c8eb6a","local_time":"20210213175041","is_ascension_mode":true,"campfire_choices":[{"data":"Coolheaded","floor":7.0,"key":"SMITH"},{"data":"Zap","floor":10.0,"key":"SMITH"},{"data":"Go for the Eyes","floor":15.0,"key":"SMITH"},{"floor":23.0,"key":"REST"}],"circlet_count":0,"master_deck":["AscendersBane","Strike_B","Strike_B","Strike_B","Strike_B","Defend_B","Defend_B","Defend_B","Zap+1","Dualcast","Coolheaded","Cold Snap","Chill","Coolheaded+1","Rip and Tear","Hologram","Go for the Eyes+1","Core Surge","Lockon","Genetic Algorithm","Biased Cognition","Doom and Gloom","Coolheaded","Seek","Blizzard","Reboot","Capacitor"],"relics":["Cracked Core","NeowsBlessing","Symbiotic Virus","Shuriken","Ornamental Fan","Boot","Philosopher\u0027s Stone"],"acts_visited":["Exordium","TheCity"],"potions_floor_usage":[25,25],"damage_taken":[{"damage":0.0,"enemies":"Jaw Worm","floor":1.0,"turns":1.0},{"damage":0.0,"enemies":"2 Louse","floor":5.0,"turns":1.0},{"damage":0.0,"enemies":"Lagavulin","floor":6.0,"turns":1.0},{"damage":0.0,"enemies":"Small Slimes","floor":8.0,"turns":2.0},{"damage":5.0,"enemies":"3 Sentries","floor":11.0,"turns":9.0},{"damage":5.0,"enemies":"Exordium Thugs","floor":12.0,"turns":3.0},{"damage":11.0,"enemies":"Exordium Wildlife","floor":13.0,"turns":3.0},{"damage":6.0,"enemies":"Gremlin Nob","floor":14.0,"turns":3.0},{"damage":11.0,"enemies":"Hexaghost","floor":16.0,"turns":7.0},{"damage":33.0,"enemies":"2 Thieves","floor":18.0,"turns":3.0},{"damage":18.0,"enemies":"Shell Parasite","floor":19.0,"turns":3.0},{"damage":0.0,"enemies":"Snecko","floor":20.0,"turns":5.0},{"damage":6.0,"enemies":"Sentry and Sphere","floor":21.0,"turns":4.0},{"damage":0.0,"enemies":"Cultist and Chosen","floor":24.0,"turns":5.0},{"damage":26,"enemies":"Slavers","floor":25,"turns":3}],"seed_played":"-6568505878110345735","potions_obtained":[{"floor":11.0,"key":"FocusPotion"},{"floor":12.0,"key":"Fire Potion"},{"floor":14.0,"key":"EssenceOfSteel"},{"floor":19.0,"key":"SteroidPotion"},{"floor":21.0,"key":"DistilledChaos"},{"floor":24.0,"key":"DuplicationPotion"}],"is_trial":false,"path_per_floor":["M","$","?","?","M","E","R","M","T","R","E","M","M","E","R","B",null,"M","M","M","M","$","R","M","E"],"character_chosen":"DEFECT","items_purchased":["Cold Snap","Chill","Reboot","Capacitor"],"campfire_rested":1,"item_purchase_floors":[2,2,22,22],"current_hp_per_floor":[64,64,57,71,71,71,71,71,71,71,66,61,50,44,44,33,62,29,11,11,5,5,26,26,0,0],"gold":59,"neow_bonus":"THREE_ENEMY_KILL","is_daily":false,"chose_seed":false,"campfire_upgraded":3,"win_rate":0.0,"timestamp":1613231441,"path_taken":["M","$","?","?","M","E","R","M","T","R","E","M","M","E","R","BOSS","M","M","M","M","$","R","M","E"],"items_purchased_type":["Card","Card","Card","Card"],"build_version":"2020-12-22","purchased_purges":0,"victory":false,"max_hp_per_floor":[71,71,71,71,71,71,71,71,71,71,71,71,71,71,71,71,71,71,71,71,71,71,71,71,71,71],"card_choices":[{"not_picked":["Loop","Turbo"],"picked":"Coolheaded","floor":1.0},{"not_picked":["Beam Cell","Gash"],"picked":"Coolheaded","floor":5.0},{"not_picked":["Conserve Battery","Cold Snap"],"picked":"Rip and Tear","floor":6.0},{"not_picked":["Conserve Battery","Rebound"],"picked":"Hologram","floor":8.0},{"not_picked":["Static Discharge","Heatsinks"],"picked":"Go for the Eyes","floor":11.0},{"not_picked":["White Noise","Streamline"],"picked":"Core Surge","floor":12.0},{"not_picked":["Redo","Recycle"],"picked":"Lockon","floor":13.0},{"not_picked":["Loop","Rebound"],"picked":"Genetic Algorithm","floor":14.0},{"not_picked":["Electrodynamics","Hyperbeam"],"picked":"Biased Cognition","floor":16.0},{"not_picked":["Cold Snap+1","Beam Cell"],"picked":"Doom and Gloom","floor":18.0},{"not_picked":["Barrage","Sweeping Beam+1"],"picked":"Coolheaded","floor":19.0},{"not_picked":["Compile Driver","Coolheaded"],"picked":"Seek","floor":20.0},{"not_picked":["Barrage","Redo+1"],"picked":"Blizzard","floor":21.0},{"not_picked":["Coolheaded","Steam","Storm"],"picked":"SKIP","floor":24.0}],"player_experience":9256873,"relics_obtained":[{"floor":6.0,"key":"Symbiotic Virus"},{"floor":9.0,"key":"Shuriken"},{"floor":11.0,"key":"Ornamental Fan"},{"floor":14.0,"key":"Boot"}],"event_choices":[{"cards_removed":["Defend_B"],"damage_healed":0.0,"max_hp_gain":0.0,"max_hp_loss":0.0,"gold_gain":0.0,"event_name":"Golden Wing","player_choice":"Card Removal","floor":3.0,"gold_loss":0.0,"damage_taken":7.0},{"damage_healed":23.0,"max_hp_gain":0.0,"max_hp_loss":0.0,"gold_gain":0.0,"event_name":"Big Fish","player_choice":"Banana","floor":4.0,"gold_loss":0.0,"damage_taken":0.0}],"is_beta":false,"boss_relics":[{"not_picked":["Nuclear Battery","Snecko Eye"],"picked":"Philosopher\u0027s Stone"}],"items_purged_floors":[],"is_endless":false,"potions_floor_spawned":[11,12,14,19,21,24],"killed_by":"Slavers","ascension_level":20}}