{"host":"fbdlh90rovbiajun","time":1613255573,"event":{"mods":["AchievementEnabler","BaseMod","Colored Map","Keyboard Shortcuts","Minty Spire (QoL Compilation)","SuperFastMode"],"gold_per_floor":[116,31,31,31,55,55,73,94,94,113,113,113,113,113],"floor_reached":13,"language":"KOR","playtime":584,"items_purged":[],"score":75,"play_id":"ef2f0b77-ec06-4812-95c2-e3e81645dac4","local_time":"20210214073253","is_ascension_mode":false,"campfire_choices":[{"data":"Footwork","floor":6,"key":"SMITH"}],"circlet_count":0,"master_deck":["Strike_G","Strike_G","Strike_G","Defend_G","Defend_G","Defend_G","Defend_G","Defend_G","Survivor","Neutralize","Backflip","Footwork+1","Poisoned Stab","Prepared+1","Backflip","Calculated Gamble+1"],"relics":["Ring of the Snake","Golden Idol","Frozen Egg 2","Incense Burner"],"acts_visited":["Exordium"],"potions_floor_usage":[13],"damage_taken":[{"damage":0,"enemies":"Jaw Worm","floor":1,"turns":6},{"damage":0,"enemies":"Cultist","floor":5,"turns":5},{"damage":2,"enemies":"2 Louse","floor":7,"turns":3},{"damage":13,"enemies":"Lots of Slimes","floor":8,"turns":6},{"damage":2,"enemies":"Large Slime","floor":10,"turns":13},{"damage":22,"enemies":"3 Sentries","floor":13,"turns":6}],"seed_played":"-6616456096185734098","potions_obtained":[{"floor":5,"key":"LiquidMemories"},{"floor":8,"key":"SteroidPotion"}],"is_trial":false,"path_per_floor":["M","$","?","T","M","R","M","M","T","M","?","?","E"],"character_chosen":"THE_SILENT","items_purchased":["Footwork","Poisoned Stab"],"campfire_rested":0,"item_purchase_floors":[2,2],"current_hp_per_floor":[70,70,53,53,53,53,51,38,38,36,22,22,0,0],"gold":113,"neow_bonus":"REMOVE_CARD","is_daily":false,"chose_seed":false,"campfire_upgraded":1,"win_rate":0.0,"timestamp":1613255573,"path_taken":["M","$","?","?","M","R","M","?","T","M","?","?","E"],"items_purchased_type":["Card","Card"],"build_version":"2020-12-22","purchased_purges":0,"victory":false,"max_hp_per_floor":[70,70,70,70,70,70,70,70,70,70,70,70,70,70],"card_choices":[{"not_picked":["Bane","Riddle With Holes"],"picked":"Backflip","floor":1},{"not_picked":["Sucker Punch","Caltrops+1"],"picked":"Prepared","floor":5},{"not_picked":["Quick Slash","Predator","Reflex"],"picked":"SKIP","floor":7},{"not_picked":["Outmaneuver","Escape Plan"],"picked":"Backflip","floor":8},{"not_picked":["Flying Knee","Prepared"],"picked":"Calculated Gamble","floor":10}],"player_experience":28259,"relics_obtained":[{"floor":4,"key":"Frozen Egg 2"},{"floor":9,"key":"Incense Burner"}],"event_choices":[{"damage_healed":0,"gold_gain":0,"player_choice":"Take Damage","damage_taken":17,"relics_obtained":["Golden Idol"],"max_hp_gain":0,"max_hp_loss":0,"event_name":"Golden Idol","floor":3,"gold_loss":0},{"damage_healed":0,"gold_gain":0,"player_choice":"Entered Light","damage_taken":14,"max_hp_gain":0,"max_hp_loss":0,"event_name":"Shining Light","floor":11,"gold_loss":0,"cards_upgraded":["Calculated Gamble","Prepared"]},{"cards_removed":["Strike_G"],"damage_healed":0,"gold_gain":0,"player_choice":"Offered Basic","damage_taken":0,"max_hp_gain":0,"max_hp_loss":0,"event_name":"Bonfire Elementals","floor":12,"gold_loss":0}],"is_beta":false,"boss_relics":[],"items_purged_floors":[],"is_endless":false,"potions_floor_spawned":[5,8],"killed_by":"3 Sentries","ascension_level":0}}