{"host":"x665ekuy0qorxtwt","time":1613204061,"event":{"mods":["AchievementEnabler","BaseMod","Bestiary","Colored Map","Colored Powertips","Minty Spire (QoL Compilation)"],"gold_per_floor":[115,132,152,152,171,171,186,196,196,196,102,118,149,224,224,328,328,344,344,269,184,201,234,234,245,296,313,313,330,380,396,396,492,492,512,210,210,210,210,244,254,265,320,320,339,369,124,52,52,52,52],"floor_reached":50,"language":"ENG","playtime":3763,"items_purged":["Strike_G","Parasite"],"score":549,"play_id":"0b8b5bb4-847b-4155-b26a-2c55fbc4a00b","local_time":"20210213001421","is_ascension_mode":false,"campfire_choices":[{"data":"Infinite Blades","floor":6.0,"key":"SMITH"},{"data":"Accuracy","floor":10.0,"key":"SMITH"},{"data":"A Thousand Cuts","floor":15.0,"key":"SMITH"},{"floor":24.0,"key":"REST"},{"floor":28.0,"key":"REST"},{"floor":32.0,"key":"REST"},{"floor":44,"key":"REST"},{"floor":49,"key":"REST"}],"circlet_count":0,"master_deck":["Strike_G","Strike_G","Strike_G","Defend_G","Defend_G+1","Defend_G","Defend_G+1","Defend_G","Survivor","Neutralize+1","Choke","Infinite Blades+1","All Out Attack","Impatience","Masterful Stab","Accuracy+1","Dramatic Entrance","A Thousand Cuts+1","Corpse Explosion","Dash+1","Accuracy+1","Outmaneuver+1","Backstab+1","After Image","Infinite Blades","Finesse"],"relics":["Ring of the Serpent","Lizard Tail","Happy Flower","CaptainsWheel","Shuriken","Oddly Smooth Stone","Boot","Black Star","War Paint","Gremlin Horn","Sundial","Vajra","Prayer Wheel","Incense Burner","Regal Pillow"],"acts_visited":["TheBeyond"],"potions_floor_usage":[42,46,46,50,50],"damage_taken":[{"damage":0.0,"enemies":"Small Slimes","floor":1.0,"turns":4.0},{"damage":0.0,"enemies":"Cultist","floor":2.0,"turns":3.0},{"damage":1.0,"enemies":"Jaw Worm","floor":3.0,"turns":3.0},{"damage":7.0,"enemies":"Large Slime","floor":5.0,"turns":7.0},{"damage":0.0,"enemies":"Looter","floor":7.0,"turns":3.0},{"damage":6.0,"enemies":"Lots of Slimes","floor":8.0,"turns":2.0},{"damage":0.0,"enemies":"2 Fungi Beasts","floor":12.0,"turns":2.0},{"damage":0.0,"enemies":"Gremlin Nob","floor":13.0,"turns":3.0},{"damage":40.0,"enemies":"The Guardian","floor":16.0,"turns":9.0},{"damage":6.0,"enemies":"Chosen","floor":18.0,"turns":3.0},{"damage":23.0,"enemies":"Shell Parasite","floor":22.0,"turns":6.0},{"damage":33.0,"enemies":"Slavers","floor":23.0,"turns":3.0},{"damage":12.0,"enemies":"Snake Plant","floor":25.0,"turns":5.0},{"damage":13.0,"enemies":"Centurion and Healer","floor":27.0,"turns":4.0},{"damage":5.0,"enemies":"Snecko","floor":29.0,"turns":5.0},{"damage":0.0,"enemies":"Cultist and Chosen","floor":31.0,"turns":4.0},{"damage":39.0,"enemies":"Collector","floor":33.0,"turns":10.0},{"damage":2,"enemies":"3 Shapes","floor":35,"turns":3},{"damage":47,"enemies":"Reptomancer","floor":40,"turns":6},{"damage":0,"enemies":"Orb Walker","floor":41,"turns":4},{"damage":17,"enemies":"Writhing Mass","floor":42,"turns":7},{"damage":4,"enemies":"Transient","floor":45,"turns":5},{"damage":39,"enemies":"Nemesis","floor":46,"turns":7},{"damage":76,"enemies":"Awakened One","floor":50,"turns":11}],"seed_played":"152353469101563736","potions_obtained":[{"floor":2.0,"key":"SteroidPotion"},{"floor":3.0,"key":"DistilledChaos"},{"floor":5.0,"key":"SneckoOil"},{"floor":13.0,"key":"Explosive Potion"},{"floor":18.0,"key":"SteroidPotion"},{"floor":22.0,"key":"SpeedPotion"},{"floor":23.0,"key":"Strength Potion"},{"floor":33.0,"key":"Regen Potion"},{"floor":40,"key":"GamblersBrew"},{"floor":45,"key":"SmokeBomb"},{"floor":46,"key":"ColorlessPotion"}],"is_trial":false,"path_per_floor":["M","M","M","?","M","R","M","M","T","R","$","M","E","?","R","B",null,"M","?","?","?","M","E","R","M","T","M","R","M","T","M","R","B",null,"M","$","?","?","?","E","M","M","T","R","M","E","$","$","R","B"],"character_chosen":"THE_SILENT","items_purchased":["Dramatic Entrance","Infinite Blades","War Paint","Regal Pillow","CunningPotion"],"campfire_rested":5,"item_purchase_floors":[11,36,36,47,48],"current_hp_per_floor":[70,70,69,69,62,62,62,56,56,56,56,56,56,45,45,5,70,64,64,64,64,41,8,29,17,17,4,25,20,20,20,41,2,70,68,68,68,68,68,21,21,19,19,40,36,35,35,35,67,0,0],"gold":52,"neow_bonus":"UPGRADE_CARD","is_daily":false,"chose_seed":false,"campfire_upgraded":3,"win_rate":0.0,"timestamp":1613204061,"path_taken":["M","M","M","?","M","R","M","M","T","R","?","M","E","?","R","BOSS","M","?","?","?","M","E","R","M","T","M","R","M","?","M","R","BOSS","M","?","?","?","?","E","M","?","T","R","M","E","?","$","R","BOSS"],"items_purchased_type":["Card","Card","Relic","Relic","Potion"],"build_version":"2020-12-22","purchased_purges":2,"victory":false,"max_hp_per_floor":[70,70,70,70,70,70,70,70,70,70,70,70,70,70,70,70,70,70,70,70,70,70,70,70,70,70,70,70,70,70,70,70,70,70,70,70,70,70,70,70,70,70,70,70,70,70,67,67,67,67,67],"card_choices":[{"not_picked":["Slice","Dagger Throw"],"picked":"Choke","floor":1.0},{"not_picked":["Flying Knee","Outmaneuver"],"picked":"Infinite Blades","floor":2.0},{"not_picked":["Catalyst","Backflip"],"picked":"All Out Attack","floor":3.0},{"not_picked":["Deadly Poison","Sucker Punch"],"picked":"Masterful Stab","floor":5.0},{"not_picked":["Well Laid Plans","Cloak And Dagger"],"picked":"Accuracy","floor":7.0},{"not_picked":["All Out Attack","Distraction","Acrobatics"],"picked":"SKIP","floor":8.0},{"not_picked":["Slice","Underhanded Strike","Deadly Poison"],"picked":"SKIP","floor":12.0},{"not_picked":["Bane","Skewer"],"picked":"A Thousand Cuts","floor":13.0},{"not_picked":["Malaise","Glass Knife"],"picked":"Corpse Explosion","floor":16.0},{"not_picked":["Quick Slash","Prepared","Underhanded Strike"],"picked":"SKIP","floor":18.0},{"not_picked":["Prepared","Sucker Punch"],"picked":"Dash+1","floor":22.0},{"not_picked":["Riddle With Holes","Leg Sweep"],"picked":"Accuracy+1","floor":23.0},{"not_picked":["Bane+1","Accuracy"],"picked":"Outmaneuver+1","floor":25.0},{"not_picked":["Acrobatics","Finisher"],"picked":"Backstab+1","floor":27.0},{"not_picked":["Blur","Heel Hook+1","Dagger Spray"],"picked":"SKIP","floor":29.0},{"not_picked":["Deflect+1","Leg Sweep","Skewer+1"],"picked":"SKIP","floor":31.0},{"not_picked":["Doppelganger","Venomology"],"picked":"After Image","floor":33.0},{"not_picked":["Flechettes","Outmaneuver","Dagger Spray"],"picked":"SKIP","floor":35},{"not_picked":["Sadistic Nature","Jack Of All Trades"],"picked":"Finesse","floor":39},{"not_picked":["Footwork","Underhanded Strike","Accuracy"],"picked":"SKIP","floor":40},{"not_picked":["Catalyst","Crippling Poison","Accuracy"],"picked":"SKIP","floor":41},{"not_picked":["PiercingWail+1","Slice","Reflex"],"picked":"SKIP","floor":42},{"not_picked":["PiercingWail+1","Slice","Reflex"],"picked":"SKIP","floor":42},{"not_picked":["Poisoned Stab+1","Cloak And Dagger+1","Dagger Spray"],"picked":"SKIP","floor":45},{"not_picked":["Well Laid Plans","Deflect","Quick Slash"],"picked":"SKIP","floor":46}],"player_experience":199539,"relics_obtained":[{"floor":9.0,"key":"Lizard Tail"},{"floor":13.0,"key":"Happy Flower"},{"floor":23.0,"key":"Shuriken"},{"floor":26.0,"key":"Oddly Smooth Stone"},{"floor":30.0,"key":"Boot"},{"floor":40,"key":"Gremlin Horn"},{"floor":40,"key":"Sundial"},{"floor":43,"key":"Vajra"},{"floor":46,"key":"Prayer Wheel"},{"floor":46,"key":"Incense Burner"}],"event_choices":[{"damage_healed":0.0,"max_hp_gain":0.0,"max_hp_loss":0.0,"gold_gain":0.0,"event_name":"Match and Keep!","player_choice":"2 cards matched","floor":4.0,"gold_loss":0.0,"damage_taken":0.0,"cards_obtained":["Poisoned Stab","Impatience"]},{"damage_healed":0.0,"max_hp_gain":0.0,"max_hp_loss":0.0,"gold_gain":75.0,"event_name":"World of Goop","player_choice":"Gather Gold","floor":14.0,"gold_loss":0.0,"damage_taken":11.0},{"damage_healed":0.0,"max_hp_gain":0.0,"max_hp_loss":0.0,"gold_gain":0.0,"event_name":"Vampires","player_choice":"Ignored","floor":19.0,"gold_loss":0.0,"damage_taken":0.0},{"cards_removed":["Strike_G"],"damage_healed":0.0,"max_hp_gain":0.0,"max_hp_loss":0.0,"gold_gain":0.0,"event_name":"Beggar","player_choice":"Gave Gold","floor":20.0,"gold_loss":75.0,"damage_taken":0.0},{"damage_healed":0.0,"max_hp_gain":0.0,"max_hp_loss":0.0,"gold_gain":0.0,"event_name":"Addict","player_choice":"Obtained Relic","floor":21.0,"gold_loss":85.0,"damage_taken":0.0,"relics_obtained":["CaptainsWheel"]},{"cards_removed":["Poisoned Stab"],"damage_healed":0,"gold_gain":0,"player_choice":"Removed Attack","damage_taken":0,"max_hp_gain":0,"max_hp_loss":0,"event_name":"Falling","floor":37,"gold_loss":0},{"damage_healed":0,"gold_gain":0,"player_choice":"Ignored","damage_taken":0,"max_hp_gain":0,"max_hp_loss":0,"event_name":"Tomb of Lord Red Mask","floor":38,"gold_loss":0},{"damage_healed":0,"gold_gain":0,"player_choice":"Memory 1","damage_taken":0,"max_hp_gain":0,"max_hp_loss":0,"event_name":"SensoryStone","floor":39,"gold_loss":0}],"is_beta":false,"boss_relics":[{"not_picked":["Calling Bell","SacredBark"],"picked":"Ring of the Serpent"},{"not_picked":["Empty Cage","Busted Crown"],"picked":"Black Star"}],"items_purged_floors":[36,47],"is_endless":false,"potions_floor_spawned":[2,3,5,7,13,18,22,23,29,33,40,45,46],"killed_by":"Awakened One","ascension_level":0}}