{"host":"tq99ucv8ezzqzioe","time":1613197679,"event":{"mods":["BaseMod","Colored Map","Downfall","Highlight Path","Minty Spire (QoL Compilation)","StSLib"],"gold_per_floor":[118,128,203,203,203,238,238,265,291,318,330,356,368,480,492,605,617,648,675,702,788,812,824,836,836],"floor_reached":24,"language":"ENG","playtime":859,"items_purged":[],"score":323,"play_id":"d387d37e-a4fe-47c1-86c7-ff190c220238","local_time":"20210213012759","is_ascension_mode":true,"campfire_choices":[{"floor":7,"key":"REST"},{"floor":11,"key":"RECALL"},{"floor":13,"key":"REST"},{"data":"Eruption","floor":15,"key":"SMITH"},{"data":"Swivel","floor":23,"key":"SMITH"}],"circlet_count":0,"master_deck":["Strike_P","Strike_P","Strike_P","Defend_P","Defend_P","Defend_P","Defend_P","Eruption+1","Vigilance","CutThroughFate","Swivel+1","Judgement","Protect","CutThroughFate","Brilliance","WheelKick","Ragnarok","ReachHeaven","FlyingSleeves+1","CrushJoints+1","Evaluate+1"],"relics":["PureWater","NeowsBlessing","Damaru","Matryoshka","White Beast Statue","Kunai","MawBank","Coffee Dripper","MealTicket"],"acts_visited":["Exordium","TheCity"],"potions_floor_usage":[8,16,20,24],"damage_taken":[{"damage":0,"enemies":"Cultist","floor":1,"turns":1},{"damage":0,"enemies":"Small Slimes","floor":2,"turns":1},{"damage":0,"enemies":"Lagavulin","floor":6,"turns":1},{"damage":26,"enemies":"Gremlin Nob","floor":8,"turns":4},{"damage":0,"enemies":"2 Louse","floor":10,"turns":2},{"damage":7,"enemies":"Lots of Slimes","floor":12,"turns":4},{"damage":22,"enemies":"Hexaghost","floor":16,"turns":10},{"damage":0,"enemies":"Spheric Guardian","floor":18,"turns":1},{"damage":0,"enemies":"Chosen","floor":19,"turns":3},{"damage":13,"enemies":"Sentry and Sphere","floor":20,"turns":4},{"damage":31,"enemies":"Shelled Parasite and Fungi","floor":22,"turns":6},{"damage":45,"enemies":"Book of Stabbing","floor":24,"turns":5}],"seed_played":"-6999889312826816790","potions_obtained":[{"floor":2,"key":"DuplicationPotion"},{"floor":6,"key":"PowerPotion"},{"floor":8,"key":"PowerPotion"},{"floor":10,"key":"FairyPotion"},{"floor":16,"key":"LiquidBronze"},{"floor":18,"key":"champ:CounterPotion"},{"floor":20,"key":"LiquidBronze"}],"is_trial":false,"path_per_floor":["M","M","?","?","?","E","R","E","T","M","R","M","R","?","R","B",null,"M","M","M","T","M","R","E"],"character_chosen":"WATCHER","items_purchased":[],"campfire_rested":2,"item_purchase_floors":[],"current_hp_per_floor":[65,65,54,36,36,36,57,31,31,31,31,24,45,45,45,23,60,60,60,47,47,16,16,0,0],"gold":836,"neow_bonus":"THREE_ENEMY_KILL","is_daily":false,"chose_seed":false,"campfire_upgraded":2,"win_rate":0.0,"timestamp":1613197679,"path_taken":["M","M","?","?","?","E","R","E","T","M","R","M","R","?","R","BOSS","M","M","?","?","M","R","E"],"items_purchased_type":[],"build_version":"2020-12-22","purchased_purges":0,"victory":false,"max_hp_per_floor":[72,72,72,72,72,72,72,72,72,72,72,72,72,72,72,72,72,72,72,72,72,72,72,72,72],"card_choices":[{"not_picked":["SashWhip","Fasting2"],"picked":"CutThroughFate","floor":1},{"not_picked":["Consecrate","Nirvana"],"picked":"Swivel","floor":2},{"not_picked":["WreathOfFlame","Consecrate"],"picked":"Protect","floor":6},{"not_picked":["JustLucky","FlurryOfBlows"],"picked":"CutThroughFate","floor":8},{"not_picked":["Prostrate","ForeignInfluence"],"picked":"Brilliance","floor":10},{"not_picked":["ClearTheMind","JustLucky"],"picked":"WheelKick","floor":12},{"not_picked":["LessonLearned","ConjureBlade"],"picked":"Ragnarok","floor":16},{"not_picked":["Conclude+1","WindmillStrike"],"picked":"ReachHeaven","floor":18},{"not_picked":["Conclude","Halt"],"picked":"FlyingSleeves+1","floor":19},{"not_picked":["Fasting2","ClearTheMind"],"picked":"CrushJoints+1","floor":20},{"not_picked":["SashWhip","JustLucky"],"picked":"Evaluate+1","floor":22}],"player_experience":983375,"relics_obtained":[{"floor":6,"key":"Matryoshka"},{"floor":8,"key":"White Beast Statue"},{"floor":9,"key":"Kunai"},{"floor":9,"key":"MawBank"},{"floor":21,"key":"MealTicket"}],"event_choices":[{"damage_healed":0,"gold_gain":75,"player_choice":"Gather Gold","damage_taken":11,"max_hp_gain":0,"max_hp_loss":0,"event_name":"World of Goop","floor":3,"gold_loss":0},{"damage_healed":0,"gold_gain":0,"player_choice":"Success","damage_taken":18,"relics_obtained":["Damaru"],"max_hp_gain":0,"max_hp_loss":0,"event_name":"Scrap Ooze","floor":4,"gold_loss":0},{"damage_healed":0,"gold_gain":0,"cards_transformed":["Strike_P"],"player_choice":"Change","damage_taken":0,"max_hp_gain":0,"max_hp_loss":0,"event_name":"Living Wall","floor":5,"gold_loss":0,"cards_obtained":["Judgement"]},{"damage_healed":0,"gold_gain":100,"player_choice":"Pray","damage_taken":0,"max_hp_gain":0,"max_hp_loss":0,"event_name":"Golden Shrine","floor":14,"gold_loss":0}],"is_beta":false,"boss_relics":[{"not_picked":["Ectoplasm","Tiny House"],"picked":"Coffee Dripper"}],"items_purged_floors":[],"is_endless":false,"potions_floor_spawned":[2,6,8,10,12,16,18,19,20,22],"killed_by":"Book of Stabbing","ascension_level":8}}