{"host":"xxl27ehzxw6j4k3y","time":1613218204,"event":{"mods":["Act Like it!","Alarm Clock","Aspiration","BaseMod","Better Altar","Better Match","Better Note","Better Sensory Stone","Better Skull","Better Third Choice","BetterRewards","Card Forge","Conspire","Displayed Cursed Tome","Hermit","Hubris","Minty Spire (QoL Compilation)","Quick Restart","Shop Mod","Spicy Shops","StSLib","SuperFastMode","Transform Curses"],"gold_per_floor":[112,262,276,276,295,295,323,323,323,348,348,348,348,363,363,363,363],"floor_reached":16,"language":"ENG","playtime":548,"items_purged":[],"score":316,"play_id":"a44045e4-33b6-48c8-8c56-a3fa610367e8","local_time":"20210213131004","is_ascension_mode":true,"campfire_choices":[{"floor":6,"key":"REST"},{"floor":8,"key":"REST"},{"floor":13,"key":"REST"},{"floor":15,"key":"REST"}],"circlet_count":0,"master_deck":["AscendersBane","Strike_B","Strike_B","Strike_B+1","Strike_B+1","Defend_B","Defend_B","Defend_B","Zap","Dualcast","conspire:Banana+1","conspire:Banana","hubris:Ssssneak","conspire:Rain","Reinforced Body","Doubt","Reinforced Body","Melter","Rip and Tear","BootSequence","Go for the Eyes"],"relics":["Cracked Core","Hammer of Thor","Seething Fire","Anvil of the Gods","DollysMirror","hubris:BallOfYels","aspiration:HiddenCompartment","Whetstone","Pen Nib","StoneCalendar","hubris:Towel"],"acts_visited":["Exordium"],"potions_floor_usage":[7,16],"damage_taken":[{"damage":14,"enemies":"Jaw Worm","floor":1,"turns":4},{"damage":6,"enemies":"Cultist","floor":3,"turns":4},{"damage":7,"enemies":"2 Louse","floor":5,"turns":3},{"damage":46,"enemies":"3 Sentries","floor":7,"turns":10},{"damage":27,"enemies":"Lagavulin","floor":10,"turns":8},{"damage":6,"enemies":"Looter","floor":14,"turns":4},{"damage":53,"enemies":"Hexaghost","floor":16,"turns":9}],"seed_played":"2744538257105004943","potions_obtained":[{"floor":1,"key":"Fire Potion"},{"floor":10,"key":"Block Potion"}],"is_trial":false,"path_per_floor":["M","?","M","?","M","R","E","R","T","E","?","?","R","M","R","B"],"character_chosen":"DEFECT","items_purchased":["conspire:Banana","DollysMirror","hubris:BallOfYels"],"campfire_rested":4,"item_purchase_floors":[0,0,0],"current_hp_per_floor":[52,52,48,29,24,47,3,26,26,1,1,1,25,22,47,0,0],"gold":363,"neow_bonus":"","is_daily":false,"chose_seed":false,"campfire_upgraded":0,"win_rate":0.0,"timestamp":1613218204,"path_taken":["M","?","M","?","?","R","E","R","T","E","?","?","R","M","R","BOSS"],"items_purchased_type":["Card","Relic","Relic"],"build_version":"2020-12-22","purchased_purges":0,"victory":false,"max_hp_per_floor":[73,73,75,75,77,77,79,79,79,81,81,81,81,84,84,87,87],"card_choices":[{"not_picked":["Barrage","Doom and Gloom"],"picked":"Reinforced Body","floor":1},{"not_picked":["Stack","Compile Driver"],"picked":"Reinforced Body","floor":3},{"not_picked":["Sunder","Hello World"],"picked":"Melter","floor":5},{"not_picked":["Heatsinks","Coolheaded"],"picked":"Rip and Tear","floor":7},{"not_picked":["Cold Snap","Rebound"],"picked":"BootSequence","floor":10},{"not_picked":["Reprogram","Rebound"],"picked":"Go for the Eyes","floor":14}],"player_experience":571577,"relics_obtained":[{"floor":7,"key":"Whetstone"},{"floor":9,"key":"Pen Nib"},{"floor":10,"key":"StoneCalendar"}],"event_choices":[{"damage_healed":0,"gold_gain":150,"player_choice":"AGREE","damage_taken":112,"max_hp_gain":0,"max_hp_loss":0,"event_name":"betterThird:BetterSerpent","floor":2,"gold_loss":0},{"damage_healed":0,"gold_gain":0,"player_choice":"RE ","damage_taken":21,"relics_obtained":["aspiration:HiddenCompartment"],"max_hp_gain":0,"max_hp_loss":0,"event_name":"betterSkull:BetterSkull","floor":4,"gold_loss":0,"cards_upgraded":[]},{"damage_healed":0,"gold_gain":0,"player_choice":"Grow","damage_taken":0,"max_hp_gain":0,"max_hp_loss":0,"event_name":"Living Wall","floor":12,"gold_loss":0,"cards_upgraded":["conspire:Banana"]}],"is_beta":false,"boss_relics":[],"items_purged_floors":[],"is_endless":false,"potions_floor_spawned":[1,10],"killed_by":"Hexaghost","ascension_level":20}}