{"host":"ml2ro5l6hu6y0pll","time":1613249463,"event":{"mods":["AchievementEnabler","BaseMod","Colored Map","Colored Powertips","Custom Start","Downfall","Googly Eyes","Minty Spire (QoL Compilation)","Quick Restart","Rare Cards Sparkle","Relic Stats","StSLib","everything is the same but u backflip on backflip"],"gold_per_floor":[117,136,9,9,9,9,39,52,79,79,94,94,126,186,186,287,287,301,301,301,311,311,311,29,59,114,114,125,153,170,197,197,297,297,314,314,17,17,32,32,58,58,58,0,0,0,17,45,45,45,45,45,45,78,78,78],"floor_reached":55,"language":"ENG","playtime":2548,"items_purged":["Strike_R"],"score":878,"play_id":"e481dcbb-d2e9-422c-ac64-7e465990c2a7","local_time":"20210213205103","is_ascension_mode":true,"campfire_choices":[{"data":"Demon Form","floor":6.0,"key":"SMITH"},{"data":"Rupture","floor":15.0,"key":"SMITH"},{"data":"Pommel Strike","floor":23.0,"key":"SMITH"},{"data":"Battle Trance","floor":27.0,"key":"SMITH"},{"data":"Brutality","floor":32.0,"key":"SMITH"},{"floor":40.0,"key":"RECALL"},{"data":"1","floor":42.0,"key":"LIFT"},{"data":"2","floor":46.0,"key":"LIFT"},{"data":"3","floor":49.0,"key":"LIFT"},{"floor":52.0,"key":"REST"}],"circlet_count":0,"master_deck":["Defend_R","Defend_R","Defend_R","Defend_R","Bash","Demon Form+1","Shockwave","Pommel Strike+1","Feel No Pain","Shrug It Off","Bash","Battle Trance","Reaper","Rupture+1","Bloodletting","Uppercut","Brutality+1","True Grit+1","Inflame+1","True Grit+1","Dropkick","J.A.X.","Battle Trance+1","Flash of Steel","Ghostly Armor","Shrug It Off+1","Heavy Blade+1","Finesse","Burning Pact","Combust+1"],"relics":["Burning Blood","PreservedInsect","Pen Nib","Pear","Blue Candle","Astrolabe","Sundial","Anchor","Blood Vial","Molten Egg 2","Potion Belt","Fusion Hammer","FossilizedHelix","Girya","Red Mask","The Courier","Oddly Smooth Stone"],"acts_visited":["Exordium","TheCity","TheBeyond","TheEnding"],"potions_floor_usage":[],"damage_taken":[{"damage":1.0,"enemies":"Cultist","floor":1.0,"turns":4.0},{"damage":10.0,"enemies":"Small Slimes","floor":2.0,"turns":4.0},{"damage":17.0,"enemies":"Gremlin Nob","floor":7.0,"turns":5.0},{"damage":9.0,"enemies":"2 Louse","floor":8.0,"turns":3.0},{"damage":5.0,"enemies":"2 Fungi Beasts","floor":11.0,"turns":6.0},{"damage":15.0,"enemies":"Lagavulin","floor":13.0,"turns":6.0},{"damage":48.0,"enemies":"Gremlin Nob","floor":14.0,"turns":5.0},{"damage":38.0,"enemies":"Hexaghost","floor":16.0,"turns":7.0},{"damage":38.0,"enemies":"3 Byrds","floor":18.0,"turns":7.0},{"damage":11.0,"enemies":"Shell Parasite","floor":21.0,"turns":4.0},{"damage":45.0,"enemies":"Gremlin Leader","floor":25.0,"turns":6.0},{"damage":24.0,"enemies":"Shelled Parasite and Fungi","floor":28.0,"turns":4.0},{"damage":13.0,"enemies":"Book of Stabbing","floor":29.0,"turns":6.0},{"damage":29.0,"enemies":"Snake Plant","floor":30.0,"turns":4.0},{"damage":18.0,"enemies":"Gremlin Leader","floor":31.0,"turns":5.0},{"damage":20.0,"enemies":"Champ","floor":33.0,"turns":9.0},{"damage":18.0,"enemies":"3 Darklings","floor":35.0,"turns":6.0},{"damage":4.0,"enemies":"3 Shapes","floor":39.0,"turns":6.0},{"damage":58.0,"enemies":"Nemesis","floor":41.0,"turns":5.0},{"damage":17.0,"enemies":"Maw","floor":47.0,"turns":7.0},{"damage":8.0,"enemies":"Giant Head","floor":48.0,"turns":5.0},{"damage":71.0,"enemies":"Donu and Deca","floor":50.0,"turns":7.0},{"damage":89.0,"enemies":"Shield and Spear","floor":54.0,"turns":9.0},{"damage":60,"enemies":"The Heart","floor":55,"turns":5}],"seed_played":"3090128559595480080","potions_obtained":[{"floor":2.0,"key":"Block Potion"},{"floor":7.0,"key":"LiquidMemories"},{"floor":13.0,"key":"SneckoOil"},{"floor":16.0,"key":"GamblersBrew"},{"floor":21.0,"key":"Fruit Juice"},{"floor":25.0,"key":"Weak Potion"},{"floor":30.0,"key":"Block Potion"},{"floor":33.0,"key":"Fruit Juice"},{"floor":39.0,"key":"DistilledChaos"},{"floor":47.0,"key":"LiquidBronze"},{"floor":48.0,"key":"HeartOfIron"}],"is_trial":false,"path_per_floor":["M","M","$","?","$","R","E","M","T","?","M","?","E","?","R","B",null,"M","?","?","M","T","R","$","E","T","R","M","E","M","E","R","B",null,"M","?","$","$","M","R","E","R","T","?","?","R","M","E","R","B",null,"R","$","E","B"],"character_chosen":"IRONCLAD","items_purchased":["Feel No Pain","Shrug It Off","Battle Trance","Flash of Steel","Ghostly Armor","FossilizedHelix"],"campfire_rested":1,"item_purchase_floors":[3,3,24,24,24,37],"current_hp_per_floor":[80,76,76,76,76,76,65,70,70,70,80,85,86,44,44,34,95,80,80,80,89,89,89,89,62,62,62,85,95,87,95,95,95,95,95,85,85,85,95,95,43,43,43,43,43,43,77,90,90,81,100,100,100,56,0,0],"gold":78,"neow_bonus":"ONE_RANDOM_RARE_CARD","is_daily":false,"chose_seed":false,"campfire_upgraded":5,"win_rate":0.0,"timestamp":1613249463,"path_taken":["M","M","$","?","?","R","E","M","T","?","?","?","E","?","R","BOSS","M","?","?","M","?","R","$","E","T","R","M","E","M","E","R","BOSS","M","?","?","$","M","R","E","R","T","?","?","R","M","E","R","BOSS","R","$","E","BOSS"],"items_purchased_type":["Card","Card","Card","Card","Card","Relic"],"build_version":"2020-12-22","purchased_purges":1,"victory":false,"max_hp_per_floor":[80,80,80,80,80,80,80,80,80,80,80,85,95,95,95,95,95,95,95,95,95,95,95,95,95,95,95,95,95,95,95,95,95,95,95,95,95,95,95,95,95,95,95,95,90,90,90,90,90,100,100,100,100,100,100,100],"relic_stats":{"Blood Vial":14,"counters":[24,135],"Sundial":[14],"Blue Candle":[0],"Astrolabe":["True Grit","Inflame","True Grit"],"PreservedInsect":421,"Pen Nib":[14],"obtain_stats":[{"Potion Belt":31,"Girya":41,"Pear":13,"Blue Candle":14,"Astrolabe":17,"Oddly Smooth Stone":54,"PreservedInsect":7,"Pen Nib":9,"The Courier":48,"Burning Blood":0,"Blood Vial":26,"Anchor":25,"Sundial":22,"Molten Egg 2":29,"Fusion Hammer":34,"Red Mask":44,"FossilizedHelix":37},{"Potion Belt":15,"Girya":19,"Pear":6,"Blue Candle":7,"Astrolabe":8,"Oddly Smooth Stone":23,"PreservedInsect":3,"Pen Nib":4,"The Courier":21,"Burning Blood":0,"Blood Vial":11,"Anchor":11,"Sundial":10,"Molten Egg 2":13,"Fusion Hammer":16,"Red Mask":19,"FossilizedHelix":17},{"Potion Belt":76,"Girya":102,"Pear":28,"Blue Candle":33,"Astrolabe":40,"Oddly Smooth Stone":130,"PreservedInsect":13,"Pen Nib":16,"The Courier":114,"Burning Blood":0,"Blood Vial":57,"Anchor":57,"Sundial":51,"Molten Egg 2":67,"Fusion Hammer":85,"Red Mask":102,"FossilizedHelix":91}],"Burning Blood":99},"card_choices":[{"not_picked":["Headbutt","Burning Pact"],"picked":"Shockwave","floor":1.0},{"not_picked":["Iron Wave","Thunderclap"],"picked":"Pommel Strike","floor":2.0},{"not_picked":["Dropkick","Armaments"],"picked":"Reaper","floor":7.0},{"not_picked":["Shrug It Off","Wild Strike","Headbutt"],"picked":"SKIP","floor":8.0},{"not_picked":["Sword Boomerang","Clash","Twin Strike"],"picked":"SKIP","floor":11.0},{"not_picked":["Clash","Burning Pact"],"picked":"Bloodletting","floor":13.0},{"not_picked":["Sword Boomerang","Clothesline"],"picked":"Uppercut","floor":14.0},{"not_picked":["Double Tap","Berserk"],"picked":"Brutality","floor":16.0},{"not_picked":["Dropkick","Twin Strike","Infernal Blade+1"],"picked":"SKIP","floor":18.0},{"not_picked":["Twin Strike","Infernal Blade+1"],"picked":"Dropkick","floor":18.0},{"not_picked":["Bloodletting","Flex+1","Pommel Strike+1"],"picked":"SKIP","floor":21.0},{"not_picked":["Pommel Strike","Cleave","Clash"],"picked":"SKIP","floor":25.0},{"not_picked":["Thunderclap+1","Flex","Wild Strike"],"picked":"SKIP","floor":28.0},{"not_picked":["Twin Strike+1","Evolve+1","Clash+1"],"picked":"SKIP","floor":29.0},{"not_picked":["Perfected Strike+1","Wild Strike+1"],"picked":"Shrug It Off+1","floor":30.0},{"not_picked":["Barricade","Infernal Blade","Sentinel"],"picked":"SKIP","floor":31.0},{"not_picked":["Shrug It Off","Clothesline+1"],"picked":"Heavy Blade+1","floor":35.0},{"not_picked":["Impatience","Deep Breath"],"picked":"Finesse","floor":36.0},{"not_picked":["Seeing Red+1","Perfected Strike+1","Flex+1"],"picked":"SKIP","floor":39.0},{"not_picked":["Blood for Blood+1","Fire Breathing"],"picked":"Burning Pact","floor":41.0},{"not_picked":["Clash+1","Intimidate+1","Clothesline+1"],"picked":"SKIP","floor":47.0},{"not_picked":["Pummel+1","Pommel Strike+1"],"picked":"Combust+1","floor":48.0},{"not_picked":["Havoc+1","Combust+1","Warcry+1"],"picked":"SKIP","floor":54.0}],"player_experience":1005447,"relics_obtained":[{"floor":7.0,"key":"PreservedInsect"},{"floor":9.0,"key":"Pen Nib"},{"floor":13.0,"key":"Pear"},{"floor":14.0,"key":"Blue Candle"},{"floor":22.0,"key":"Sundial"},{"floor":25.0,"key":"Anchor"},{"floor":26.0,"key":"Blood Vial"},{"floor":29.0,"key":"Molten Egg 2"},{"floor":31.0,"key":"Potion Belt"},{"floor":41.0,"key":"Girya"},{"floor":48.0,"key":"The Courier"},{"floor":54.0,"key":"Oddly Smooth Stone"}],"event_choices":[{"damage_healed":0.0,"max_hp_gain":0.0,"max_hp_loss":0.0,"gold_gain":0.0,"event_name":"Match and Keep!","player_choice":"2 cards matched","floor":4.0,"gold_loss":0.0,"damage_taken":0.0,"cards_obtained":["Bash","Battle Trance"]},{"damage_healed":0.0,"max_hp_gain":0.0,"max_hp_loss":0.0,"gold_gain":0.0,"cards_transformed":["Strike_R"],"event_name":"Transmorgrifier","player_choice":"Transformed","floor":10.0,"gold_loss":0.0,"damage_taken":0.0,"cards_obtained":["Rupture"]},{"damage_healed":0.0,"max_hp_gain":5.0,"max_hp_loss":0.0,"gold_gain":0.0,"event_name":"Big Fish","player_choice":"Donut","floor":12.0,"gold_loss":0.0,"damage_taken":0.0},{"damage_healed":0.0,"max_hp_gain":0.0,"max_hp_loss":0.0,"gold_gain":30.0,"event_name":"Dead Adventurer","player_choice":"Searched \u00273\u0027 times","floor":14.0,"gold_loss":0.0,"damage_taken":0.0},{"damage_healed":0.0,"max_hp_gain":0.0,"max_hp_loss":0.0,"gold_gain":0.0,"event_name":"Ghosts","player_choice":"Ignored","floor":19.0,"gold_loss":0.0,"damage_taken":0.0},{"damage_healed":0.0,"max_hp_gain":0.0,"max_hp_loss":0.0,"gold_gain":0.0,"event_name":"Drug Dealer","player_choice":"Obtain J.A.X.","floor":20.0,"gold_loss":0.0,"damage_taken":0.0,"cards_obtained":["J.A.X."]},{"damage_healed":0.0,"max_hp_gain":0.0,"max_hp_loss":0.0,"gold_gain":0.0,"event_name":"SensoryStone","player_choice":"Memory 3","floor":36.0,"gold_loss":0.0,"damage_taken":10.0},{"damage_healed":0.0,"max_hp_gain":0.0,"max_hp_loss":0.0,"gold_gain":0.0,"event_name":"Tomb of Lord Red Mask","player_choice":"Paid","floor":44.0,"gold_loss":58.0,"damage_taken":0.0,"relics_obtained":["Red Mask"]},{"damage_healed":0.0,"max_hp_gain":0.0,"max_hp_loss":5.0,"gold_gain":0.0,"event_name":"Winding Halls","player_choice":"Max HP","floor":45.0,"gold_loss":0.0,"damage_taken":0.0}],"is_beta":false,"boss_relics":[{"not_picked":["Ectoplasm","Velvet Choker"],"picked":"Astrolabe"},{"not_picked":["Pandora\u0027s Box","Calling Bell"],"picked":"Fusion Hammer"}],"items_purged_floors":[24],"is_endless":false,"potions_floor_spawned":[2,7,13,16,21,25,30,33,39,47,48],"killed_by":"The Heart","ascension_level":1}}