{"host":"sxnl403xm2xmiyj1","time":1613184249,"event":{"mods":["AchievementEnabler","BaseMod","Colored Map","Keyboard Shortcuts","Minty Spire (QoL Compilation)","Quick Restart","StSLib","SuperFastMode"],"gold_per_floor":[109,123,123,123,27,27,54,64,64,97,97,129,145,164,164,242,242,256,181,198,208,15,15,15],"floor_reached":23,"language":"KOR","playtime":544,"items_purged":["Defend_R"],"score":444,"play_id":"8ec672d4-ff69-408a-a74e-86d5d285691d","local_time":"20210213114409","is_ascension_mode":true,"campfire_choices":[{"data":"Metallicize","floor":6.0,"key":"SMITH"},{"floor":11.0,"key":"REST"},{"data":"Perfected Strike","floor":15,"key":"SMITH"}],"circlet_count":0,"master_deck":["AscendersBane","Strike_R+1","Strike_R","Strike_R","Strike_R","Strike_R","Defend_R+1","Defend_R","Defend_R","Perfected Strike+1","Shrug It Off","Metallicize+1","Shrug It Off","Warcry","Disarm","Twin Strike","Perfected Strike+1","Twin Strike","Feed","Perfected Strike","Ghostly Armor+1","Wild Strike","Disarm","Twin Strike"],"relics":["Burning Blood","Ginger","Pantograph","Ornamental Fan","Kunai","Bottled Flame","Runic Pyramid"],"acts_visited":["Exordium","TheCity"],"potions_floor_usage":[14,16,16,23],"damage_taken":[{"damage":10.0,"enemies":"2 Louse","floor":1.0,"turns":3.0},{"damage":16.0,"enemies":"Small Slimes","floor":2.0,"turns":3.0},{"damage":15.0,"enemies":"3 Sentries","floor":7.0,"turns":10.0},{"damage":7.0,"enemies":"Jaw Worm","floor":8.0,"turns":3.0},{"damage":9.0,"enemies":"Lagavulin","floor":10.0,"turns":11.0},{"damage":24.0,"enemies":"Gremlin Nob","floor":12.0,"turns":4.0},{"damage":11,"enemies":"3 Louse","floor":13,"turns":3},{"damage":3,"enemies":"Red Slaver","floor":14,"turns":4},{"damage":0,"enemies":"Slime Boss","floor":16,"turns":3},{"damage":17,"enemies":"Shell Parasite","floor":18,"turns":9},{"damage":8,"enemies":"3 Byrds","floor":20,"turns":7},{"damage":28,"enemies":"Sentry and Sphere","floor":21,"turns":7},{"damage":43,"enemies":"Gremlin Leader","floor":23,"turns":9}],"seed_played":"-5984551255399340541","potions_obtained":[{"floor":10.0,"key":"FearPotion"},{"floor":12.0,"key":"Strength Potion"},{"floor":13,"key":"Fruit Juice"},{"floor":14,"key":"AttackPotion"},{"floor":16,"key":"Ancient Potion"},{"floor":18,"key":"Weak Potion"}],"is_trial":false,"path_per_floor":["M","M","?","?","$","R","E","M","T","E","R","E","M","M","R","B",null,"M","?","M","M","$","E"],"character_chosen":"IRONCLAD","items_purchased":["Metallicize","Shrug It Off","Disarm","Twin Strike"],"campfire_rested":1,"item_purchase_floors":[5,5,22,22],"current_hp_per_floor":[46,36,21,21,21,21,12,11,11,8,30,12,7,15,15,46,72,64,64,65,46,46,3,3],"gold":15,"neow_bonus":"ONE_RARE_RELIC","is_daily":false,"chose_seed":false,"campfire_upgraded":2,"win_rate":0.0,"timestamp":1613184249,"path_taken":["M","M","?","?","$","R","E","M","T","E","R","E","M","M","R","BOSS","M","?","M","M","$","E"],"items_purchased_type":["Card","Card","Card","Card"],"build_version":"2020-12-22","purchased_purges":1,"victory":false,"max_hp_per_floor":[75,75,75,75,75,75,75,75,75,75,75,75,75,80,80,80,80,83,83,86,89,89,89,89],"card_choices":[{"not_picked":["Sword Boomerang","Wild Strike"],"picked":"Perfected Strike","floor":1.0},{"not_picked":["Blood for Blood","Carnage"],"picked":"Shrug It Off","floor":2.0},{"not_picked":["Iron Wave","Searing Blow"],"picked":"Warcry","floor":7.0},{"not_picked":["Armaments","Battle Trance"],"picked":"Disarm","floor":8.0},{"not_picked":["True Grit","Thunderclap"],"picked":"Twin Strike","floor":10.0},{"not_picked":["Juggernaut","Flex"],"picked":"Perfected Strike","floor":12.0},{"not_picked":["Armaments","True Grit"],"picked":"Twin Strike","floor":13},{"not_picked":["Cleave","Flex","Anger"],"picked":"SKIP","floor":14},{"not_picked":["Barricade","Immolate"],"picked":"Feed","floor":16},{"not_picked":["Iron Wave","Body Slam"],"picked":"Perfected Strike","floor":18},{"not_picked":["Cleave","Uppercut"],"picked":"Ghostly Armor+1","floor":20},{"not_picked":["Anger","Bloodletting+1"],"picked":"Wild Strike","floor":21}],"player_experience":213528,"relics_obtained":[{"floor":7.0,"key":"Pantograph"},{"floor":9.0,"key":"Ornamental Fan"},{"floor":10.0,"key":"Kunai"},{"floor":12.0,"key":"Bottled Flame"}],"event_choices":[{"damage_healed":0.0,"max_hp_gain":0.0,"max_hp_loss":0.0,"gold_gain":0.0,"event_name":"Shining Light","player_choice":"Entered Light","floor":3.0,"gold_loss":0.0,"damage_taken":15.0,"cards_upgraded":["Strike_R","Defend_R"]},{"damage_healed":0.0,"max_hp_gain":0.0,"max_hp_loss":0.0,"gold_gain":0.0,"event_name":"Living Wall","player_choice":"Grow","floor":4.0,"gold_loss":0.0,"damage_taken":0.0,"cards_upgraded":["Perfected Strike"]},{"cards_removed":["Bash"],"damage_healed":0,"gold_gain":0,"player_choice":"Gave Gold","damage_taken":0,"max_hp_gain":0,"max_hp_loss":0,"event_name":"Beggar","floor":19,"gold_loss":75}],"is_beta":false,"boss_relics":[{"not_picked":["Calling Bell","Velvet Choker"],"picked":"Runic Pyramid"}],"items_purged_floors":[22],"is_endless":false,"potions_floor_spawned":[10,12,13,14,16,18,21],"killed_by":"Gremlin Leader","ascension_level":14}}