{"host":"0cm5wy4nhuju7tij","time":1613243309,"event":{"mods":["100% Spire Juice","2.2 Compatiblity","AchievementEnabler","Aspiration","BaseMod","Better Third Choice","BetterRewards","CCEM2","CapriCore","Colored Powertips","Curses Come First","Displayed Cursed Tome","Downfall","Energized Spire","Evolution","Filter the Spire","Fireblade Mod","Highlight Path","Jess\u0027s Bottle","Minty Spire (QoL Compilation)","Permanent Neow","Poor People Problems","Relic Filter Mod","Relic Stats","Shop Mod","Spicy Shops","StSLib","The Cursed","The Servant 0.9.4","TheSurvivalist","TheVacant","Weighted Paths"],"gold_per_floor":[110,124,124,137,137,168,188,188,188,205,216,216,216,230,230,325,325,339,429,110,110,131,159,159,258,258,258,412,447,458,486,486,600,568,580,580,607,636,47,79,103,127,150,169,169,188,199,210,210,210],"floor_reached":51,"language":"ENG","playtime":3812,"items_purged":[],"score":1050,"play_id":"cebc6ee7-2d07-478f-b4de-823cbcb5bc35","local_time":"20210213140829","is_ascension_mode":false,"campfire_choices":[{"data":"TheCursedMod:ParallelWorld","floor":8.0,"key":"SMITH"},{"data":"TheCursedMod:NeowsMight","floor":13.0,"key":"SMITH"},{"data":"TheCursedMod:HellfireBreathing","floor":15.0,"key":"SMITH"},{"data":"TheCursedMod:OutForBlood","floor":24.0,"key":"SMITH"},{"data":"TheCursedMod:LuckyCharm","floor":27.0,"key":"SMITH"},{"data":"TheCursedMod:HellfireBreathing","floor":32.0,"key":"SMITH"},{"data":"TheCursedMod:Hemoplague","floor":45.0,"key":"SMITH"},{"data":"TheCursedMod:DarkBarrier","floor":49.0,"key":"SMITH"}],"circlet_count":0,"master_deck":["TheCursedMod:CleanUpWorkshop","TheCursedMod:CursedAmulet","TheCursedMod:HellfireBreathing+1","TheCursedMod:SpitefulPlan","TheCursedMod:LuckyCharm+1","TheCursedMod:CursedSpellbook","TheCursedMod:NeowsMight+1","TheCursedMod:ParallelWorld+1","TheCursedMod:DarkBarrier+1","TheCursedMod:TroublousMinions","TheCursedMod:LuckyCharm","TheCursedMod:TacticalStrike+1","TheCursedMod:CursedArmor","Injury","TheCursedMod:DemonSword+1","TheCursedMod:OutForBlood+1","CurseOfTheBell","CurseOfTheBell","Injury","Writhe","TheCursedMod:DarkBarrier+1","Writhe","TheCursedMod:ReleasedStrength+1","TheCursedMod:NeowsMight+1","TheCursedMod:Strike_TheCursed","TheCursedMod:CircleOfAbyss+1","TheCursedMod:HellsGateOpen+1","TheCursedMod:LuckyCharm","TheCursedMod:FleshFromBone+1","TheCursedMod:ReleasedStrength+1","TheCursedMod:Hemoplague+1","TheCursedMod:OutForBlood"],"relics":["TheCursedMod:BlackMagicAdvanced","EVO:Axolotl","CCEMRelics:BundleOfDynamite","Oddly Smooth Stone","Toxic Egg 2","Philosopher\u0027s Stone","Pantograph","CeramicFish","Shuriken","Whetstone","downfall:ExtraCursedBell","CCEMRelics:PocketTank","TheCursedMod:BloodyHarpoon","Ginger","CCEMRelics:TinyMinotavrHorn","energizedSpire:HugeHouse","Potion Belt","Sling","Mango","Happy Flower"],"acts_visited":["Exordium","TheCity","TheBeyond"],"potions_floor_usage":[],"damage_taken":[{"damage":14.0,"enemies":"Jaw Worm","floor":1.0,"turns":4.0},{"damage":3.0,"enemies":"Small Slimes","floor":2.0,"turns":3.0},{"damage":1.0,"enemies":"Cultist","floor":4.0,"turns":2.0},{"damage":0.0,"enemies":"Gremlin Nob","floor":6.0,"turns":5.0},{"damage":0.0,"enemies":"Blue Slaver","floor":7.0,"turns":2.0},{"damage":4.0,"enemies":"Looter","floor":10.0,"turns":2.0},{"damage":0.0,"enemies":"Exordium Thugs","floor":11.0,"turns":3.0},{"damage":0.0,"enemies":"Blue Slaver","floor":14.0,"turns":4.0},{"damage":24.0,"enemies":"The Guardian","floor":16.0,"turns":4.0},{"damage":3.0,"enemies":"Shell Parasite","floor":18.0,"turns":3.0},{"damage":7.0,"enemies":"Spheric Guardian","floor":22.0,"turns":4.0},{"damage":0.0,"enemies":"Slavers","floor":23.0,"turns":4.0},{"damage":0.0,"enemies":"Book of Stabbing","floor":29.0,"turns":4.0},{"damage":11.0,"enemies":"Snake Plant","floor":30.0,"turns":4.0},{"damage":0.0,"enemies":"Chosen and Byrds","floor":31.0,"turns":4.0},{"damage":0.0,"enemies":"Champ","floor":33.0,"turns":6.0},{"damage":1.0,"enemies":"3 Shapes","floor":35.0,"turns":4.0},{"damage":5.0,"enemies":"Orb Walker","floor":37.0,"turns":4.0},{"damage":3.0,"enemies":"Maw","floor":38.0,"turns":5.0},{"damage":1.0,"enemies":"Nemesis","floor":40.0,"turns":5.0},{"damage":0.0,"enemies":"Sphere and 2 Shapes","floor":41.0,"turns":4.0},{"damage":0.0,"enemies":"Writhing Mass","floor":42.0,"turns":5.0},{"damage":2.0,"enemies":"Maw","floor":44.0,"turns":5.0},{"damage":0.0,"enemies":"Spire Growth","floor":46.0,"turns":4.0},{"damage":10.0,"enemies":"Transient","floor":47.0,"turns":5.0},{"damage":0.0,"enemies":"Writhing Mass","floor":48.0,"turns":5.0},{"damage":35,"enemies":"Time Eater","floor":50,"turns":8}],"seed_played":"-3675485606680198939","potions_obtained":[{"floor":1.0,"key":"ColorlessPotion"},{"floor":14.0,"key":"Block Potion"},{"floor":23.0,"key":"Weak Potion"},{"floor":38.0,"key":"SneckoOil"},{"floor":42.0,"key":"LiquidBronze"},{"floor":48.0,"key":"Block Potion"}],"is_trial":false,"path_per_floor":["M","M","?","M","?","E","M","R","T","M","M","?","R","M","R","B",null,"M","?","$","T","M","E","R","?","T","R","?","E","M","M","R","B",null,"M","?","M","M","$","E","M","M","T","M","R","M","M","M","R","B",null],"character_chosen":"THE_CURSED","items_purchased":["Pantograph","CeramicFish","Potion Belt","Sling","Mango"],"campfire_rested":0,"item_purchase_floors":[20,20,39,39,39],"current_hp_per_floor":[105,102,95,94,94,94,94,94,94,90,90,90,90,90,90,66,119,116,104,104,104,97,97,97,97,97,97,102,102,91,91,91,116,119,118,119,114,111,125,124,124,124,124,122,122,122,112,112,112,98],"gold":210,"neow_bonus":"ONE_RANDOM_RARE_CARD","is_daily":false,"chose_seed":false,"campfire_upgraded":8,"win_rate":0.0,"timestamp":1613243309,"path_taken":["M","M","?","M","?","E","M","R","T","M","?","?","R","M","R","BOSS","M","?","$","?","M","E","R","?","T","R","?","E","M","M","R","BOSS","M","?","M","M","$","E","M","M","T","M","R","?","M","M","R","BOSS"],"items_purchased_type":["Relic","Relic","Relic","Relic","Relic"],"build_version":"2020-12-22","purchased_purges":0,"victory":true,"max_hp_per_floor":[119,119,119,119,119,119,119,119,119,119,119,119,119,119,119,119,119,119,119,119,119,119,119,119,119,119,119,124,124,124,124,124,124,119,119,119,119,119,133,133,133,133,133,133,133,133,133,133,133,133],"relic_stats":{"Happy Flower":[9],"counters":[27,107],"Shuriken":[4],"Pantograph":46,"CeramicFish":153,"Whetstone":["TheCursedMod:TacticalStrike","TheCursedMod:DemonSword"],"Ginger":[17],"obtain_stats":[{"TheCursedMod:BloodyHarpoon":28,"Potion Belt":39,"TheCursedMod:BlackMagicAdvanced":0,"Happy Flower":43,"CCEMRelics:BundleOfDynamite":6,"CeramicFish":20,"Oddly Smooth Stone":9,"Mango":39,"EVO:Axolotl":0,"Whetstone":23,"Ginger":28,"Sling":39,"Shuriken":21,"Pantograph":20,"Philosopher\u0027s Stone":17,"CCEMRelics:PocketTank":28,"CCEMRelics:TinyMinotavrHorn":29,"energizedSpire:HugeHouse":34,"Toxic Egg 2":12,"downfall:ExtraCursedBell":28},{"TheCursedMod:BloodyHarpoon":12,"Potion Belt":19,"TheCursedMod:BlackMagicAdvanced":0,"Happy Flower":22,"CCEMRelics:BundleOfDynamite":4,"CeramicFish":10,"Oddly Smooth Stone":5,"Mango":19,"EVO:Axolotl":0,"Whetstone":12,"Ginger":12,"Sling":19,"Shuriken":10,"Pantograph":10,"Philosopher\u0027s Stone":9,"CCEMRelics:PocketTank":12,"CCEMRelics:TinyMinotavrHorn":13,"energizedSpire:HugeHouse":16,"Toxic Egg 2":7,"downfall:ExtraCursedBell":12},{"TheCursedMod:BloodyHarpoon":37,"Potion Belt":67,"TheCursedMod:BlackMagicAdvanced":0,"Happy Flower":80,"CCEMRelics:BundleOfDynamite":12,"CeramicFish":30,"Oddly Smooth Stone":14,"Mango":67,"EVO:Axolotl":0,"Whetstone":37,"Ginger":37,"Sling":67,"Shuriken":30,"Pantograph":30,"Philosopher\u0027s Stone":27,"CCEMRelics:PocketTank":37,"CCEMRelics:TinyMinotavrHorn":41,"energizedSpire:HugeHouse":54,"Toxic Egg 2":19,"downfall:ExtraCursedBell":37}]},"card_choices":[{"not_picked":["TheCursedMod:SmokeScreen","TheCursedMod:Torture","TheCursedMod:RavingStaff"],"picked":"SKIP","floor":1.0},{"not_picked":["TheCursedMod:FleshFromBone","TheCursedMod:VitalStrike"],"picked":"TheCursedMod:TroublousMinions","floor":2.0},{"not_picked":["TheCursedMod:SaltUponWound","TheCursedMod:CircleOfCorruption"],"picked":"TheCursedMod:LuckyCharm","floor":4.0},{"not_picked":["TheCursedMod:UltimatePain","TheCursedMod:PrepareRite","TheCursedMod:Torture"],"picked":"SKIP","floor":6.0},{"not_picked":["TheCursedMod:Torture","TheCursedMod:Stretching"],"picked":"TheCursedMod:CursedArmor","floor":7.0},{"not_picked":["TheCursedMod:CircleOfCorruption","TheCursedMod:RavingStaff","TheCursedMod:Obscuration"],"picked":"SKIP","floor":10.0},{"not_picked":["TheCursedMod:VitalStrike","TheCursedMod:Stigma","TheCursedMod:SpitefulStrike"],"picked":"SKIP","floor":11.0},{"not_picked":["TheCursedMod:AshesToAshes+1","TheCursedMod:CircleOfCorruption+1","TheCursedMod:SoulCrush"],"picked":"SKIP","floor":14.0},{"not_picked":["TheCursedMod:NeowsMight+1","TheCursedMod:DemonicPact"],"picked":"TheCursedMod:DemonSword","floor":16.0},{"not_picked":["TheCursedMod:SpitefulStrike","TheCursedMod:WearCloak+1","TheCursedMod:EmpowerCircles+1"],"picked":"SKIP","floor":18.0},{"not_picked":["TheCursedMod:TacticalStrike+1","TheCursedMod:VitalStrike"],"picked":"TheCursedMod:OutForBlood","floor":22.0},{"not_picked":["TheCursedMod:DemonSword","TheCursedMod:CircleOfFlame+1","TheCursedMod:RavingStaff"],"picked":"SKIP","floor":23.0},{"not_picked":["TheCursedMod:SurpriseAttack","TheCursedMod:CursedBlade","TheCursedMod:SpitefulStrike"],"picked":"SKIP","floor":29.0},{"not_picked":["TheCursedMod:FleshFromBone+1","TheCursedMod:UltimatePain+1","TheCursedMod:Stretching+1"],"picked":"SKIP","floor":30.0},{"not_picked":["TheCursedMod:WearCloak+1","TheCursedMod:CursedMace"],"picked":"TheCursedMod:ReleasedStrength+1","floor":31.0},{"not_picked":["TheCursedMod:ForbiddenAlchemy+1","TheCursedMod:UltimatePain+1"],"picked":"TheCursedMod:NeowsMight+1","floor":33.0},{"not_picked":["TheCursedMod:BloodBarrier+1","TheCursedMod:ManaBullet","TheCursedMod:ReleasedKnowledge+1"],"picked":"SKIP","floor":35.0},{"not_picked":["TheCursedMod:TacticalStrike+1","TheCursedMod:SurpriseAttack"],"picked":"TheCursedMod:HellsGateOpen+1","floor":37.0},{"not_picked":["TheCursedMod:CircleOfFlame+1","TheCursedMod:CursedMace+1"],"picked":"TheCursedMod:LuckyCharm","floor":38.0},{"not_picked":["TheCursedMod:VitalStrike+1","TheCursedMod:AshesToAshes+1","TheCursedMod:CursedArmor+1"],"picked":"SKIP","floor":40.0},{"not_picked":["TheCursedMod:Wield","TheCursedMod:SurpriseAttack"],"picked":"TheCursedMod:FleshFromBone+1","floor":41.0},{"not_picked":["TheCursedMod:CursedBlade","TheCursedMod:RavingStaff+1"],"picked":"TheCursedMod:ReleasedStrength+1","floor":42.0},{"not_picked":["TheCursedMod:BlessingInDisguise+1","TheCursedMod:EmpowerCircles+1"],"picked":"TheCursedMod:Hemoplague","floor":44.0},{"not_picked":["TheCursedMod:Wield","TheCursedMod:SmokeScreen+1"],"picked":"TheCursedMod:OutForBlood","floor":46.0},{"not_picked":["TheCursedMod:Torture+1","TheCursedMod:SoulCrush","TheCursedMod:Stretching+1"],"picked":"SKIP","floor":47.0},{"not_picked":["TheCursedMod:FleshFromBone+1","TheCursedMod:RapidMovement+1","TheCursedMod:Stigma"],"picked":"SKIP","floor":48.0}],"player_experience":422225,"relics_obtained":[{"floor":6.0,"key":"CCEMRelics:BundleOfDynamite"},{"floor":9.0,"key":"Oddly Smooth Stone"},{"floor":21.0,"key":"Shuriken"},{"floor":23.0,"key":"Whetstone"},{"floor":28.0,"key":"CCEMRelics:PocketTank"},{"floor":28.0,"key":"TheCursedMod:BloodyHarpoon"},{"floor":28.0,"key":"Ginger"},{"floor":29.0,"key":"CCEMRelics:TinyMinotavrHorn"},{"floor":43.0,"key":"Happy Flower"}],"event_choices":[{"cards_removed":["TheCursedMod:CircleOfAmplification"],"damage_healed":0.0,"max_hp_gain":0.0,"max_hp_loss":0.0,"gold_gain":0.0,"event_name":"Golden Wing","player_choice":"Card Removal","floor":3.0,"gold_loss":0.0,"damage_taken":7.0},{"damage_healed":0.0,"max_hp_gain":0.0,"max_hp_loss":0.0,"gold_gain":0.0,"event_name":"Match and Keep!","player_choice":"1 cards matched","floor":5.0,"gold_loss":0.0,"damage_taken":0.0,"cards_obtained":["TheCursedMod:TacticalStrike"]},{"damage_healed":0.0,"max_hp_gain":0.0,"max_hp_loss":0.0,"gold_gain":90.0,"event_name":"Knowing Skull","player_choice":"GOLD ","floor":19.0,"potions_obtained":[],"gold_loss":0.0,"damage_taken":12.0,"cards_obtained":[]},{"damage_healed":0.0,"max_hp_gain":0.0,"max_hp_loss":0.0,"gold_gain":99.0,"event_name":"betterThird:BetterNest","player_choice":"Steal","floor":25.0,"gold_loss":0.0,"damage_taken":0.0},{"damage_healed":1.0,"max_hp_gain":0.0,"max_hp_loss":0.0,"gold_gain":0.0,"event_name":"Wheel of Change","player_choice":"Full Heal","floor":36.0,"gold_loss":0.0,"damage_taken":0.0}],"is_beta":false,"boss_relics":[{"not_picked":["energizedSpire:EnergizedDie","Runic Dome"],"picked":"Philosopher\u0027s Stone"},{"not_picked":["aspiration:SilentSkillbook","Coffee Dripper"],"picked":"energizedSpire:HugeHouse"}],"items_purged_floors":[],"is_endless":false,"potions_floor_spawned":[1,7,14,22,23,29,33,38,41,42,46,48],"ascension_level":0}}