{"host":"4b06nrmhsmzqjm1r","time":1613178877,"event":{"mods":["2.2 Compatiblity","AchievementEnabler","BaseMod","BetterRewards","Colored Map","Colored Powertips","Downfall","Highlight Path","Marisa????????","Minty Spire (QoL Compilation)","StSLib"],"gold_per_floor":[99,115,132,156,166,180,180,194,33,46,74,85,85,99,119,215,215,15,35,135,135,145,159,182,194,208,240,256,256,256,288,298,396,396,396,30,44,58,241,80,107,120,140,154,154,54,64,98,118,118,118,143,2,2,2,2,2,2],"floor_reached":56,"language":"ENG","playtime":10327,"items_purged":[],"score":906,"play_id":"d072fe3a-33ff-45d6-9e12-1b2115f642f5","local_time":"20210213021437","is_ascension_mode":false,"campfire_choices":[{"data":"champ:Taunt","floor":1,"key":"SMITH"},{"floor":13,"key":"RECALL"},{"data":"champ:LastStand","floor":18,"key":"SMITH"},{"floor":30,"key":"REST"},{"data":"champ:StrikeOfGenius","floor":35,"key":"SMITH"},{"data":"champ:IronFortress","floor":46,"key":"SMITH"},{"floor":54,"key":"REST"}],"circlet_count":0,"master_deck":["champ:Execute","champ:Taunt+1","champ:DefensiveShout","champ:EnGarde","champ:FanOfKnives+1","champ:Shatter","champ:SkillfulDodge","champ:Endure","champ:ShieldWall","champ:Devastate","champ:SteelEdge","champ:ShieldThrow","champ:FanOfKnives+1","champ:ShieldSlam","champ:BringItOn","champ:LastStand+1","champ:TripleStrike","champ:PreemptiveStrike","champ:Lariat","champ:FocusedDefense","champ:Endure","champ:Shatter","champ:ArenaPreparation","J.A.X.+1","champ:ShieldThrow+1","champ:DefensiveShout","champ:RisingSlash","champ:IronFortress+1","champ:ShieldWall","champ:DefensiveShout+1","champ:FlashCut","champ:BringItOn+1","champ:Backstep+1","champ:TornadoPunch+1","champ:FocusedBerserking","champ:StrikeOfGenius+1","champ:GutPunch+1","champ:UltimateStance","champ:Endure+1","champ:CalledShot+1","champ:EndlessRage","champ:GladiatorForm+1","champ:IronFortress","champ:GladiatorStyle","champ:BringItOn+1","champ:RapidStrikes+1","champ:Duel","champ:PreciseThrust","champ:BringItOn"],"relics":["champ:ChampionCrown","Anchor","Calipers","Bag of Preparation","Pandora\u0027s Box","downfall:HeartBlessingRed","downfall:HeartBlessingGreen","MutagenicStrength","Whetstone","Question Card","Bottled Tornado","SlaversCollar","War Paint","downfall:HeartBlessingBlue","champ:GladiatorsBookOfMartialProwess","Shuriken"],"acts_visited":["Exordium","TheCity","TheBeyond","TheEnding"],"potions_floor_usage":[11,16,16,16,22,33,33,48,55,55,56],"damage_taken":[{"damage":20,"enemies":"Cultist","floor":2,"turns":4},{"damage":10,"enemies":"2 Louse","floor":3,"turns":2},{"damage":15,"enemies":"Small Slimes","floor":5,"turns":4},{"damage":58,"enemies":"Exordium Thugs","floor":6,"turns":6},{"damage":13,"enemies":"2 Fungi Beasts","floor":8,"turns":3},{"damage":22,"enemies":"downfall:FleeingMerchant","floor":9,"turns":4},{"damage":12,"enemies":"Large Slime","floor":10,"turns":5},{"damage":27,"enemies":"Gremlin Nob","floor":11,"turns":5},{"damage":30,"enemies":"Gremlin Gang","floor":12,"turns":4},{"damage":14,"enemies":"2 Fungi Beasts","floor":14,"turns":4},{"damage":24,"enemies":"Large Slime","floor":15,"turns":6},{"damage":35,"enemies":"IC_STATUS_ARCHETYPE","floor":16,"turns":7},{"damage":29,"enemies":"3 Byrds","floor":19,"turns":5},{"damage":62,"enemies":"downfall:Augmenter","floor":20,"turns":7},{"damage":5,"enemies":"Shell Parasite","floor":22,"turns":2},{"damage":27,"enemies":"Centurion and Healer","floor":23,"turns":5},{"damage":0,"enemies":"Snecko","floor":25,"turns":3},{"damage":3,"enemies":"Shelled Parasite and Fungi","floor":26,"turns":4},{"damage":33,"enemies":"Gremlin Leader","floor":27,"turns":6},{"damage":9,"enemies":"Snake Plant","floor":28,"turns":5},{"damage":35,"enemies":"Book of Stabbing","floor":31,"turns":6},{"damage":28,"enemies":"Chosen and Byrds","floor":32,"turns":3},{"damage":73,"enemies":"SI_MIRROR_ARCHETYPE","floor":33,"turns":6},{"damage":15,"enemies":"downfall:FleeingMerchant","floor":36,"turns":4},{"damage":13,"enemies":"3 Shapes","floor":37,"turns":3},{"damage":37,"enemies":"3 Darklings","floor":38,"turns":6},{"damage":30,"enemies":"downfall:FleeingMerchant","floor":39,"turns":4},{"damage":15,"enemies":"Sphere and 2 Shapes","floor":42,"turns":4},{"damage":25,"enemies":"Jaw Worm Horde","floor":43,"turns":4},{"damage":43,"enemies":"3 Darklings","floor":44,"turns":4},{"damage":40,"enemies":"Transient","floor":47,"turns":5},{"damage":43,"enemies":"Reptomancer","floor":48,"turns":6},{"damage":36,"enemies":"Spire Growth","floor":49,"turns":5},{"damage":43,"enemies":"DF_ARCHETYPE_ORBS","floor":50,"turns":8},{"damage":135,"enemies":"downfall:CharBossMerchant","floor":52,"turns":9},{"damage":79,"enemies":"downfall:NeowBoss","floor":55,"turns":10},{"damage":134,"enemies":"downfall:NeowBossFinal","floor":56,"turns":8}],"seed_played":"-419136159184032094","potions_obtained":[{"floor":3,"key":"Weak Potion"},{"floor":8,"key":"Slimebound:ThreeZeroPotion"},{"floor":10,"key":"champ:OpenerPotion"},{"floor":11,"key":"champ:CounterPotion"},{"floor":19,"key":"Slimebound:ThreeZeroPotion"},{"floor":22,"key":"Fruit Juice"},{"floor":26,"key":"champ:CounterPotion"},{"floor":28,"key":"SkillPotion"},{"floor":29,"key":"CultistPotion"},{"floor":48,"key":"champ:OpenerPotion"}],"is_trial":false,"path_per_floor":["R","M","M","T","M","M","T","M","$","M","E","M","R","M","M","B",null,"R","M","?","?","M","M","T","M","M","E","M","?","R","E","M","B",null,"R","$","M","M","?","$","T","M","M","M","?","R","M","E","M","B",null,"E","$","R","B","B"],"character_chosen":"THE_CHAMP","items_purchased":["champ:ShieldWall","champ:Devastate","champ:UltimateStance","War Paint","BlessingOfTheForge","champ:EndlessRage","Guardian:BlockOnCardUsePotion","champ:GladiatorForm","champ:Duel","champ:PreciseThrust","champ:BringItOn"],"campfire_rested":2,"item_purchase_floors":[9,9,36,36,36,39,39,40,53,53,53],"current_hp_per_floor":[99,89,89,89,89,81,81,78,71,69,67,42,42,38,29,24,99,99,95,68,68,73,66,66,66,63,50,46,46,77,57,54,51,104,104,104,101,84,84,84,84,84,84,76,76,86,76,73,62,39,114,29,29,63,59,0,0,0],"gold":2,"neow_bonus":"TEN_PERCENT_HP_BONUS","is_daily":false,"chose_seed":false,"campfire_upgraded":4,"win_rate":0.0,"timestamp":1613178877,"path_taken":["R","M","M","?","?","M","T","M","$","M","E","M","R","M","M","BOSS","R","M","?","?","M","?","T","M","M","E","M","?","R","E","M","BOSS","R","$","M","M","?","$","T","M","M","M","?","R","?","E","M","BOSS","E","$","R","BOSS","BOSS"],"items_purchased_type":["Card","Card","Card","Relic","Potion","Card","Potion","Card","Card","Card","Card"],"build_version":"2020-12-22","purchased_purges":0,"victory":false,"max_hp_per_floor":[99,99,99,99,99,99,99,99,99,99,99,99,99,99,99,99,99,99,99,99,99,104,104,104,104,104,104,104,104,104,104,104,104,104,104,104,104,104,104,104,104,104,104,104,104,114,114,114,114,114,114,114,114,114,114,114,114,114],"card_choices":[{"not_picked":["champ:Encircle","champ:Backstep"],"picked":"champ:DefensiveShout","floor":2},{"not_picked":["champ:AdrenalArmor","champ:Lariat"],"picked":"champ:EnGarde","floor":3},{"not_picked":["champ:FancyFootwork","champ:ArenaPreparation"],"picked":"champ:FanOfKnives","floor":5},{"not_picked":["champ:ArenaPreparation","champ:BerserkersShout"],"picked":"champ:Shatter","floor":6},{"not_picked":["champ:Encircle","champ:RecklessLeap"],"picked":"champ:SkillfulDodge","floor":8},{"not_picked":["champ:FocusedDefense","champ:TornadoPunch"],"picked":"champ:Endure","floor":9},{"not_picked":["champ:PreciseThrust","champ:EnragedBash"],"picked":"champ:SteelEdge","floor":10},{"not_picked":["champ:CrownThrow","champ:EnragedBash"],"picked":"champ:ShieldThrow","floor":11},{"not_picked":["champ:CrownThrow","champ:Shatter"],"picked":"champ:FanOfKnives","floor":12},{"not_picked":["champ:Duel","champ:SkillfulDodge"],"picked":"champ:ShieldSlam","floor":14},{"not_picked":["champ:ShieldSlam","champ:HeartStrike"],"picked":"champ:BringItOn","floor":15},{"not_picked":["champ:HeavySlash","champ:IgnorePain"],"picked":"champ:LastStand","floor":16},{"not_picked":["champ:CrownThrow+1","champ:FlashCut"],"picked":"champ:ArenaPreparation","floor":19},{"not_picked":[],"picked":"J.A.X.","floor":20},{"not_picked":["champ:FancyFootwork","champ:GladiatorStyle"],"picked":"champ:ShieldThrow","floor":20},{"not_picked":["champ:RecklessLeap+1","champ:FocusedBerserking"],"picked":"champ:IronFortress","floor":22},{"not_picked":["champ:EnragedBash","champ:Endure"],"picked":"champ:ShieldWall","floor":23},{"not_picked":["champ:Duel","champ:StanceDance"],"picked":"champ:DefensiveShout+1","floor":25},{"not_picked":["champ:CrownThrow","champ:Circumvent+1"],"picked":"champ:FlashCut","floor":26},{"not_picked":["champ:FocusedBerserking","champ:StanceDance"],"picked":"champ:BringItOn+1","floor":27},{"not_picked":["champ:DefensiveShout","champ:FaceSlap+1","champ:EndlessRage"],"picked":"champ:Backstep","floor":28},{"not_picked":["champ:Shatter","champ:EnGarde","champ:SteelEdge"],"picked":"champ:TornadoPunch+1","floor":31},{"not_picked":["champ:FocusedDefense","champ:AdrenalArmor","champ:FaceSlap+1"],"picked":"champ:FocusedBerserking","floor":32},{"not_picked":["champ:VampiricStrike","champ:UltimateStance","champ:MurderStrike"],"picked":"champ:StrikeOfGenius","floor":33},{"not_picked":["champ:FanOfKnives+1","champ:CrownThrow","champ:Lariat"],"picked":"champ:GutPunch+1","floor":36},{"not_picked":["champ:BladeFlurry+1","champ:Backstep","champ:DeathBlow+1"],"picked":"champ:Endure+1","floor":37},{"not_picked":["champ:EnGarde+1","champ:PerfectedStrike","champ:Shatter+1","champ:Parry"],"picked":"SKIP","floor":38},{"not_picked":["champ:Haymaker","champ:BerserkersShout+1","champ:RisingSlash"],"picked":"champ:CalledShot+1","floor":39},{"not_picked":["champ:PreciseThrust+1","champ:GutPunch+1","champ:TripleStrike"],"picked":"champ:IronFortress","floor":42},{"not_picked":["champ:DeathBlow+1","champ:BerserkersShout+1","champ:EnGarde","champ:TornadoPunch"],"picked":"SKIP","floor":43},{"not_picked":["champ:BringItOn","champ:TornadoPunch","champ:AdrenalArmor","champ:GutPunch"],"picked":"SKIP","floor":44},{"not_picked":["champ:Shatter","champ:RapidStrikes","champ:DeathBlow+1"],"picked":"champ:GladiatorStyle","floor":47},{"not_picked":["champ:EndlessRage","champ:BladeFlurry+1","champ:GladiatorStyle+1"],"picked":"champ:BringItOn+1","floor":48},{"not_picked":["champ:CrookedStrike+1","champ:PerfectedStrike","champ:FaceSlap+1","champ:HeartStrike"],"picked":"SKIP","floor":49},{"not_picked":["champ:SteelEdge","champ:EnGarde+1","champ:FlashCut"],"picked":"champ:RapidStrikes+1","floor":52}],"player_experience":208689,"relics_obtained":[{"floor":4,"key":"Anchor"},{"floor":7,"key":"Calipers"},{"floor":11,"key":"Bag of Preparation"},{"floor":20,"key":"MutagenicStrength"},{"floor":24,"key":"Whetstone"},{"floor":27,"key":"Question Card"},{"floor":31,"key":"Bottled Tornado"},{"floor":48,"key":"champ:GladiatorsBookOfMartialProwess"},{"floor":52,"key":"Shuriken"}],"event_choices":[{"damage_healed":0,"gold_gain":0,"player_choice":"Forge","damage_taken":0,"max_hp_gain":0,"max_hp_loss":0,"event_name":"Accursed Blacksmith","floor":45,"gold_loss":0,"cards_upgraded":["champ:GladiatorForm"]}],"is_beta":false,"boss_relics":[{"not_picked":["Cursed Key","Runic Pyramid"],"picked":"Pandora\u0027s Box"},{"not_picked":["Snecko Eye","Black Star"],"picked":"SlaversCollar"}],"items_purged_floors":[],"is_endless":false,"potions_floor_spawned":[3,8,10,11,14,19,22,26,28,31,32,42,47,48,49],"killed_by":"downfall:NeowBossFinal","ascension_level":0}}