{"host":"tetk82fuf8thwxol","time":1613186794,"event":{"mods":["AchievementEnabler","BaseMod","BetterRewards","GifTheSpireLib","Hermit","Minty Spire (QoL Compilation)","Permanent Neow","Quick Restart","Shop Mod","Spicy Shops","StSLib","The Bug Knight","The Cursed","The Runesmith"],"gold_per_floor":[116,116,131,145,165,18,18,30,30,30,63,63,97,111,111,111,111],"floor_reached":16,"language":"ENG","playtime":481,"items_purged":[],"score":174,"play_id":"179ef2b1-9910-4027-bc17-9736fcb74221","local_time":"20210212212634","is_ascension_mode":true,"campfire_choices":[{"floor":7,"key":"REST"},{"floor":15,"key":"REST"}],"circlet_count":0,"master_deck":["AscendersBane","Strike_B+1","Strike_B","Strike_B+1","Strike_B","Defend_B","Defend_B","Defend_B","Defend_B","Zap","Dualcast","Reinforced Body","Conserve Battery","Hyperbeam","Sunder"],"relics":["Cracked Core","Orichalcum","Lantern","Happy Flower","Blood Vial","Molten Egg 2"],"acts_visited":["Exordium"],"potions_floor_usage":[5,5,13],"damage_taken":[{"damage":0,"enemies":"Small Slimes","floor":1,"turns":3},{"damage":2,"enemies":"2 Louse","floor":3,"turns":3},{"damage":0,"enemies":"Cultist","floor":4,"turns":3},{"damage":2,"enemies":"Exordium Wildlife","floor":5,"turns":5},{"damage":7,"enemies":"3 Louse","floor":8,"turns":3},{"damage":16,"enemies":"Lagavulin","floor":11,"turns":5},{"damage":9,"enemies":"Gremlin Nob","floor":13,"turns":3},{"damage":20,"enemies":"Gremlin Gang","floor":14,"turns":3},{"damage":72,"enemies":"Hexaghost","floor":16,"turns":11}],"seed_played":"8468431173579016592","potions_obtained":[{"floor":1,"key":"LiquidMemories"},{"floor":4,"key":"Dexterity Potion"},{"floor":11,"key":"Dexterity Potion"}],"is_trial":false,"path_per_floor":["M","?","M","M","M","$","R","M","T","$","E","?","E","M","R","B"],"character_chosen":"DEFECT","items_purchased":["Lantern"],"campfire_rested":2,"item_purchase_floors":[6],"current_hp_per_floor":[68,53,51,51,49,49,71,64,64,64,48,75,66,48,70,0,0],"gold":111,"neow_bonus":"RANDOM_COMMON_RELIC","is_daily":false,"chose_seed":false,"campfire_upgraded":0,"win_rate":0.0,"timestamp":1613186794,"path_taken":["M","?","M","M","M","$","R","M","T","$","E","?","E","?","R","BOSS"],"items_purchased_type":["Relic"],"build_version":"2020-12-22","purchased_purges":0,"victory":false,"max_hp_per_floor":[75,75,75,75,75,75,75,75,75,75,75,75,75,75,75,75,75],"card_choices":[{"not_picked":["Rebound","Skim"],"picked":"Reinforced Body","floor":1},{"not_picked":["Compile Driver","Rebound"],"picked":"Conserve Battery","floor":3},{"not_picked":["Go for the Eyes","Stack"],"picked":"Loop","floor":4},{"not_picked":["Redo","Rebound"],"picked":"Hyperbeam","floor":5},{"not_picked":["Go for the Eyes","Gash"],"picked":"Sunder","floor":8},{"not_picked":["Blizzard","Stack","Rebound"],"picked":"SKIP","floor":11},{"not_picked":["Fission","Cold Snap+1","Gash+1"],"picked":"SKIP","floor":13},{"not_picked":["Steam","White Noise","Turbo"],"picked":"SKIP","floor":14}],"player_experience":207830,"relics_obtained":[{"floor":9,"key":"Happy Flower"},{"floor":11,"key":"Blood Vial"},{"floor":13,"key":"Molten Egg 2"}],"event_choices":[{"damage_healed":0,"gold_gain":0,"player_choice":"Entered Light","damage_taken":15,"max_hp_gain":0,"max_hp_loss":0,"event_name":"Shining Light","floor":2,"gold_loss":0,"cards_upgraded":["Strike_B","Strike_B"]},{"cards_removed":["Loop"],"damage_healed":27,"gold_gain":0,"player_choice":"Offered Uncommon","damage_taken":0,"max_hp_gain":0,"max_hp_loss":0,"event_name":"Bonfire Elementals","floor":12,"gold_loss":0}],"is_beta":false,"boss_relics":[],"items_purged_floors":[],"is_endless":false,"potions_floor_spawned":[1,4,11],"killed_by":"Hexaghost","ascension_level":11}}