{"host":"7gewg82ormp6yt4e","time":1613234119,"event":{"mods":["BaseMod","Block Reminder","Colored Map","DeckTracker","Highlight Path","Minty Spire (QoL Compilation)","Relic Stats","StSLib","ojb\u0027s Info Mod"],"gold_per_floor":[119,119,138,63,81,81,110,110,110,110,121,139,169,184,184,260,260,277,180,193,205,205,205,238,238,238,264,279,17,0,50,50,124,124,141,156,181,193,193,220,220,236,236,236,236,67,67,78,78,78,78,78],"floor_reached":51,"language":"JPN","playtime":4048,"items_purged":["Strike_P"],"score":1500,"play_id":"f05da3da-c864-4a03-9acd-0807729599d2","local_time":"20210214013519","is_ascension_mode":true,"campfire_choices":[{"data":"SignatureMove","floor":6,"key":"SMITH"},{"data":"Eruption","floor":8,"key":"SMITH"},{"data":"Vigilance","floor":10,"key":"SMITH"},{"data":"Evaluate","floor":15,"key":"SMITH"},{"floor":23,"key":"REST"},{"floor":25,"key":"REST"},{"floor":32,"key":"REST"},{"floor":41,"key":"REST"},{"floor":45,"key":"RECALL"},{"floor":49,"key":"REST"}],"circlet_count":0,"master_deck":["AscendersBane","Strike_P","Strike_P","Defend_P","Defend_P","Defend_P","Defend_P","Eruption+1","Vigilance+1","SignatureMove+1","WreathOfFlame","Adaptation","InnerPeace","Indignation","Consecrate","Tantrum","Evaluate+1","SpiritShield","DeceiveReality","Scrawl","TalkToTheHand","SpiritShield","SashWhip+1","JustLucky+1","TalkToTheHand","EmptyFist+1","Purity","Purity"],"relics":["PureWater","CloakClasp","Question Card","Frozen Egg 2","Velvet Choker","Boot","InkBottle","Vajra","Shuriken","Runic Pyramid","TungstenRod","Bronze Scales","TheAbacus"],"acts_visited":["Exordium","TheCity","TheBeyond"],"potions_floor_usage":[7,16,24,27,37,50],"damage_taken":[{"damage":2,"enemies":"Cultist","floor":1,"turns":4},{"damage":0,"enemies":"Small Slimes","floor":3,"turns":2},{"damage":0,"enemies":"Jaw Worm","floor":5,"turns":4},{"damage":0,"enemies":"Lagavulin","floor":7,"turns":4},{"damage":0,"enemies":"2 Fungi Beasts","floor":11,"turns":2},{"damage":10,"enemies":"Exordium Wildlife","floor":12,"turns":3},{"damage":0,"enemies":"Gremlin Nob","floor":13,"turns":3},{"damage":0,"enemies":"Large Slime","floor":14,"turns":2},{"damage":19,"enemies":"The Guardian","floor":16,"turns":6},{"damage":0,"enemies":"Spheric Guardian","floor":18,"turns":2},{"damage":0,"enemies":"Shell Parasite","floor":20,"turns":3},{"damage":32,"enemies":"Chosen and Byrds","floor":21,"turns":7},{"damage":49,"enemies":"Slavers","floor":24,"turns":6},{"damage":16,"enemies":"Gremlin Leader","floor":27,"turns":6},{"damage":11,"enemies":"Centurion and Healer","floor":28,"turns":3},{"damage":40,"enemies":"Champ","floor":33,"turns":12},{"damage":0,"enemies":"Orb Walker","floor":35,"turns":3},{"damage":2,"enemies":"3 Darklings","floor":36,"turns":5},{"damage":0,"enemies":"Mind Bloom Boss Battle","floor":37,"turns":5},{"damage":0,"enemies":"Writhing Mass","floor":38,"turns":6},{"damage":39,"enemies":"Giant Head","floor":40,"turns":8},{"damage":0,"enemies":"Sphere and 2 Shapes","floor":42,"turns":5},{"damage":3,"enemies":"Transient","floor":48,"turns":6},{"damage":44,"enemies":"Awakened One","floor":50,"turns":13},{"damage":38,"enemies":"Donu and Deca","floor":51,"turns":5}],"seed_played":"-2816968679562479494","potions_obtained":[{"floor":1,"key":"ColorlessPotion"},{"floor":3,"key":"CultistPotion"},{"floor":12,"key":"FairyPotion"},{"floor":14,"key":"LiquidMemories"},{"floor":24,"key":"FearPotion"},{"floor":28,"key":"SpeedPotion"},{"floor":33,"key":"AttackPotion"},{"floor":37,"key":"LiquidBronze"},{"floor":42,"key":"Dexterity Potion"}],"is_trial":false,"path_per_floor":["M","?","M","$","M","R","E","R","T","R","M","M","E","M","R","B",null,"M","$","M","M","?","R","E","R","T","E","M","$","?","?","R","B",null,"M","M","?","M","?","E","R","M","T","?","R","$","?","M","R","B","B"],"character_chosen":"WATCHER","items_purchased":["Strength Potion","DeceiveReality","Shuriken","TheAbacus"],"campfire_rested":5,"item_purchase_floors":[19,19,29,46],"current_hp_per_floor":[53,53,53,53,53,53,53,53,53,53,53,43,43,43,43,24,66,66,66,66,34,34,58,9,33,33,17,6,6,6,6,30,24,66,66,64,64,64,64,25,49,49,49,40,40,40,40,37,59,15,0,0],"gold":78,"neow_bonus":"TWENTY_PERCENT_HP_BONUS","is_daily":false,"chose_seed":false,"campfire_upgraded":4,"win_rate":0.0,"timestamp":1613234119,"path_taken":["M","?","M","$","M","R","E","R","T","R","M","M","E","M","R","BOSS","M","$","M","?","?","R","E","R","T","E","M","$","?","?","R","BOSS","M","M","?","M","?","E","R","M","T","?","R","$","?","M","R","BOSS","BOSS"],"items_purchased_type":["Potion","Card","Relic","Relic"],"build_version":"2020-12-22","purchased_purges":1,"victory":false,"max_hp_per_floor":[80,80,80,80,80,80,80,80,80,80,80,80,80,80,80,80,80,80,80,80,80,80,80,80,80,80,80,80,80,80,80,80,80,80,80,80,80,80,80,80,80,80,80,80,80,80,76,76,76,76,76,76],"relic_stats":{"TheAbacus":[36],"counters":[25,125],"Shuriken":[25],"Bronze Scales":[99],"CloakClasp":[436],"Question Card":22,"Boot":[27],"obtain_stats":[{"Velvet Choker":17,"Vajra":27,"CloakClasp":7,"Frozen Egg 2":13,"Question Card":9,"Boot":24,"TheAbacus":46,"Shuriken":29,"Bronze Scales":40,"PureWater":0,"InkBottle":26,"TungstenRod":37,"Runic Pyramid":34},{"Velvet Choker":9,"Vajra":14,"CloakClasp":4,"Frozen Egg 2":7,"Question Card":4,"Boot":13,"TheAbacus":22,"Shuriken":15,"Bronze Scales":21,"PureWater":0,"InkBottle":13,"TungstenRod":19,"Runic Pyramid":16},{"Velvet Choker":30,"Vajra":54,"CloakClasp":14,"Frozen Egg 2":22,"Question Card":14,"Boot":48,"TheAbacus":101,"Shuriken":57,"Bronze Scales":96,"PureWater":0,"InkBottle":48,"TungstenRod":82,"Runic Pyramid":69}],"InkBottle":[31],"TungstenRod":11},"card_choices":[{"not_picked":["Study","FlurryOfBlows"],"picked":"SignatureMove","floor":1},{"not_picked":["Halt","PathToVictory"],"picked":"WreathOfFlame","floor":3},{"not_picked":["Protect","Perseverance"],"picked":"Adaptation","floor":5},{"not_picked":["Omniscience","EmptyFist"],"picked":"InnerPeace","floor":7},{"not_picked":["Pray","WindmillStrike","ClearTheMind"],"picked":"Indignation","floor":11},{"not_picked":["WindmillStrike","FlurryOfBlows","Fasting2"],"picked":"Consecrate","floor":12},{"not_picked":["ClearTheMind","Wish","CarveReality"],"picked":"Tantrum","floor":13},{"not_picked":["Protect","BowlingBash","ClearTheMind"],"picked":"Evaluate","floor":14},{"not_picked":["DeusExMachina","Scrawl","DevaForm+1"],"picked":"SpiritShield","floor":16},{"not_picked":["ReachHeaven","BowlingBash","Indignation","JustLucky"],"picked":"SKIP","floor":18},{"not_picked":["EmptyFist","Crescendo","Worship","BattleHymn+1"],"picked":"SKIP","floor":20},{"not_picked":["FlurryOfBlows","Consecrate","EmptyFist","Halt"],"picked":"SKIP","floor":21},{"not_picked":["ForeignInfluence","WreathOfFlame+1","SashWhip"],"picked":"Scrawl","floor":24},{"not_picked":["EmptyBody","LikeWater+1","PathToVictory"],"picked":"TalkToTheHand","floor":27},{"not_picked":["CutThroughFate","CarveReality","Prostrate","CrushJoints"],"picked":"SKIP","floor":28},{"not_picked":["DevaForm+1","Brilliance","Establishment+1"],"picked":"SpiritShield","floor":33},{"not_picked":["ClearTheMind","FollowUp","Halt"],"picked":"SashWhip+1","floor":35},{"not_picked":["CutThroughFate+1","Prostrate","Crescendo"],"picked":"JustLucky+1","floor":36},{"not_picked":["JustLucky+1","Halt","PathToVictory","FlyingSleeves"],"picked":"SKIP","floor":38},{"not_picked":["Omniscience","Halt","Consecrate"],"picked":"TalkToTheHand","floor":40},{"not_picked":["Adaptation+1","Consecrate","FollowUp"],"picked":"EmptyFist+1","floor":42},{"not_picked":["Bandage Up","Forethought","Swift Strike"],"picked":"Purity","floor":44},{"not_picked":["Blind","Jack Of All Trades","Finesse"],"picked":"Purity","floor":44},{"not_picked":["DeceiveReality","Weave+1","FlurryOfBlows+1","ThirdEye"],"picked":"SKIP","floor":48}],"player_experience":2855320,"relics_obtained":[{"floor":7,"key":"CloakClasp"},{"floor":9,"key":"Question Card"},{"floor":13,"key":"Frozen Egg 2"},{"floor":24,"key":"Boot"},{"floor":26,"key":"InkBottle"},{"floor":27,"key":"Vajra"},{"floor":37,"key":"TungstenRod"},{"floor":40,"key":"Bronze Scales"}],"event_choices":[{"cards_removed":["Strike_P"],"damage_healed":0,"gold_gain":0,"player_choice":"Offered Basic","damage_taken":0,"max_hp_gain":0,"max_hp_loss":0,"event_name":"Bonfire Elementals","floor":2,"gold_loss":0},{"damage_healed":0,"gold_gain":0,"player_choice":"Ignored","damage_taken":0,"max_hp_gain":0,"max_hp_loss":0,"event_name":"Vampires","floor":22,"gold_loss":0},{"damage_healed":0,"gold_gain":0,"player_choice":"Paid Fearfully","damage_taken":0,"max_hp_gain":0,"max_hp_loss":0,"event_name":"Masked Bandits","floor":30,"gold_loss":17},{"damage_healed":0,"gold_gain":50,"player_choice":"Stole From Cult","damage_taken":0,"max_hp_gain":0,"max_hp_loss":0,"event_name":"Nest","floor":31,"gold_loss":0},{"damage_healed":0,"gold_gain":0,"player_choice":"Fight","damage_taken":0,"max_hp_gain":0,"max_hp_loss":0,"event_name":"MindBloom","floor":37,"gold_loss":0},{"damage_healed":0,"gold_gain":0,"player_choice":"Ignored","damage_taken":0,"max_hp_gain":0,"max_hp_loss":0,"event_name":"Mysterious Sphere","floor":39,"gold_loss":0},{"damage_healed":0,"gold_gain":0,"player_choice":"Memory 3","damage_taken":10,"max_hp_gain":0,"max_hp_loss":0,"event_name":"SensoryStone","floor":44,"gold_loss":0},{"damage_healed":0,"gold_gain":0,"player_choice":"Max HP","damage_taken":0,"max_hp_gain":0,"max_hp_loss":4,"event_name":"Winding Halls","floor":47,"gold_loss":0}],"is_beta":false,"boss_relics":[{"not_picked":["Black Star","Busted Crown"],"picked":"Velvet Choker"},{"not_picked":["Sozu","Empty Cage"],"picked":"Runic Pyramid"}],"items_purged_floors":[4],"is_endless":false,"potions_floor_spawned":[1,3,5,12,14,21,24,28,33,37,38,42],"killed_by":"Donu and Deca","ascension_level":20}}