{"host":"jfbo3eu2ui08ej1u","time":1613242620,"event":{"mods":["2.2 Compatiblity","AchievementEnabler","Act Like it!","Aspiration","BaseMod","Better Altar","Better Match","Better Note","Better Sensory Stone","Better Skull","Better Third Choice","Block Reminder","Colored Map","Colored Powertips","Conspire","DeckTracker","Displayed Cursed Tome","Energized Spire","Fox Events","GifTheSpireLib","Hermit","Hubris","Infinite Spire","Marked Mod","Minty Spire (QoL Compilation)","Monster B Gone","Pale of the Ancients","Poor People Problems","Quick Restart","Relic Filter","Reliquary","Reorder Act Four","Replay The Spire","Shop Mod","Spicy Shops","Spire Arcade","StSLib","Stuff the Spire","The Blue Laboratory","The Disciple","The Forsaken","The Hierophant","The Marked","Uncapped","Unceasing Turn Reminder","Wandering Minibosses"],"gold_per_floor":[112,112,126,126,136,162,174,201,201,286,299,299,310,310,310,427,427,467,467,483,483,533,533,569,569,569,589,1,19,45,72,72,182,182,199,199,199,219,8,8,36,38,38],"floor_reached":42,"language":"ENG","playtime":1978,"items_purged":["ReplayTheSpireMod:Splinters","theForsaken:TheForsaken_Strike","theForsaken:TheForsaken_Strike"],"score":571,"play_id":"fb251629-95f9-43fb-b4bb-b13f2e97296c","local_time":"20210213135700","is_ascension_mode":true,"campfire_choices":[{"floor":12,"key":"REST"},{"floor":15,"key":"REST"},{"floor":23,"key":"REST"},{"data":"theForsaken:DarkBarrier","floor":32,"key":"SMITH"},{"data":"theForsaken:BlessedWeapon","floor":40,"key":"SMITH"}],"circlet_count":0,"master_deck":["theForsaken:TheForsaken_Strike","theForsaken:TheForsaken_Strike","theForsaken:TheForsaken_Defend","theForsaken:TheForsaken_Defend","theForsaken:TheForsaken_Defend","theForsaken:TheForsaken_Defend","theForsaken:Smite","theForsaken:Penitence","theForsaken:ChargeAttack","theForsaken:Backlash","theForsaken:PowerUp","theForsaken:DivineGuidance","theForsaken:MagicWeapon","theForsaken:Thunderbolt","theForsaken:WordsOfMight","theForsaken:Preservation+1","theForsaken:SpreadingPlague","theForsaken:PowerUp","infinitespire:Collect","theForsaken:WordsOfMight","theForsaken:DarkBarrier+1","theForsaken:Preservation","theForsaken:Retribution","theForsaken:PlagueCurse","theForsaken:BlessedWeapon+1","theForsaken:HymnOfPatience+1","theForsaken:DefensiveStance"],"relics":["theForsaken:JudgementScales","Nunchaku","Orichalcum","hubris:Spice","infinitespire:CheckeredPen","infinitespire:PuzzleCube","Blood Vial","infinitespire:Midas Blood","SlaversCollar","Omamori","Ring of Fury","Ring of Greed","Smiling Mask","Blue Doll","StuffTheSpire:CocoNut","MerchantsRug","StuffTheSpire:ForceGauntlet","Lee\u0027s Waffle","energizedSpire:EnergizedDie","reliquary:PurpleTingedLeaf"],"acts_visited":["Exordium","TheCity","TheBeyond"],"potions_floor_usage":[5,29,29,33],"damage_taken":[{"damage":10.0,"enemies":"Small Slimes","floor":1.0,"turns":5.0},{"damage":0.0,"enemies":"Jaw Worm","floor":3.0,"turns":5.0},{"damage":13,"enemies":"infinitespire:Voidling","floor":5,"turns":5},{"damage":8,"enemies":"3 Sentries","floor":6,"turns":7},{"damage":3,"enemies":"2 Fungi Beasts","floor":7,"turns":4},{"damage":10,"enemies":"Lagavulin","floor":8,"turns":8},{"damage":17,"enemies":"Large Slime","floor":11,"turns":5},{"damage":8,"enemies":"Exordium Wildlife","floor":13,"turns":3},{"damage":34,"enemies":"Hexaghost","floor":16,"turns":11},{"damage":42,"enemies":"3 Byrds","floor":18,"turns":5},{"damage":23,"enemies":"Chosen","floor":20,"turns":6},{"damage":14,"enemies":"Replay:Snechameleon","floor":24,"turns":4},{"damage":24,"enemies":"Centurion and Healer","floor":27,"turns":7},{"damage":16,"enemies":"Cultist and Chosen","floor":29,"turns":6},{"damage":46,"enemies":"Sentry and Sphere","floor":30,"turns":8},{"damage":0,"enemies":"conspire:SneckoGhost","floor":31,"turns":5},{"damage":19,"enemies":"Champ","floor":33,"turns":14},{"damage":0,"enemies":"3 Shapes","floor":35,"turns":9},{"damage":0,"enemies":"Orb Walker","floor":37,"turns":4},{"damage":21,"enemies":"Maw","floor":38,"turns":7},{"damage":67,"enemies":"Jaw Worm Horde","floor":41,"turns":7},{"damage":7,"enemies":"Nemesis","floor":42,"turns":5}],"seed_played":"6409993420736213150","potions_obtained":[{"floor":1.0,"key":"Explosive Potion"},{"floor":6,"key":"SpeedPotion"},{"floor":11,"key":"blueLaboratory:EnragingPotion"},{"floor":13,"key":"blueLaboratory:RecallPotion"},{"floor":31,"key":"SkillPotion"},{"floor":41,"key":"Energy Potion"}],"is_trial":false,"path_per_floor":["M","?","M","?","M","E","M","E","T","?","M","R","M","T","R","B",null,"M","?","M","AVR","?","R","E","?","T","M","$","M","M","E","R","B",null,"M","?","M","M","$","R","M","E"],"character_chosen":"THE_FORSAKEN","items_purchased":["MerchantsRug","theForsaken:DarkBarrier","StuffTheSpire:ForceGauntlet","Lee\u0027s Waffle","theForsaken:Preservation","theForsaken:DefensiveStance","reliquary:PurpleTingedLeaf"],"campfire_rested":3,"item_purchase_floors":[28,28,28,28,28,39,39],"current_hp_per_floor":[60,35,35,35,34,39,39,31,31,31,19,40,36,36,57,31,73,33,33,18,18,18,39,30,54,61,41,87,74,33,48,48,49,87,87,87,87,66,66,66,1,0,0],"gold":38,"neow_bonus":"RANDOM_COMMON_RELIC","is_daily":false,"chose_seed":false,"campfire_upgraded":2,"win_rate":0.0,"timestamp":1613242620,"path_taken":["M","?","M","?","?","E","M","E","T","?","M","R","M","?","R","BOSS","M","?","M","AVR","?","R","E","?","T","?","$","?","M","E","R","BOSS","M","?","M","?","$","R","M","E"],"items_purchased_type":["Relic","Card","Relic","Relic","Card","Card","Relic"],"build_version":"2020-12-22","purchased_purges":3,"victory":false,"max_hp_per_floor":[65,65,65,65,65,73,73,73,73,73,73,73,73,73,73,73,73,73,73,73,73,73,73,73,73,80,80,87,87,87,95,95,87,87,87,87,87,87,87,87,87,87,87],"card_choices":[{"not_picked":["theForsaken:Eulogy","theForsaken:PowerUp"],"picked":"theForsaken:ChargeAttack","floor":1.0},{"not_picked":["theForsaken:Eulogy","theForsaken:InspiringBlow"],"picked":"theForsaken:Backlash","floor":3.0},{"not_picked":["theForsaken:Parry","theForsaken:PanicDive"],"picked":"theForsaken:PowerUp","floor":5},{"not_picked":["theForsaken:HorrifyingStrike","theForsaken:Riposte"],"picked":"theForsaken:DivineGuidance","floor":6},{"not_picked":["theForsaken:FatRoll","theForsaken:RainingSunlight"],"picked":"theForsaken:MagicWeapon","floor":7},{"not_picked":["theForsaken:StoreUp","theForsaken:Eulogy"],"picked":"theForsaken:Thunderbolt","floor":8},{"not_picked":["theForsaken:WardingHymn","theForsaken:DivineGuidance"],"picked":"theForsaken:WordsOfMight","floor":10},{"not_picked":["theForsaken:HorrifyingStrike","theForsaken:QuickAttack"],"picked":"theForsaken:Preservation","floor":10},{"not_picked":["theForsaken:PanicDive","theForsaken:CowardsBrand","theForsaken:HorrifyingStrike"],"picked":"SKIP","floor":11},{"not_picked":["theForsaken:SpinAttack","theForsaken:PreciseStrike","theForsaken:WordOfPower"],"picked":"SKIP","floor":13},{"not_picked":["theForsaken:CorruptedForm","theForsaken:DesperatePlea"],"picked":"theForsaken:SpreadingPlague","floor":16},{"not_picked":["theForsaken:BlightOfFamine","theForsaken:Enfeeble"],"picked":"theForsaken:PowerUp","floor":18},{"not_picked":["theForsaken:RainingSunlight","theForsaken:Eulogy","theForsaken:BlindFaith"],"picked":"SKIP","floor":20},{"not_picked":["theForsaken:Eulogy","theForsaken:Preservation"],"picked":"theForsaken:WordsOfMight","floor":24},{"not_picked":["theForsaken:ShieldBash+1","theForsaken:PowerUp","theForsaken:PanicDive"],"picked":"SKIP","floor":27},{"not_picked":["theForsaken:WrathOfGod","theForsaken:StoreUp+1","theForsaken:ScorchingSunlight"],"picked":"SKIP","floor":29},{"not_picked":["theForsaken:BlightOfFamine","theForsaken:ScorchingSunlight","theForsaken:CorruptDeck"],"picked":"SKIP","floor":30},{"not_picked":["theForsaken:WrathOfGod","theForsaken:ChargeAttack","theForsaken:CreepingInfection"],"picked":"SKIP","floor":31},{"not_picked":["theForsaken:CorruptedForm","theForsaken:Confusion"],"picked":"theForsaken:Retribution","floor":33},{"not_picked":["theForsaken:ChargeAttack","theForsaken:LightRoll+1"],"picked":"theForsaken:BlessedWeapon","floor":35},{"not_picked":["theForsaken:ShieldCharge+1","theForsaken:Tranquility","theForsaken:CreepingInfection+1"],"picked":"SKIP","floor":37},{"not_picked":["theForsaken:HorrifyingStrike+1","theForsaken:NobleSacrifice+1"],"picked":"theForsaken:HymnOfPatience+1","floor":38},{"not_picked":["theForsaken:StoreUp","hubris:SpiceAddiction","theForsaken:Eulogy+1"],"picked":"SKIP","floor":41}],"player_experience":1321924,"relics_obtained":[{"floor":6,"key":"hubris:Spice"},{"floor":8,"key":"infinitespire:CheckeredPen"},{"floor":9,"key":"infinitespire:PuzzleCube"},{"floor":10,"key":"Blood Vial"},{"floor":14,"key":"infinitespire:Midas Blood"},{"floor":22,"key":"Ring of Fury"},{"floor":22,"key":"Ring of Greed"},{"floor":22,"key":"Smiling Mask"},{"floor":22,"key":"Blue Doll"},{"floor":24,"key":"reliquary:FerryPass"},{"floor":26,"key":"StuffTheSpire:CocoNut"},{"floor":31,"key":"hubris:Spice"},{"floor":33,"key":"hubris:Spice"}],"event_choices":[{"damage_healed":0.0,"max_hp_gain":0.0,"max_hp_loss":0.0,"gold_gain":1.0,"event_name":"betterThird:BetterScrap","player_choice":"Relic ","floor":2.0,"gold_loss":0.0,"damage_taken":25.0,"cards_obtained":["conspire:Charge"]},{"damage_healed":0,"gold_gain":0,"player_choice":"Ignored","damage_taken":0,"max_hp_gain":0,"max_hp_loss":0,"event_name":"WeMeetAgain","floor":4,"gold_loss":0},{"damage_healed":24,"gold_gain":0,"player_choice":"Heal","damage_taken":0,"max_hp_gain":0,"max_hp_loss":0,"event_name":"The Library","floor":25,"gold_loss":0},{"damage_healed":0,"gold_gain":0,"player_choice":"Forge","damage_taken":0,"max_hp_gain":0,"max_hp_loss":0,"event_name":"Accursed Blacksmith","floor":36,"gold_loss":0,"cards_upgraded":["theForsaken:Preservation"]}],"is_beta":false,"boss_relics":[{"not_picked":["hubris:Spice","ReplayTheSpireMod:SealedPack"],"picked":"aspiration:FutureDiary"},{"not_picked":["hubris:Spice","Replay:Ancient Bell"],"picked":"energizedSpire:EnergizedDie"}],"items_purged_floors":[21,28,39],"is_endless":false,"potions_floor_spawned":[1,6,11,13,16,18,24,31,41],"killed_by":"Nemesis","ascension_level":3}}