{"host":"91blwi3hgehj6ch9","time":1613210487,"event":{"mods":["2.2 Compatiblity","AchievementEnabler","BaseMod","Colored Map","DeckTracker","Keyboard Shortcuts","Minty Spire (QoL Compilation)","Permanent Neow","Quick Restart","StSLib","SuperFastMode","everything is the same but u backflip on backflip"],"gold_per_floor":[17,28,28,45,45,45,77,89,89,109,109,125,139,157,157,262,262,277,131,131,31,51,51,51],"floor_reached":23,"language":"KOR","playtime":497,"items_purged":["Strike_R","Strike_R"],"score":283,"play_id":"6de265f8-3da8-4c5e-95f9-1f2dee9394c4","local_time":"20210213190127","is_ascension_mode":true,"campfire_choices":[{"data":"Bash","floor":6,"key":"SMITH"},{"data":"Immolate","floor":11,"key":"SMITH"},{"data":"Fire Breathing","floor":15,"key":"SMITH"}],"circlet_count":0,"master_deck":["Strike_R","Strike_R","Defend_R","Defend_R","Defend_R","Defend_R","Bash+1","Disarm","Cleave","Immolate+1","Fire Breathing+1","Shrug It Off","Blood for Blood","Demon Form","Hemokinesis","Bloodletting"],"relics":["Burning Blood","Incense Burner","InkBottle","Pear","Runic Cube"],"acts_visited":["Exordium","TheCity"],"potions_floor_usage":[7],"damage_taken":[{"damage":10,"enemies":"Cultist","floor":1,"turns":5},{"damage":4,"enemies":"Jaw Worm","floor":2,"turns":4},{"damage":10,"enemies":"Small Slimes","floor":4,"turns":8},{"damage":45,"enemies":"Lagavulin","floor":7,"turns":8},{"damage":27,"enemies":"Exordium Thugs","floor":8,"turns":5},{"damage":13,"enemies":"Looter","floor":10,"turns":4},{"damage":5,"enemies":"Blue Slaver","floor":12,"turns":4},{"damage":1,"enemies":"2 Fungi Beasts","floor":13,"turns":2},{"damage":10,"enemies":"Red Slaver","floor":14,"turns":3},{"damage":27,"enemies":"Slime Boss","floor":16,"turns":7},{"damage":23,"enemies":"Spheric Guardian","floor":18,"turns":5},{"damage":32,"enemies":"Shell Parasite","floor":22,"turns":4},{"damage":33,"enemies":"Book of Stabbing","floor":23,"turns":4}],"seed_played":"102446570948463255","potions_obtained":[{"floor":1,"key":"Regen Potion"},{"floor":12,"key":"FearPotion"},{"floor":13,"key":"EssenceOfSteel"},{"floor":14,"key":"FairyPotion"},{"floor":18,"key":"Strength Potion"}],"is_trial":false,"path_per_floor":["M","M","?","M","?","R","E","M","T","M","R","M","M","M","R","B",null,"M","$","?","$","M","E"],"character_chosen":"IRONCLAD","items_purchased":["Bloodletting"],"campfire_rested":0,"item_purchase_floors":[19],"current_hp_per_floor":[68,70,70,66,59,59,35,14,24,17,17,18,23,19,19,33,76,59,59,59,59,33,0,0],"gold":51,"neow_bonus":"ONE_RARE_RELIC","is_daily":false,"chose_seed":false,"campfire_upgraded":3,"win_rate":0.0,"timestamp":1613210487,"path_taken":["M","?","?","M","?","R","E","M","T","M","R","M","M","?","R","BOSS","M","$","?","$","M","E"],"items_purchased_type":["Card"],"build_version":"2020-12-22","purchased_purges":2,"victory":false,"max_hp_per_floor":[80,80,80,80,80,80,80,80,90,90,90,90,90,90,90,90,90,90,90,90,90,90,90,90],"card_choices":[{"not_picked":["Infernal Blade","Cleave"],"picked":"Disarm","floor":1},{"not_picked":["Headbutt","Anger","Havoc"],"picked":"SKIP","floor":2},{"not_picked":["Thunderclap","Clothesline"],"picked":"Cleave","floor":4},{"not_picked":["Warcry","Wild Strike"],"picked":"Immolate","floor":7},{"not_picked":["Iron Wave","Pummel","Clash"],"picked":"SKIP","floor":8},{"not_picked":["Inflame","Intimidate"],"picked":"Fire Breathing","floor":10},{"not_picked":["Body Slam","Sever Soul"],"picked":"Shrug It Off","floor":12},{"not_picked":["Armaments","True Grit","Shockwave"],"picked":"SKIP","floor":13},{"not_picked":["Limit Break","Armaments"],"picked":"Blood for Blood","floor":14},{"not_picked":["Limit Break","Juggernaut"],"picked":"Demon Form","floor":16},{"not_picked":["Cleave+1","Armaments+1"],"picked":"Hemokinesis","floor":18},{"not_picked":["Heavy Blade+1","Clash","Cleave"],"picked":"SKIP","floor":22}],"player_experience":240836,"relics_obtained":[{"floor":7,"key":"InkBottle"},{"floor":9,"key":"Pear"}],"event_choices":[{"damage_healed":0,"gold_gain":0,"player_choice":"Ignored","damage_taken":0,"max_hp_gain":0,"max_hp_loss":0,"event_name":"Liars Game","floor":3,"gold_loss":0},{"cards_removed":["Strike_R"],"damage_healed":0,"gold_gain":0,"player_choice":"Card Removal","damage_taken":7,"max_hp_gain":0,"max_hp_loss":0,"event_name":"Golden Wing","floor":5,"gold_loss":0},{"damage_healed":0,"gold_gain":0,"player_choice":"Ignored","damage_taken":0,"max_hp_gain":0,"max_hp_loss":0,"event_name":"Ghosts","floor":20,"gold_loss":0}],"is_beta":false,"boss_relics":[{"not_picked":["Fusion Hammer","Cursed Key"],"picked":"Runic Cube"}],"items_purged_floors":[19,21],"is_endless":false,"potions_floor_spawned":[1,12,13,14,18],"killed_by":"Book of Stabbing","ascension_level":9}}