{"host":"rm0ctv8qd8mnbkg1","time":1613222422,"event":{"mods":["Act Like it!","BaseMod","Beaked The Cultist","BetterRewards","Colored Map","DNKmod","Dark Map","Defuse TimeMaze Blight","Downfall","Friendly Minions","Gensokyo","Hallownest","Hubris","Marisa????????","Minty Spire (QoL Compilation)","MostiFishMod","Permanent Neow","Quarter Circle Forward PUNCH!","RRrroohrrRGHHhhh!!","Rare Cards Sparkle","Relic Sorter","Reliquary","Replay The Spire","RumiaBox-????????","Shade Mod","Shop Mod","Spicy Shops","Spire Arcade","StSLib","The Construct","The Servant 0.9.4","TheVacant","Wandering Minibosses","??????REMEMod"],"gold_per_floor":[10012,10012,10012,10025,9283,9283,9283,9283,9329,9329,9360,9373,9383,9412,9412,9513,9513,9523,9536,9080,9080,9080,9114,9134,9164,9189,9206,9206,9206,9206,9206,9206,9308,9308,9318,9418,9810,9845,9518,9518,9518,9572,9572,9482,9482,9482,9532,9055,9055,9055],"floor_reached":51,"language":"ENG","playtime":2049,"items_purged":[],"score":991,"play_id":"3961ca25-6c50-414f-b1b2-bf5ba4316897","local_time":"20210213132022","is_ascension_mode":false,"campfire_choices":[{"data":"Static Discharge","floor":6,"key":"SMITH"},{"data":"beaked:Ceremony","floor":8,"key":"SMITH"},{"data":"beaked:Ceremony","floor":15,"key":"SMITH"},{"data":"beaked:Evade","floor":28,"key":"SMITH"},{"data":"beaked:StickSmack","floor":30,"key":"SMITH"},{"data":"beaked:WarriorEssence","floor":32,"key":"SMITH"},{"data":"beaked:Caw","floor":40,"key":"SMITH"},{"data":"beaked:StickSmack","floor":40,"key":"SMITH"},{"data":"Gensokyo:GreaterSplit","floor":49,"key":"SMITH"},{"data":"beaked:Pecker","floor":49,"key":"SMITH"}],"circlet_count":0,"master_deck":["ReplayTheSpireMod:Muscle Training+1","beaked:Strike_Y","beaked:Strike_Y","beaked:Strike_Y+1","beaked:Strike_Y","beaked:Strike_Y","beaked:Strike_Y","beaked:Defend_Y","beaked:Defend_Y+1","beaked:Defend_Y","beaked:Defend_Y","beaked:Ceremony+1","beaked:Ceremony+1","beaked:Ceremony+1","Static Discharge+1","beaked:CursingBlood+1","beaked:BraceForImpact+1","beaked:Ceremony+1","beaked:StickSmack+1","beaked:Foresight","beaked:WarriorEssence+1","beaked:WarriorSpirit","beaked:FakeOut","beaked:BraceForImpact+1","Gensokyo:AllTheWorldsEvil","Reinforced Body+1","beaked:Insight+1","beaked:Evade+1","beaked:Caw+1","beaked:HuntressSpirit","downfall:Haunted","downfall:Haunted","hubris:Greed","Pain","hubris:Greed","beaked:DarkPact","hubris:Greed","hubris:Greed","ReplayTheSpireMod:Wings of Steel+1","hubris:Greed","beaked:StickSmack+1","Gensokyo:GreaterSplit+1","Doubt","hubris:Greed","hubris:Greed","beaked:MachineSpirit+1","Gensokyo:CustomPotion","beaked:HuntressEssence","beaked:MachineEssence+1","beaked:Pecker+1","hubris:Greed","hubris:Greed","hubris:Greed","hubris:Greed","hubris:Greed","hubris:Greed","hubris:Greed"],"relics":["beaked:MendingPlumage","REME_ComplimentaryCards","DaveBox","SentryEyes","Chemical X","HandDrill","Dodecahedron","DollysMirror","Ring of Misfortune","qcfpunch:Not_Strongest_Fighting_Style_Guidebook","reliquary:PartyBalloon","MealTicket","Juzu Bracelet","hubris:64BitClover","GodSword3","Technique","Torii","LastBattle","reliquary:ExpiredCoupon","hubris:Towel","Gensokyo:DirgeOfMelancholy","Replay:Bronze Core","reliquary:Stiletto","Du-Vu Doll","Replay:Arrowhead","War Paint","ImprovedEquipment","reliquary:Buckler","Bronze Scales","reliquary:TuningFork"],"acts_visited":["Exordium","Gensokyo:Gensokyo","Gensokyo:Gensokyoer"],"potions_floor_usage":[16],"damage_taken":[{"damage":2,"enemies":"Gensokyo:Gryphon","floor":1,"turns":2},{"damage":0,"enemies":"Gensokyo:3_Fairies","floor":4,"turns":2},{"damage":1,"enemies":"Gensokyo:Cirno","floor":11,"turns":4},{"damage":0,"enemies":"Gensokyo:Python","floor":12,"turns":2},{"damage":1,"enemies":"Gensokyo:LivingMonolith","floor":13,"turns":2},{"damage":1,"enemies":"Gensokyo:Mamizou","floor":14,"turns":4},{"damage":12,"enemies":"Gensokyo:Kokoro","floor":16,"turns":5},{"damage":13,"enemies":"Gensokyo:3_Dogs","floor":18,"turns":2},{"damage":1,"enemies":"Gensokyo:Chomper","floor":19,"turns":3},{"damage":29,"enemies":"Gensokyo:Koishi","floor":23,"turns":4},{"damage":43,"enemies":"Gensokyo:Slime_Group","floor":24,"turns":4},{"damage":31,"enemies":"Gensokyo:Tenshi","floor":25,"turns":4},{"damage":19,"enemies":"Gensokyo:Monolith_and_Dog","floor":27,"turns":3},{"damage":55,"enemies":"Gensokyo:Kaguya","floor":33,"turns":7},{"damage":8,"enemies":"Gensokyo:3_Boulders","floor":35,"turns":2},{"damage":14,"enemies":"Gensokyo:AncientGuardian","floor":37,"turns":6},{"damage":0,"enemies":"Gensokyo:SeedOfUnknown","floor":38,"turns":4},{"damage":0,"enemies":"Gensokyo:AtlasGolem","floor":42,"turns":3},{"damage":0,"enemies":"Gensokyo:Sharpion","floor":47,"turns":3},{"damage":116,"enemies":"Gensokyo:Scarlet_Devils","floor":50,"turns":9}],"seed_played":"-630812607385659674","potions_obtained":[{"floor":0,"key":"bronze:BurnAndBuffPotion"},{"floor":0,"key":"sneckomod:MuddlingPotion"},{"floor":0,"key":"Doom Potion"},{"floor":47,"key":"PowerPotion"}],"is_trial":false,"path_per_floor":["M","?","?","M","COS","R","?","R","T","?","E","M","M","E","R","B",null,"M","M","$","?","?","E","M","E","T","M","R","?","R","?","R","B",null,"M","?","M","M","$","R","?","M","T","?","?","?","M","$","R","B",null],"character_chosen":"BEAKED_THE_CULTIST","items_purchased":["beaked:BraceForImpact","GodSword3","Technique","Replay:Arrowhead","War Paint","beaked:StickSmack","Bronze Scales","reliquary:TuningFork","beaked:MachineEssence+1","beaked:Pecker"],"campfire_rested":0,"item_purchase_floors":[20,20,20,39,39,39,48,48,48,48],"current_hp_per_floor":[998,998,998,1000,1000,1000,1000,1000,1000,1000,1000,1000,1000,1000,1000,1000,1000,991,1000,1000,1000,1000,978,949,937,937,932,932,932,932,932,932,916,1000,993,998,1005,1005,1005,1005,1005,1005,1005,1005,1005,1005,1005,1005,1005,993],"gold":9055,"neow_bonus":"THREE_SMALL_POTIONS","is_daily":false,"chose_seed":false,"campfire_upgraded":10,"win_rate":0.0,"timestamp":1613222422,"path_taken":["M","?","?","M","COS","R","?","R","T","?","E","M","M","E","R","BOSS","M","M","$","?","?","E","M","E","T","M","R","?","R","?","R","BOSS","M","?","M","M","$","R","?","M","T","?","?","?","M","$","R","BOSS"],"items_purchased_type":["Card","Relic","Relic","Relic","Relic","Card","Relic","Relic","Card","Card"],"build_version":"2020-12-22","purchased_purges":0,"victory":true,"max_hp_per_floor":[1000,1000,1000,1000,1000,1000,1000,1000,1000,1000,1000,1000,1000,1000,1000,1000,1000,1000,1000,1000,1000,1000,1000,1000,1000,1000,1000,1000,1000,1000,1000,1000,1000,1000,1000,1005,1005,1005,1005,1005,1005,1005,1005,1005,1005,1005,1005,1005,1005,1005],"card_choices":[{"not_picked":["beaked:FeelMyPain","beaked:Replenish"],"picked":"beaked:CursingBlood","floor":1},{"not_picked":["beaked:FeelMyPain","beaked:Flinch"],"picked":"beaked:BraceForImpact","floor":4},{"not_picked":["beaked:Resilience","beaked:Brace"],"picked":"beaked:StickSmack","floor":11},{"not_picked":["beaked:Resilience","beaked:Brace"],"picked":"beaked:Foresight","floor":12},{"not_picked":["beaked:Foresight","beaked:CursingBlood"],"picked":"beaked:WarriorEssence","floor":13},{"not_picked":["beaked:Flinch","beaked:FeelMyPain"],"picked":"beaked:WarriorSpirit","floor":14},{"not_picked":["beaked:LiftOff","beaked:VolatileMisfortune"],"picked":"beaked:FakeOut","floor":16},{"not_picked":["beaked:SacrificialAttack","beaked:Cower","beaked:CursingBlood"],"picked":"SKIP","floor":18},{"not_picked":["beaked:BloodForTheGods","beaked:DesperateSwing+1","beaked:Poke"],"picked":"SKIP","floor":19},{"not_picked":["beaked:Poke","beaked:Redirect"],"picked":"beaked:Insight+1","floor":23},{"not_picked":["beaked:Tweet","beaked:FeelMyPain"],"picked":"beaked:Evade","floor":24},{"not_picked":["beaked:Insight","ReplayTheSpireMod:Owlgaze","beaked:Flinch+1"],"picked":"SKIP","floor":25},{"not_picked":["beaked:Flinch+1","beaked:Evade","beaked:WarriorEssence"],"picked":"SKIP","floor":27},{"not_picked":["beaked:LiftOff","beaked:DarkTribute"],"picked":"beaked:Caw","floor":33},{"not_picked":["beaked:Redirect","beaked:MachineSpirit"],"picked":"beaked:HuntressSpirit","floor":35},{"not_picked":["beaked:Overpower","beaked:DigDeep+1"],"picked":"ReplayTheSpireMod:Wings of Steel+1","floor":37},{"not_picked":["beaked:CrazyRituals+1","beaked:Brace+1","beaked:BloodForTheGods+1"],"picked":"SKIP","floor":38},{"not_picked":["beaked:Brace","beaked:BloodForTheGods+1"],"picked":"beaked:MachineSpirit+1","floor":42},{"not_picked":["beaked:WarriorEssence+1","beaked:DigDeep"],"picked":"beaked:HuntressEssence","floor":47}],"player_experience":355549,"relics_obtained":[{"floor":7,"key":"Ring of Misfortune"},{"floor":9,"key":"qcfpunch:Not_Strongest_Fighting_Style_Guidebook"},{"floor":11,"key":"reliquary:PartyBalloon"},{"floor":14,"key":"Juzu Bracelet"},{"floor":23,"key":"Torii"},{"floor":25,"key":"LastBattle"},{"floor":26,"key":"reliquary:ExpiredCoupon"},{"floor":35,"key":"reliquary:Stiletto"},{"floor":43,"key":"ImprovedEquipment"}],"event_choices":[],"is_beta":false,"boss_relics":[{"not_picked":["Painkiller Herb","Runic Pyramid","HereWithMe"]},{"not_picked":["hubris:Stopwatch","Ring of Chaos"],"picked":"Replay:Bronze Core"}],"items_purged_floors":[],"is_endless":false,"potions_floor_spawned":[1,4,13,23,27,35,37,47],"ascension_level":0}}