{"host":"yecadp3kwkksam5a","time":1613193549,"event":{"mods":["100% Spire Juice","BaseMod","Minty Spire (QoL Compilation)","StSLib","SuperFastMode","The Cursed","WarShipGirlsR/??á´Ò³R mod"],"gold_per_floor":[111,111,123,142,155,185,185,185,210,210,246,246,259,18,18,117,117,135,156,174,199,114,114,114,114],"floor_reached":24,"language":"KOR","playtime":961,"items_purged":[],"score":408,"play_id":"73f7492f-c149-42ef-b1ce-4a3d0656f3e6","local_time":"20210213141909","is_ascension_mode":true,"campfire_choices":[{"floor":8.0,"key":"REST"},{"data":"Darkness","floor":12.0,"key":"SMITH"},{"data":"Coolheaded","floor":15.0,"key":"SMITH"},{"floor":23,"key":"REST"}],"circlet_count":0,"master_deck":["AscendersBane","Strike_B","Strike_B","Strike_B","Strike_B","Defend_B","Defend_B","Defend_B","Defend_B","Zap","Dualcast","Coolheaded+1","Beam Cell","Darkness+1","Defragment+1","Echo Form","Glacier","Buffer+1","Hologram","Fusion+1","Conserve Battery","Aggregate"],"relics":["Black Star","Boot","Regal Pillow","Golden Idol","Lantern","Matryoshka","WingedGreaves","Frozen Egg 2","Runic Pyramid","Thread and Needle"],"acts_visited":["Exordium","TheCity"],"potions_floor_usage":[20],"damage_taken":[{"damage":15.0,"enemies":"Small Slimes","floor":1.0,"turns":5.0},{"damage":11.0,"enemies":"Cultist","floor":3.0,"turns":5.0},{"damage":0.0,"enemies":"2 Louse","floor":4.0,"turns":5.0},{"damage":4.0,"enemies":"Blue Slaver","floor":5.0,"turns":3.0},{"damage":10.0,"enemies":"Lagavulin","floor":6.0,"turns":7.0},{"damage":6.0,"enemies":"Gremlin Nob","floor":11.0,"turns":3.0},{"damage":6.0,"enemies":"Large Slime","floor":13.0,"turns":4.0},{"damage":24.0,"enemies":"The Guardian","floor":16.0,"turns":9.0},{"damage":5.0,"enemies":"3 Byrds","floor":18.0,"turns":5.0},{"damage":0,"enemies":"2 Thieves","floor":19,"turns":1},{"damage":34,"enemies":"Cultist and Chosen","floor":20,"turns":7},{"damage":0,"enemies":"Chosen and Byrds","floor":21,"turns":10},{"damage":40,"enemies":"Slavers","floor":24,"turns":4}],"seed_played":"-471864719135699757","potions_obtained":[{"floor":1.0,"key":"Ancient Potion"},{"floor":5.0,"key":"ColorlessPotion"},{"floor":13.0,"key":"Regen Potion"},{"floor":16.0,"key":"GamblersBrew"}],"is_trial":false,"path_per_floor":["M","?","M","M","M","E","?","R","T","?","E","R","M","$","R","B",null,"M","M","M","M","?","R","E"],"character_chosen":"DEFECT","items_purchased":["Frozen Egg 2"],"campfire_rested":2,"item_purchase_floors":[14],"current_hp_per_floor":[49,49,38,38,34,24,24,58,58,58,52,52,46,46,46,22,54,49,49,15,15,15,49,9,9],"gold":114,"neow_bonus":"BOSS_RELIC","is_daily":false,"chose_seed":false,"campfire_upgraded":2,"win_rate":0.0,"timestamp":1613193549,"path_taken":["M","?","M","M","M","E","?","R","T","?","E","R","M","$","R","BOSS","M","M","M","M","?","R","E"],"items_purchased_type":["Relic"],"build_version":"2020-12-22","purchased_purges":0,"victory":false,"max_hp_per_floor":[71,71,71,71,71,71,64,64,64,64,64,64,64,64,64,64,64,64,64,64,64,64,64,64,64],"card_choices":[{"not_picked":["Loop","Cold Snap"],"picked":"Coolheaded","floor":1.0},{"not_picked":["Turbo","Redo"],"picked":"Beam Cell","floor":3.0},{"not_picked":["Beam Cell","Redo"],"picked":"Darkness","floor":4.0},{"not_picked":["Beam Cell","Double Energy"],"picked":"Defragment","floor":5.0},{"not_picked":["Chaos","BootSequence"],"picked":"Echo Form","floor":6.0},{"not_picked":["Sweeping Beam","Chill"],"picked":"Glacier","floor":11.0},{"not_picked":["Gash","Glacier","Storm"],"picked":"SKIP","floor":13.0},{"not_picked":["Meteor Strike","Hyperbeam"],"picked":"Buffer+1","floor":16.0},{"not_picked":["Leap","Steam"],"picked":"Hologram","floor":18.0},{"not_picked":["Beam Cell","Doom and Gloom+1"],"picked":"Fusion+1","floor":19},{"not_picked":["Stack","Barrage"],"picked":"Conserve Battery","floor":20},{"not_picked":["Cold Snap","Compile Driver"],"picked":"Aggregate","floor":21}],"player_experience":625818,"relics_obtained":[{"floor":6.0,"key":"Boot"},{"floor":6.0,"key":"Regal Pillow"},{"floor":9.0,"key":"Lantern"},{"floor":11.0,"key":"Matryoshka"},{"floor":11.0,"key":"WingedGreaves"}],"event_choices":[{"damage_healed":0.0,"max_hp_gain":0.0,"max_hp_loss":0.0,"gold_gain":0.0,"event_name":"Liars Game","player_choice":"Ignored","floor":2.0,"gold_loss":0.0,"damage_taken":0.0},{"damage_healed":0.0,"max_hp_gain":0.0,"max_hp_loss":7.0,"gold_gain":0.0,"event_name":"Golden Idol","player_choice":"Lose Max HP","floor":7.0,"gold_loss":0.0,"damage_taken":0.0,"relics_obtained":["Golden Idol"]},{"damage_healed":0.0,"max_hp_gain":0.0,"max_hp_loss":0.0,"gold_gain":0.0,"event_name":"Accursed Blacksmith","player_choice":"Forge","floor":10.0,"gold_loss":0.0,"damage_taken":0.0,"cards_upgraded":["Defragment"]},{"damage_healed":0,"gold_gain":0,"player_choice":"Obtained Relic","damage_taken":0,"relics_obtained":["Thread and Needle"],"max_hp_gain":0,"max_hp_loss":0,"event_name":"Addict","floor":22,"gold_loss":85}],"is_beta":false,"boss_relics":[{"not_picked":["Nuclear Battery","Velvet Choker"],"picked":"Runic Pyramid"}],"items_purged_floors":[],"is_endless":false,"potions_floor_spawned":[1,5,13,16,18],"killed_by":"Slavers","ascension_level":15}}