{"host":"oy4pyvr762z5n0bb","time":1613205697,"event":{"mods":["AchievementEnabler","BaseMod","Colored Map","Colored Powertips","Googly Eyes","Key Reminder","Minty Spire (QoL Compilation)","Quick Restart","Relic Sorter","Slay the Relics Exporter","StSLib","SuperFastMode","Unceasing Turn Reminder","slay the spire mod where everything is the same but ironclad has a cowboy hat"],"gold_per_floor":[116,116,134,134,147,147,147,147,198,163,177,177,452,466,466,568,568,584,261,261,246,43,73,92,92,92,92,22,22,22,32,32,131,131,147,157,157,157,19,19,44,44,44,44,44],"floor_reached":44,"language":"ENG","playtime":1234,"items_purged":["Regret"],"score":467,"play_id":"b0526f59-d2d9-4896-a7da-09250fa996a2","local_time":"20210213004137","is_ascension_mode":false,"campfire_choices":[{"data":"Flame Barrier","floor":6,"key":"SMITH"},{"data":"Perfected Strike","floor":8,"key":"SMITH"},{"data":"Perfected Strike","floor":12,"key":"SMITH"},{"data":"Anger","floor":15,"key":"SMITH"},{"data":"Battle Trance","floor":25,"key":"SMITH"},{"floor":29,"key":"REST"},{"floor":32,"key":"REST"},{"floor":40,"key":"RECALL"},{"floor":42,"key":"REST"}],"circlet_count":0,"master_deck":["Strike_R+1","Strike_R","Strike_R+1","Strike_R","Strike_R","Defend_R","Defend_R","Defend_R","Defend_R","Bash+1","Perfected Strike+1","Perfected Strike+1","Flame Barrier+1","Anger+1","Offering","Armaments","Headbutt","Battle Trance+1","Cleave+1","Double Tap","Headbutt+1","Fiend Fire","Whirlwind+1","Demon Form"],"relics":["Burning Blood","NeowsBlessing","Vajra","Orichalcum","Black Star","Bottled Flame","Omamori","Mango","Bag of Marbles","Singing Bowl","Fusion Hammer","keyreminder:keyreminder","The Courier","Whetstone","Ornamental Fan"],"acts_visited":["Exordium","TheCity","TheBeyond"],"potions_floor_usage":[23,33,33,33],"damage_taken":[{"damage":0,"enemies":"2 Louse","floor":1,"turns":1},{"damage":0,"enemies":"Cultist","floor":3,"turns":1},{"damage":0,"enemies":"Small Slimes","floor":5,"turns":1},{"damage":7,"enemies":"Exordium Wildlife","floor":11,"turns":5},{"damage":16,"enemies":"Blue Slaver","floor":14,"turns":3},{"damage":51,"enemies":"Slime Boss","floor":16,"turns":13},{"damage":29,"enemies":"Shell Parasite","floor":18,"turns":6},{"damage":11,"enemies":"2 Thieves","floor":21,"turns":4},{"damage":14,"enemies":"Book of Stabbing","floor":23,"turns":4},{"damage":12,"enemies":"3 Cultists","floor":24,"turns":5},{"damage":6,"enemies":"Snecko","floor":31,"turns":2},{"damage":70,"enemies":"Champ","floor":33,"turns":8},{"damage":14,"enemies":"3 Shapes","floor":35,"turns":5},{"damage":8,"enemies":"3 Darklings","floor":36,"turns":3},{"damage":76,"enemies":"Giant Head","floor":41,"turns":7},{"damage":58,"enemies":"4 Shapes","floor":44,"turns":4}],"seed_played":"-7958711329772451214","potions_obtained":[{"floor":11,"key":"Dexterity Potion"},{"floor":16,"key":"Ancient Potion"},{"floor":18,"key":"ColorlessPotion"},{"floor":24,"key":"SneckoOil"},{"floor":31,"key":"Strength Potion"}],"is_trial":false,"path_per_floor":["M","?","M","$","M","R","?","R","T","?","M","R","?","M","R","B",null,"M","$","?","M","$","E","M","R","T","?","$","R","?","M","R","B",null,"M","M","?","?","$","R","E","R","T","M"],"character_chosen":"IRONCLAD","items_purchased":["Bottled Flame","BloodPotion","Omamori","Double Tap","Demon Form"],"campfire_rested":3,"item_purchase_floors":[19,22,22,28,39],"current_hp_per_floor":[80,80,80,80,80,80,47,47,47,67,66,66,66,56,56,11,80,57,57,57,52,52,58,52,52,52,33,33,62,62,62,91,46,99,91,91,91,91,91,91,23,53,53,0,0],"gold":44,"neow_bonus":"THREE_ENEMY_KILL","is_daily":false,"chose_seed":false,"campfire_upgraded":5,"win_rate":0.0,"timestamp":1613205697,"path_taken":["M","?","M","$","M","R","?","R","T","?","M","R","?","M","R","BOSS","M","$","?","M","$","E","M","R","T","?","$","R","?","M","R","BOSS","M","M","?","?","$","R","E","R","T","M"],"items_purchased_type":["Relic","Potion","Relic","Card","Card"],"build_version":"2020-12-22","purchased_purges":1,"victory":false,"max_hp_per_floor":[80,80,80,80,80,80,80,80,80,80,80,80,80,80,80,80,80,80,80,80,80,80,94,94,94,94,99,99,99,99,99,99,99,99,99,101,101,101,101,101,103,103,103,103,103],"card_choices":[{"not_picked":["Thunderclap","Infernal Blade"],"picked":"Perfected Strike","floor":1},{"not_picked":["Seeing Red","Shrug It Off"],"picked":"Perfected Strike","floor":3},{"not_picked":["Impervious","Clothesline"],"picked":"Flame Barrier","floor":5},{"not_picked":["Flex","Warcry","Seeing Red"],"picked":"SKIP","floor":11},{"not_picked":["Fire Breathing","Pummel"],"picked":"Anger","floor":14},{"not_picked":["Brutality","Reaper"],"picked":"Offering","floor":16},{"not_picked":["Body Slam","Clash"],"picked":"Armaments","floor":18},{"not_picked":["Warcry","Reckless Charge"],"picked":"Headbutt","floor":21},{"not_picked":["Iron Wave+1","Intimidate"],"picked":"Battle Trance","floor":23},{"not_picked":["Sword Boomerang","Dark Embrace"],"picked":"Cleave+1","floor":24},{"not_picked":["Dual Wield","True Grit"],"picked":"Headbutt+1","floor":31},{"not_picked":["Immolate","Double Tap"],"picked":"Fiend Fire","floor":33},{"not_picked":["Havoc","Armaments"],"picked":"Whirlwind+1","floor":35},{"not_picked":["Clothesline","Wild Strike+1","Flame Barrier"],"picked":"Singing Bowl","floor":36},{"not_picked":["Armaments+1","Headbutt","Twin Strike+1"],"picked":"Singing Bowl","floor":41}],"player_experience":640976,"relics_obtained":[{"floor":9,"key":"Orichalcum"},{"floor":23,"key":"Mango"},{"floor":23,"key":"Bag of Marbles"},{"floor":26,"key":"Singing Bowl"},{"floor":41,"key":"The Courier"},{"floor":41,"key":"Whetstone"},{"floor":43,"key":"Ornamental Fan"}],"event_choices":[{"damage_healed":0,"gold_gain":0,"player_choice":"Grow","damage_taken":0,"max_hp_gain":0,"max_hp_loss":0,"event_name":"Living Wall","floor":2,"gold_loss":0,"cards_upgraded":["Bash"]},{"damage_healed":0,"gold_gain":0,"player_choice":"Success","damage_taken":33,"relics_obtained":["Vajra"],"max_hp_gain":0,"max_hp_loss":0,"event_name":"Scrap Ooze","floor":7,"gold_loss":0},{"damage_healed":20,"gold_gain":0,"player_choice":"Healed","damage_taken":0,"max_hp_gain":0,"max_hp_loss":0,"event_name":"The Cleric","floor":10,"gold_loss":35},{"damage_healed":0,"gold_gain":275,"player_choice":"Desecrate","damage_taken":0,"max_hp_gain":0,"max_hp_loss":0,"event_name":"Golden Shrine","floor":13,"gold_loss":0,"cards_obtained":["Regret"]},{"damage_healed":0,"gold_gain":0,"player_choice":"Ignored","damage_taken":0,"max_hp_gain":0,"max_hp_loss":0,"event_name":"Vampires","floor":20,"gold_loss":0},{"damage_healed":0,"gold_gain":0,"player_choice":"Shed Blood","damage_taken":24,"max_hp_gain":5,"max_hp_loss":0,"event_name":"Forgotten Altar","floor":27,"gold_loss":0},{"damage_healed":0,"gold_gain":0,"player_choice":"Ignored","damage_taken":0,"max_hp_gain":0,"max_hp_loss":0,"event_name":"Ghosts","floor":30,"gold_loss":0},{"damage_healed":0,"gold_gain":0,"player_choice":"Ignored","damage_taken":0,"max_hp_gain":0,"max_hp_loss":0,"event_name":"Tomb of Lord Red Mask","floor":37,"gold_loss":0},{"damage_healed":0,"gold_gain":0,"player_choice":"Ignored","damage_taken":0,"max_hp_gain":0,"max_hp_loss":0,"event_name":"Mysterious Sphere","floor":38,"gold_loss":0}],"is_beta":false,"boss_relics":[{"not_picked":["SlaversCollar","Runic Cube"],"picked":"Black Star"},{"not_picked":["Runic Dome","SacredBark"],"picked":"Fusion Hammer"}],"items_purged_floors":[19],"is_endless":false,"potions_floor_spawned":[11,16,18,24,31],"killed_by":"4 Shapes","ascension_level":0}}