{"host":"nd1mxfnoqvbitpwh","time":1613246152,"event":{"mods":["Aspiration","BaseMod","Colored Map","Colored Powertips","Conspire","Downfall","Highlight Path","Hubris","Infinite Spire","Marisa????????","Minty Spire (QoL Compilation)","Permanent Neow","Quick Restart","Remilia??????","Shop Mod","StSLib","SuperFastMode","The Animator","The Wild Card"],"gold_per_floor":[127,139,167,167,22,22,64,83,83,110,110,123,123,153,153,257,257,273,273,372,372,382,382,382],"floor_reached":23,"language":"ENG","playtime":712,"items_purged":[],"score":211,"play_id":"f3c0f2db-d328-45e6-9c44-37d808b88c7f","local_time":"20210213145552","is_ascension_mode":true,"campfire_choices":[{"data":"animator:DolaSchwi","floor":6,"key":"SMITH"},{"floor":11,"key":"REST"},{"floor":13,"key":"REST"},{"floor":15,"key":"REST"}],"circlet_count":0,"master_deck":["animator:Strike_MadokaMagica","animator:Defend_MadokaMagica","animator:Strike","animator:Strike","animator:Strike","animator:Defend","animator:Defend","animator:Defend","animator:IrohaTamaki","animator:YuiTsuruno","animator:WinryRockbell","animator:Cocytus","animator:DolaSchwi+1","animator:KyokoSakura","animator:Shigure","animator:IzunaHatsuse","animator:Shinoa","animator:DolaRiku","animator:Shiro+1","animator:Mitsuba","Pain","animator:SayakaMiki"],"relics":["animator:LivingPicture","animator:TheMissingPiece","aspiration:Nostalgia","sneckomod:SneckoSoul","Membership Card","Boot","infinitespire:BottledMercury","Bag of Marbles","Cursed Key","aspiration:VileToxins"],"acts_visited":["Exordium","TheCity"],"potions_floor_usage":[10,16,18,22],"damage_taken":[{"damage":0,"enemies":"2 Louse","floor":1,"turns":4},{"damage":8,"enemies":"Cultist","floor":2,"turns":5},{"damage":6,"enemies":"Small Slimes","floor":3,"turns":5},{"damage":26,"enemies":"Gremlin Nob","floor":7,"turns":5},{"damage":10,"enemies":"Exordium Thugs","floor":8,"turns":4},{"damage":16,"enemies":"3 Sentries","floor":10,"turns":6},{"damage":0,"enemies":"2 Fungi Beasts","floor":12,"turns":3},{"damage":21,"enemies":"Exordium Wildlife","floor":14,"turns":5},{"damage":21,"enemies":"The Guardian","floor":16,"turns":11},{"damage":39,"enemies":"conspire:FuzzyDice","floor":18,"turns":5},{"damage":23,"enemies":"Shell Parasite","floor":22,"turns":4},{"damage":26,"enemies":"Slavers","floor":23,"turns":1}],"seed_played":"2019712420571522742","potions_obtained":[{"floor":1,"key":"AttackPotion"},{"floor":7,"key":"Fire Potion"},{"floor":10,"key":"Guardian:BlockOnCardUsePotion"},{"floor":16,"key":"EssenceOfSteel"}],"is_trial":false,"path_per_floor":["M","M","M","?","$","R","E","M","T","E","R","M","R","M","R","B",null,"M","T","?","?","M","E"],"character_chosen":"THE_ANIMATOR","items_purchased":["Membership Card"],"campfire_rested":3,"item_purchase_floors":[5],"current_hp_per_floor":[66,58,52,59,59,59,33,23,23,8,28,28,48,27,47,27,68,29,29,29,29,11,0,0],"gold":382,"neow_bonus":"NOSTALGIA","is_daily":false,"chose_seed":false,"campfire_upgraded":1,"win_rate":0.0,"timestamp":1613246152,"path_taken":["M","M","M","?","?","R","E","M","T","E","R","M","R","M","R","BOSS","M","?","?","?","?","E"],"items_purchased_type":["Relic"],"build_version":"2020-12-22","purchased_purges":0,"victory":false,"max_hp_per_floor":[66,66,66,66,66,66,66,66,66,67,67,67,67,67,67,68,68,68,68,68,68,69,69,69],"card_choices":[{"not_picked":["animator:Caster","animator:DolaStephanie"],"picked":"animator:WinryRockbell","floor":1},{"not_picked":["animator:LeleiLaLalena","animator:RinTohsaka"],"picked":"animator:Cocytus","floor":2},{"not_picked":["animator:Caster","animator:Jibril"],"picked":"animator:DolaSchwi","floor":3},{"not_picked":["animator:IrohaTamaki","animator:OrikoMikuni"],"picked":"animator:KyokoSakura","floor":7},{"not_picked":["animator:RoryMercury","animator:Illya"],"picked":"animator:Shigure","floor":8},{"not_picked":["animator:Lancer","animator:SakuraMatou"],"picked":"animator:IzunaHatsuse","floor":10},{"not_picked":["animator:Illya","animator:Shalltear"],"picked":"animator:Shinoa","floor":12},{"not_picked":["animator:Tet","animator:DolaCouronne"],"picked":"animator:DolaRiku","floor":14},{"not_picked":["animator:FeridBathory","animator:Kyubey"],"picked":"animator:Shiro","floor":16},{"not_picked":["animator:LeleiLaLalena+1","animator:IzunaHatsuse"],"picked":"animator:Mitsuba","floor":18},{"not_picked":["animator:Rider","animator:Scar"],"picked":"animator:SayakaMiki","floor":22}],"player_experience":178852,"relics_obtained":[{"floor":7,"key":"Boot"},{"floor":9,"key":"infinitespire:BottledMercury"},{"floor":10,"key":"Bag of Marbles"},{"floor":19,"key":"aspiration:VileToxins"}],"event_choices":[{"damage_healed":0,"gold_gain":99,"player_choice":"Stole From Cult","damage_taken":0,"max_hp_gain":0,"max_hp_loss":0,"event_name":"Nest","floor":20,"gold_loss":0},{"damage_healed":0,"gold_gain":0,"player_choice":"Forge","damage_taken":0,"max_hp_gain":0,"max_hp_loss":0,"event_name":"Accursed Blacksmith","floor":21,"gold_loss":0,"cards_upgraded":["animator:Shiro"]}],"is_beta":false,"boss_relics":[{"not_picked":["hubris:BlackHole","SacredBark"],"picked":"Cursed Key"}],"items_purged_floors":[],"is_endless":false,"potions_floor_spawned":[1,7,10,16],"killed_by":"Slavers","ascension_level":1}}