{"host":"gj67si5k8996twoo","time":1613217884,"event":{"mods":["100% Spire Juice","Abigail Mod","Act Like it!","Bartender","BaseMod","Chen","Colored Map","Downfall","Friendly Minions","Gensokyo","GifTheSpireLib","Hermit","Jorbs\u0027s Wanderer Trilogy","KinomotoSakuraMod(????)","Kiyohime????","Koishi","LagranYue(???·?)","Luminous","Marisa????????","Minty Spire (QoL Compilation)","Onozuka Komachi Mod","Railgun Mod","Reimu??????","Remilia??????","Remove Card Discount Mod","Shop Mod","StSLib","The Administrix","The Animator","The Servant 0.9.4","TheSwordswoman","WarShipGirlsR/????R mod","Yakumo Yukari mod","Yohane!","Yuri Mod","Yuyuko"],"gold_per_floor":[114,128,138,138,155,155,172,172,199,199,45,70,87,97,97,195,195,209,209,229,229,247,247,280,280,280,291,291,301,301,316,316,391,391,408,422,422,422,7,36,70,104,127,127,167,167,182,262,262,277,277],"floor_reached":50,"language":"ENG","playtime":2796,"items_purged":["yuri:yuriStrike","yuri:yuriStrike","yuri:yuriDefend","yuri:yuriStrike","yuri:yuriStrike","yuri:MagneticKnives+1","yuri:yuriDefend","yuri:yuriDefend","yuri:yuriDefend","yuri:yuriStrike","yuri:HeavierStrike","yuri:Spin","Madness"],"score":521,"play_id":"d83c5d1d-8c59-49fa-88d9-6e16789582d4","local_time":"20210213130444","is_ascension_mode":false,"campfire_choices":[{"data":"yuri:yuriStab","floor":6,"key":"SMITH"},{"data":"yuri:ThrowingKnives","floor":8,"key":"SMITH"},{"data":"yuri:BookGreen","floor":10,"key":"SMITH"},{"data":"yuri:ThrowingKnives","floor":15,"key":"SMITH"},{"data":"yuri:WickedSlash","floor":23,"key":"SMITH"},{"data":"yuri:GreenTea","floor":25,"key":"SMITH"},{"data":"yuri:Stalk","floor":28,"key":"SMITH"},{"floor":32,"key":"REST"},{"data":"yuri:TeaSet","floor":49,"key":"SMITH"}],"circlet_count":0,"master_deck":["yuri:Oolong+1","yuri:yuriStab+1","yuri:Spin","yuri:ThrowingKnives+1","yuri:BookGreen+1","yuri:TPose","yuri:ThrowingKnives+1","yuri:Stalk+1","yuri:MPose","yuri:WickedSlash+1","yuri:WickedSlash+1","yuri:GreenTea+1","yuri:Stalk+1","yuri:Spin+1","yuri:yuriQuickStrike+1","yuri:BlackTea","yuri:TeaSet+1","yuri:TPose","yuri:StealPen","yuri:MPose+1","yuri:BookRed+1"],"relics":["yuri:yuriKnife","LagranYue:RandomDrawCardRelic","Omamori","Boot","Strawberry","LagranYue:ContractPerformanceRelic","LagranYue:GuidanceLightRelic","AntiCross","Sozu","Cleaning_Rag","Toolbox","Juzu Bracelet","Mummified Hand","PureWhite:ReiMu"],"acts_visited":["Exordium","TheCity","TheBeyond"],"potions_floor_usage":[33,33,50,50],"damage_taken":[{"damage":2,"enemies":"Jaw Worm","floor":1,"turns":3},{"damage":1,"enemies":"Cultist","floor":2,"turns":3},{"damage":4,"enemies":"2 Louse","floor":3,"turns":3},{"damage":1,"enemies":"2 Fungi Beasts","floor":5,"turns":2},{"damage":9,"enemies":"Red Slaver","floor":7,"turns":3},{"damage":12,"enemies":"Lagavulin","floor":12,"turns":5},{"damage":0,"enemies":"Large Slime","floor":13,"turns":3},{"damage":10,"enemies":"Exordium Wildlife","floor":14,"turns":2},{"damage":27,"enemies":"Hexaghost","floor":16,"turns":7},{"damage":8,"enemies":"Shell Parasite","floor":18,"turns":2},{"damage":5,"enemies":"Chosen","floor":20,"turns":2},{"damage":21,"enemies":"Snake Plant","floor":22,"turns":4},{"damage":12,"enemies":"Slavers","floor":24,"turns":2},{"damage":10,"enemies":"3 Cultists","floor":27,"turns":3},{"damage":20,"enemies":"Shelled Parasite and Fungi","floor":29,"turns":2},{"damage":14,"enemies":"Sentry and Sphere","floor":31,"turns":4},{"damage":42,"enemies":"Automaton","floor":33,"turns":6},{"damage":31,"enemies":"3 Shapes","floor":35,"turns":2},{"damage":20,"enemies":"3 Darklings","floor":36,"turns":3},{"damage":18,"enemies":"4 Shapes","floor":40,"turns":2},{"damage":14,"enemies":"Sphere and 2 Shapes","floor":41,"turns":3},{"damage":22,"enemies":"Writhing Mass","floor":42,"turns":4},{"damage":19,"enemies":"Giant Head","floor":45,"turns":4},{"damage":2,"enemies":"Giant Head","floor":47,"turns":2},{"damage":43,"enemies":"Mind Bloom Boss Battle","floor":48,"turns":5},{"damage":106,"enemies":"Awakened One","floor":50,"turns":6}],"seed_played":"5341380216729164122","potions_obtained":[{"floor":1,"key":"GrandPatriotsElixir:ReiMu"},{"floor":5,"key":"Explosive Potion"},{"floor":12,"key":"EssenceOfSteel"},{"floor":13,"key":"Fire Potion"},{"floor":31,"key":"PanachePotion"},{"floor":33,"key":"Explosive Potion"}],"is_trial":false,"path_per_floor":["M","M","M","?","M","R","M","R","T","R","$","E","M","M","R","B",null,"M","?","M","?","M","R","E","R","T","M","R","M","?","M","R","B",null,"M","M","?","?","$","M","M","M","T","$","E","?","?","?","R","B"],"character_chosen":"YURI","items_purchased":["Boot","Cleaning_Rag","Toolbox","yuri:TPose","yuri:StealPen"],"campfire_rested":1,"item_purchase_floors":[11,39,39,39,39],"current_hp_per_floor":[86,87,83,83,82,82,77,77,77,77,77,76,76,70,70,47,95,91,91,93,74,60,60,55,55,55,51,51,37,37,36,66,43,100,69,56,56,56,56,38,24,35,35,35,48,73,79,77,77,0,0],"gold":277,"neow_bonus":"TEN_PERCENT_HP_BONUS","is_daily":false,"chose_seed":false,"campfire_upgraded":8,"win_rate":0.0,"timestamp":1613217884,"path_taken":["M","M","M","?","M","R","M","R","T","R","?","E","M","M","R","BOSS","M","?","M","?","M","R","E","R","T","M","R","M","?","?","R","BOSS","M","M","?","?","?","M","M","?","T","?","E","?","?","?","R","BOSS"],"items_purchased_type":["Relic","Relic","Relic","Card","Card"],"build_version":"2020-12-22","purchased_purges":13,"victory":false,"max_hp_per_floor":[88,88,88,88,88,88,88,88,88,88,88,95,95,95,95,95,95,95,95,95,100,100,100,100,100,100,100,100,100,100,100,100,100,100,100,100,100,100,100,100,100,100,100,100,100,100,100,100,100,100,100],"card_choices":[{"not_picked":["yuri:DejaVu","yuri:BookBlue"],"picked":"yuri:Spin","floor":1},{"not_picked":["yuri:Stalk","yuri:CalmingAura"],"picked":"yuri:Spin","floor":2},{"not_picked":["yuri:Skip","yuri:MPose"],"picked":"yuri:ThrowingKnives","floor":3},{"not_picked":["yuri:ReactiveMadness","yuri:yuriHeavyStrike"],"picked":"yuri:HeavierStrike","floor":5},{"not_picked":["yuri:Skip","yuri:yuriHeavyStrike"],"picked":"yuri:TPose","floor":7},{"not_picked":["yuri:MultiDip","yuri:DisableStrike"],"picked":"yuri:ThrowingKnives","floor":12},{"not_picked":["yuri:yuriHeavyStrike","yuri:Skip"],"picked":"yuri:Stalk","floor":13},{"not_picked":["yuri:Skip","yuri:DejaVu"],"picked":"yuri:MPose","floor":14},{"not_picked":["yuri:GlitchRemove","yuri:DuplicateCode"],"picked":"yuri:MagneticKnives","floor":16},{"not_picked":["yuri:BrokenCode+1","yuri:BookBlue"],"picked":"yuri:WickedSlash","floor":18},{"not_picked":["yuri:GlitchedStrike","yuri:Skip"],"picked":"yuri:WickedSlash+1","floor":20},{"not_picked":["yuri:WickedSlash","yuri:ThrowBook","yuri:Skip"],"picked":"SKIP","floor":22},{"not_picked":["yuri:Skip","yuri:BrokenCode"],"picked":"yuri:GreenTea","floor":24},{"not_picked":["yuri:yuriHeavyStrike","yuri:BookGreen"],"picked":"yuri:Stalk+1","floor":27},{"not_picked":["yuri:DejaVu","yuri:Stalk"],"picked":"yuri:Spin+1","floor":29},{"not_picked":["yuri:TPose","yuri:ThrowBook"],"picked":"yuri:yuriQuickStrike+1","floor":31},{"not_picked":["yuri:MirrorInsanity","yuri:JumpScare"],"picked":"yuri:BlackTea","floor":33},{"not_picked":["yuri:Stare+1","yuri:ThrowingKnives"],"picked":"yuri:TeaSet","floor":35},{"not_picked":["yuri:Skip","yuri:HeavierStrike","yuri:yuriHeavyStrike"],"picked":"SKIP","floor":36},{"not_picked":["Jack Of All Trades","Swift Strike"],"picked":"Madness","floor":38},{"not_picked":["yuri:DebugCard","yuri:CorruptHitbox+1","yuri:GlitchedStrike+1"],"picked":"SKIP","floor":40},{"not_picked":["yuri:Stalk","yuri:NoEscape"],"picked":"yuri:MPose+1","floor":41},{"not_picked":["yuri:CalmingAura","yuri:GlitchedStrike+1","yuri:BookRed"],"picked":"SKIP","floor":42},{"not_picked":["yuri:Parry","yuri:ExploitStrike"],"picked":"yuri:BookRed+1","floor":45}],"player_experience":240543,"relics_obtained":[{"floor":9,"key":"Omamori"},{"floor":12,"key":"Strawberry"},{"floor":24,"key":"LagranYue:GuidanceLightRelic"},{"floor":26,"key":"AntiCross"},{"floor":43,"key":"Juzu Bracelet"},{"floor":45,"key":"Mummified Hand"},{"floor":48,"key":"PureWhite:ReiMu"}],"event_choices":[{"damage_healed":0,"gold_gain":0,"cards_transformed":["yuri:yuriDefend"],"player_choice":"Transformed","damage_taken":0,"max_hp_gain":0,"max_hp_loss":0,"event_name":"Transmorgrifier","floor":4,"gold_loss":0,"cards_obtained":["yuri:BookGreen"]},{"damage_healed":0,"gold_gain":0,"player_choice":"Shed Blood","damage_taken":24,"max_hp_gain":5,"max_hp_loss":0,"event_name":"Forgotten Altar","floor":21,"gold_loss":0},{"damage_healed":0,"gold_gain":0,"player_choice":"Ignored","damage_taken":0,"max_hp_gain":0,"max_hp_loss":0,"event_name":"Tomb of Lord Red Mask","floor":37,"gold_loss":0},{"damage_healed":0,"gold_gain":0,"player_choice":"Memory 1","damage_taken":0,"max_hp_gain":0,"max_hp_loss":0,"event_name":"SensoryStone","floor":38,"gold_loss":0},{"damage_healed":25,"gold_gain":0,"player_choice":"Writhe","damage_taken":0,"max_hp_gain":0,"max_hp_loss":0,"event_name":"Winding Halls","floor":46,"gold_loss":0,"cards_obtained":["Writhe"]},{"damage_healed":0,"gold_gain":0,"player_choice":"Fight","damage_taken":0,"max_hp_gain":0,"max_hp_loss":0,"event_name":"MindBloom","floor":48,"gold_loss":0}],"is_beta":false,"boss_relics":[{"not_picked":["Empty Cage","Astrolabe"],"picked":"LagranYue:ContractPerformanceRelic"},{"not_picked":["Snecko Eye","Pandora\u0027s Box"],"picked":"Sozu"}],"items_purged_floors":[11,11,11,39,39,39,39,39,39,39,39,39,39],"is_endless":false,"potions_floor_spawned":[1,5,12,13,22,24,31,33,35,40,42,45],"killed_by":"Awakened One","ascension_level":0}}