{"host":"qj2ynjh122p6ybyd","time":1613220221,"event":{"mods":["AchievementEnabler","Aspiration","BaseMod","Better Match","Better Note","Highlight Path","Infinite Spire","Minty Spire (QoL Compilation)","Quick Restart","Relic Stats","Reliquary","Replay The Spire","StSLib","SuperFastMode","The Blackbeard","The Gatherer"],"gold_per_floor":[20,66,77,77,96,96,129,204,204,204,222,222,105,119,119,190,190,203,203,203,203,203,203,235,248,248,248,266,276,293,172,172,251,251,265,265,284,284,303,303,303,320,343,343,343],"floor_reached":44,"language":"RUS","playtime":1202,"items_purged":[],"score":878,"play_id":"ed541071-64e5-4e18-882f-ad9f950aa72c","local_time":"20210213144341","is_ascension_mode":true,"campfire_choices":[{"floor":6,"key":"REST"},{"floor":15,"key":"REST"},{"floor":23,"key":"REST"},{"floor":27,"key":"REST"},{"floor":32,"key":"REST"},{"floor":40,"key":"REST"}],"circlet_count":0,"master_deck":["AscendersBane","Strike_B+1","Strike_B+1","Strike_B","Defend_B+2","Defend_B","Defend_B+1","Defend_B+1","Zap","Dualcast","Electrodynamics","Doom and Gloom+1","Glacier","ReplayTheSpireMod:Calculation Training","Amplify+1","Tempest+1","Machine Learning","Ball Lightning","Loop","Darkness","Undo+1","ReplayTheSpireMod:Faulty Equipment","Conserve Battery+1","FIFO Queue","Defragment","Cold Snap+1","Thunder Strike","Writhe","blackbeard:Cutlass","Mirror Shield","Replay:Sssssssssshield","ReplayTheSpireMod:Black Plague","Loop","ReplaySort","Barrage+1","Sadistic Nature","Conserve Battery","Voices","ReplayTheSpireMod:Restless Dread"],"relics":["Cracked Core","Bottled Tornado","Gremlin Food","reliquary:SilkGlove","Blue Candle","reliquary:BallBearing","Cursed Key","ReplayTheSpireMod:Ninjato","Girya","Gambling Chip","Replay:Grab Bag","Philosopher\u0027s Stone","reliquary:RedCape","ReplayTheSpireMod:SealedPack","reliquary:Stiletto","Simple Rune"],"acts_visited":["Exordium","TheCity","TheBeyond"],"potions_floor_usage":[7,37,42],"damage_taken":[{"damage":0,"enemies":"2 Louse","floor":1,"turns":2},{"damage":7,"enemies":"Jaw Worm","floor":3,"turns":3},{"damage":12,"enemies":"Small Slimes","floor":5,"turns":3},{"damage":11,"enemies":"Replay:BlueRogue","floor":7,"turns":6},{"damage":8,"enemies":"Blue Slaver","floor":11,"turns":3},{"damage":11,"enemies":"Looter","floor":14,"turns":2},{"damage":31,"enemies":"The Guardian","floor":16,"turns":11},{"damage":7,"enemies":"Chosen","floor":18,"turns":3},{"damage":34,"enemies":"Slavers","floor":24,"turns":2},{"damage":13,"enemies":"3 Byrds","floor":25,"turns":2},{"damage":6,"enemies":"Sentry and Sphere","floor":28,"turns":3},{"damage":8,"enemies":"Chosen and Byrds","floor":29,"turns":4},{"damage":12,"enemies":"Centurion and Healer","floor":30,"turns":6},{"damage":23,"enemies":"Champ","floor":33,"turns":15},{"damage":2,"enemies":"Orb Walker","floor":35,"turns":4},{"damage":23,"enemies":"3 Darklings","floor":37,"turns":3},{"damage":2,"enemies":"Sphere and 2 Shapes","floor":39,"turns":3},{"damage":49,"enemies":"Spire Growth","floor":42,"turns":6},{"damage":13,"enemies":"Nemesis","floor":44,"turns":2}],"seed_played":"-9086137583473569885","potions_obtained":[{"floor":2,"key":"Regen Potion"},{"floor":3,"key":"LiquidMemories"},{"floor":7,"key":"Strength Potion"},{"floor":25,"key":"Swift Potion"},{"floor":35,"key":"PowerPotion"},{"floor":37,"key":"Swift Potion"}],"is_trial":false,"path_per_floor":["M","?","M","?","M","R","E","?","T","$","M","?","$","M","R","B",null,"M","?","?","?","?","R","E","M","T","R","M","M","M","$","R","B",null,"M","?","M","?","M","R","T","M","T","E"],"character_chosen":"DEFECT","items_purchased":["Amplify+1","Defragment","Cold Snap+1"],"campfire_rested":6,"item_purchase_floors":[13,31,31],"current_hp_per_floor":[64,47,40,40,28,49,53,42,42,42,34,27,27,16,37,6,55,48,48,35,35,35,57,23,10,10,32,26,18,6,6,28,5,58,56,56,33,33,31,53,53,4,4,0,0],"gold":343,"neow_bonus":"THREE_RARE_CARDS","is_daily":false,"chose_seed":false,"campfire_upgraded":0,"win_rate":0.0,"timestamp":1613220221,"path_taken":["M","?","M","?","M","R","E","?","T","$","?","?","$","M","R","BOSS","M","?","?","?","?","R","E","?","T","R","M","M","M","$","R","BOSS","M","?","?","?","M","R","?","?","T","E"],"items_purchased_type":["Card","Card","Card"],"build_version":"2020-12-22","purchased_purges":0,"victory":false,"max_hp_per_floor":[71,71,71,71,71,71,71,71,71,71,71,71,71,71,71,71,71,71,71,76,76,76,76,76,76,76,76,76,76,76,76,76,76,76,76,76,76,76,76,76,76,76,76,76,76],"relic_stats":{"counters":[19,83],"Blue Candle":[0],"Gambling Chip":[8],"Cursed Key":3,"obtain_stats":[{"Gremlin Food":4,"Girya":24,"reliquary:SilkGlove":7,"ReplayTheSpireMod:Ninjato":22,"Blue Candle":9,"Replay:Grab Bag":34,"ReplayTheSpireMod:SealedPack":34,"Bottled Tornado":2,"reliquary:RedCape":34,"Cursed Key":17,"Gambling Chip":26,"Philosopher\u0027s Stone":34,"Simple Rune":43,"reliquary:BallBearing":12,"reliquary:Stiletto":41,"Cracked Core":0},{"Gremlin Food":2,"Girya":9,"reliquary:SilkGlove":4,"ReplayTheSpireMod:Ninjato":8,"Blue Candle":4,"Replay:Grab Bag":14,"ReplayTheSpireMod:SealedPack":14,"Bottled Tornado":1,"reliquary:RedCape":14,"Cursed Key":7,"Gambling Chip":10,"Philosopher\u0027s Stone":14,"Simple Rune":18,"reliquary:BallBearing":5,"reliquary:Stiletto":17,"Cracked Core":0},{"Gremlin Food":5,"Girya":35,"reliquary:SilkGlove":14,"ReplayTheSpireMod:Ninjato":33,"Blue Candle":14,"Replay:Grab Bag":65,"ReplayTheSpireMod:SealedPack":65,"Bottled Tornado":2,"reliquary:RedCape":65,"Cursed Key":30,"Gambling Chip":37,"Philosopher\u0027s Stone":65,"Simple Rune":81,"reliquary:BallBearing":17,"reliquary:Stiletto":75,"Cracked Core":0}]},"card_choices":[{"not_picked":["Core Surge","Seek"],"picked":"Electrodynamics","floor":0},{"not_picked":["ReplayTheSpireMod:Reroute Power","ReplayGash","Turbo"],"picked":"SKIP","floor":1},{"not_picked":["Beam Cell","Gash"],"picked":"Doom and Gloom","floor":2},{"not_picked":["Panic Button","Gash","Leap"],"picked":"SKIP","floor":3},{"not_picked":["Conserve Battery","Rainbow"],"picked":"Glacier","floor":5},{"not_picked":["Redo","Compile Driver"],"picked":"ReplayTheSpireMod:Calculation Training","floor":7},{"not_picked":["Sweeping Beam","Go for the Eyes","BasicCrystalCard"],"picked":"SKIP","floor":11},{"not_picked":["Doom and Gloom","Gash"],"picked":"Tempest","floor":14},{"not_picked":["Reboot","Amplify"],"picked":"Machine Learning","floor":16},{"not_picked":["Conserve Battery","Sweeping Beam"],"picked":"Ball Lightning","floor":18},{"not_picked":["Turbo","aspiration:Polymerization"],"picked":"Darkness","floor":24},{"not_picked":["Panic Button","FTL"],"picked":"Undo+1","floor":25},{"not_picked":["Steam Power","Melter+1"],"picked":"Conserve Battery+1","floor":28},{"not_picked":["Lockon+1","ReplayTheSpireMod:Repulse"],"picked":"FIFO Queue","floor":29},{"not_picked":["Rebound","Leap","Redo"],"picked":"SKIP","floor":30},{"not_picked":["Biased Cognition","Machine Learning"],"picked":"Thunder Strike","floor":33},{"not_picked":["Dualcast","Survivor"],"picked":"blackbeard:Cutlass","floor":34},{"not_picked":["Meteor Strike","All For One"],"picked":"Mirror Shield","floor":34},{"not_picked":["Enlightenment","Deep Breath"],"picked":"Replay:Sssssssssshield","floor":34},{"not_picked":["infinitespire:Execution","Replay:Fractal Strike"],"picked":"ReplayTheSpireMod:Black Plague","floor":34},{"not_picked":["ReplayGash","Hologram+1"],"picked":"Loop","floor":35},{"not_picked":["All For One","Chill"],"picked":"Barrage+1","floor":37},{"not_picked":["Secret Weapon","Mind Blast"],"picked":"Sadistic Nature","floor":38},{"not_picked":["Redo+1","Hologram+1"],"picked":"Conserve Battery","floor":39},{"not_picked":["Leap","Stack","Redo"],"picked":"SKIP","floor":42}],"player_experience":383395,"relics_obtained":[{"floor":2,"key":"Bottled Tornado"},{"floor":4,"key":"Gremlin Food"},{"floor":7,"key":"reliquary:SilkGlove"},{"floor":9,"key":"Blue Candle"},{"floor":24,"key":"Girya"},{"floor":26,"key":"Gambling Chip"},{"floor":41,"key":"reliquary:Stiletto"},{"floor":43,"key":"Simple Rune"}],"event_choices":[{"damage_healed":0,"gold_gain":75,"player_choice":"Gather Gold","damage_taken":11,"max_hp_gain":0,"max_hp_loss":0,"event_name":"World of Goop","floor":8,"gold_loss":0},{"damage_healed":0,"gold_gain":0,"player_choice":"Success","damage_taken":7,"relics_obtained":["reliquary:BallBearing"],"max_hp_gain":0,"max_hp_loss":0,"event_name":"Scrap Ooze","floor":12,"gold_loss":0},{"damage_healed":0,"gold_gain":0,"player_choice":"Read","damage_taken":0,"max_hp_gain":0,"max_hp_loss":0,"event_name":"The Library","floor":19,"gold_loss":0,"cards_obtained":["Loop"]},{"damage_healed":0,"gold_gain":0,"player_choice":"Shed Blood","damage_taken":18,"max_hp_gain":5,"max_hp_loss":0,"event_name":"Forgotten Altar","floor":20,"gold_loss":0},{"damage_healed":0,"gold_gain":0,"player_choice":"Gave Potion","damage_taken":0,"relics_obtained":["ReplayTheSpireMod:Ninjato"],"max_hp_gain":0,"max_hp_loss":0,"event_name":"WeMeetAgain","floor":22,"gold_loss":0},{"damage_healed":0,"gold_gain":0,"cards_transformed":["Strike_B"],"player_choice":"Transformed","damage_taken":0,"max_hp_gain":0,"max_hp_loss":0,"event_name":"Transmorgrifier","floor":36,"gold_loss":0,"cards_obtained":["ReplaySort"]},{"damage_healed":0,"gold_gain":0,"player_choice":"Memory 1","damage_taken":0,"max_hp_gain":0,"max_hp_loss":0,"event_name":"SensoryStone","floor":38,"gold_loss":0}],"is_beta":false,"boss_relics":[{"not_picked":["Ring of Chaos","Tiny House"],"picked":"Cursed Key"},{"not_picked":["aspiration:SecretTechniqueScroll","Replay:Bronze Core"],"picked":"Replay:Grab Bag"},{"not_picked":["Sozu","reliquary:Craggleroot"],"picked":"Philosopher\u0027s Stone"},{"not_picked":["reliquary:WritOfMandamus","reliquary:RedPaperclip"],"picked":"reliquary:RedCape"},{"not_picked":["Pandora\u0027s Box","Abe\u0027s Treasure"],"picked":"ReplayTheSpireMod:SealedPack"}],"items_purged_floors":[],"is_endless":false,"potions_floor_spawned":[3,5,7,16,25,30,33,35,37],"killed_by":"Nemesis","ascension_level":14}}