{"host":"3xls0xm49ftugio7","time":1613218382,"event":{"mods":["2.2 Compatiblity","AchievementEnabler","Act Like it!","BaseMod","Colored Powertips","Downfall","GifTheSpireLib","Mimic Mod","Minty Spire (QoL Compilation)","Quick Restart","Relic Stats","Spire Arcade","StSLib","Trackpad","Wandering Minibosses","slay the spire mod where everything is the same but ironclad has a cowboy hat"],"gold_per_floor":[199,189,203,51,60,60,87,78,78,92,4,4,15,15,817,914,914,914,928,943,935,935,978,978,978,1007,1007,1025,1056,1056,1056,1079,1182,1182,1182,1202,564,564,614,806,806,824,824,852,552,579,589,622,636,636,636,669,46,46,46,46,46,46],"floor_reached":56,"language":"ENG","playtime":4707,"items_purged":[],"score":1345,"play_id":"061ce610-34d2-4c15-bb7b-0eef4868c75c","local_time":"20210213141302","is_ascension_mode":true,"campfire_choices":[{"data":"hexamod:Float","floor":1,"key":"SMITH"},{"data":"hexamod:Haunt","floor":6,"key":"SMITH"},{"data":"hexamod:EmpoweredFlame","floor":9,"key":"SMITH"},{"floor":12,"key":"REST"},{"data":"hexamod:HeatShield","floor":18,"key":"SMITH"},{"floor":25,"key":"REST"},{"floor":27,"key":"REST"},{"floor":35,"key":"RECALL"},{"data":"hexamod:HexaLevel","floor":45,"key":"SMITH"},{"floor":54,"key":"REST"}],"circlet_count":0,"master_deck":["hexamod:Strike+1","hexamod:Strike+1","hexamod:Defend+1","hexamod:Float+1","hexamod:HauntingEcho","hexamod:InspiringFlames+1","hexamod:TimeWarp+1","hexamod:GhostLash+1","hexamod:PhantomCloak","hexamod:GhostflameBarrier+1","hexamod:EmpoweredFlame+1","hexamod:Haunt+1","hexamod:GhostShield","hexamod:NightmareGuise","hexamod:EmpoweredFlame+1","hexamod:GhostflameBarrier+1","hexamod:HeatShield+1","hexamod:NightmareGuise+1","hexamod:Incineration+1","hexamod:VolcanoVisage","hexamod:SearingWound+1","hexamod:ApocalypseNow+1","hexamod:ThermalTransfer+1","hexamod:Hexaguard","hexamod:SoulSteal+1","hexamod:SoulSteal","hexamod:Hexaguard+1","hexamod:AdvancingGuard+1","hexamod:PowerFromBeyond","hexamod:ThermalTransfer+1","hexamod:PhantomCloak+1","hexamod:Haunt+1","hexamod:HexaLevel+1","hexamod:Hexaguard+1","hexamod:InspiringFlames+1","expansioncontent:QuickStudy","hexamod:GhostflameInferno","hexamod:PowerFromBeyond","hexamod:Haunt+1","hexamod:Hexaguard+1","hexamod:GhostShield+1","hexamod:FastForward+1","hexamod:HeatShield+1","hexamod:AdvancingGuard+1"],"relics":["hexamod:SpiritBrand","Centennial Puzzle","hexamod:BolsterEngine","wanderingMiniBosses:MasterThiefsPresence","Astrolabe","Oddly Smooth Stone","hexamod:MatchstickCase","Bronze Scales","trackpad:ByrdCharm","Enchiridion","Empty Cage","Sling","War Paint","Toy Ornithopter","Peace Pipe","ClockworkSouvenir","hexamod:TheBrokenSeal","Toxic Egg 2","downfall:HeartBlessingBlue","downfall:HeartBlessingRed","downfall:HeartBlessingGreen","Boot","Anchor","HornCleat","StoneCalendar","Medical Kit"],"acts_visited":["Exordium","TheCity","TheBeyond","TheEnding"],"potions_floor_usage":[26,29,50,52,55,56,56],"damage_taken":[{"damage":2,"enemies":"Jaw Worm","floor":2,"turns":6},{"damage":0,"enemies":"2 Louse","floor":3,"turns":4},{"damage":0,"enemies":"downfall:FleeingMerchant","floor":4,"turns":4},{"damage":8,"enemies":"Small Slimes","floor":5,"turns":3},{"damage":0,"enemies":"2 Fungi Beasts","floor":8,"turns":5},{"damage":4,"enemies":"Exordium Thugs","floor":10,"turns":4},{"damage":0,"enemies":"downfall:FleeingMerchant","floor":11,"turns":4},{"damage":0,"enemies":"Large Slime","floor":13,"turns":6},{"damage":1,"enemies":"Blue Slaver","floor":15,"turns":6},{"damage":0,"enemies":"SI_SHIV_ARCHETYPE","floor":16,"turns":7},{"damage":0,"enemies":"Chosen","floor":19,"turns":4},{"damage":2,"enemies":"3 Byrds","floor":20,"turns":5},{"damage":7,"enemies":"Book of Stabbing","floor":23,"turns":4},{"damage":25,"enemies":"Gremlin Leader","floor":26,"turns":7},{"damage":3,"enemies":"Centurion and Healer","floor":28,"turns":6},{"damage":27,"enemies":"Book of Stabbing","floor":29,"turns":6},{"damage":0,"enemies":"Cultist and Chosen","floor":32,"turns":8},{"damage":2,"enemies":"IC_MUSHROOM_ARCHETYPE","floor":33,"turns":7},{"damage":0,"enemies":"Orb Walker","floor":36,"turns":5},{"damage":0,"enemies":"downfall:FleeingMerchant","floor":37,"turns":4},{"damage":0,"enemies":"downfall:FleeingMerchant","floor":39,"turns":6},{"damage":0,"enemies":"downfall:FleeingMerchant","floor":40,"turns":3},{"damage":0,"enemies":"3 Shapes","floor":42,"turns":8},{"damage":0,"enemies":"Nemesis","floor":44,"turns":5},{"damage":0,"enemies":"Reptomancer","floor":46,"turns":5},{"damage":0,"enemies":"Maw","floor":47,"turns":6},{"damage":0,"enemies":"Giant Head","floor":48,"turns":6},{"damage":8,"enemies":"4 Shapes","floor":49,"turns":6},{"damage":38,"enemies":"DF_ARCHETYPE_ORBS","floor":50,"turns":11},{"damage":46,"enemies":"downfall:CharBossMerchant","floor":52,"turns":10},{"damage":0,"enemies":"downfall:NeowBoss","floor":55,"turns":15},{"damage":131,"enemies":"downfall:NeowBossFinal","floor":56,"turns":14}],"seed_played":"1250847542960577074","potions_obtained":[{"floor":3,"key":"Fire Potion"},{"floor":8,"key":"LiquidMemories"},{"floor":10,"key":"SteroidPotion"},{"floor":23,"key":"Ancient Potion"},{"floor":28,"key":"hexamod:EctoCoolerPotion"},{"floor":29,"key":"SkillPotion"},{"floor":32,"key":"SkillPotion"},{"floor":39,"key":"hexamod:EctoCoolerPotion"},{"floor":42,"key":"LiquidMemories"},{"floor":52,"key":"Ancient Potion"}],"is_trial":false,"path_per_floor":["R","M","M","$","M","R","T","M","R","M","$","R","M","?","M","B",null,"R","M","M","?","?","E","T","R","E","R","M","E","?","?","M","B",null,"R","M","$","?","?","$","T","M","?","E","R","E","M","E","M","B",null,"E","$","R","B","B"],"character_chosen":"THE_SPIRIT","items_purchased":["hexamod:PhantomCloak","hexamod:GhostflameBarrier","hexamod:HeatShield","expansioncontent:QuickStudy","Sling","War Paint","Toy Ornithopter","ClockworkSouvenir","StoneCalendar","Medical Kit","hexamod:HeatShield+1","hexamod:AdvancingGuard+1","ColorlessPotion"],"campfire_rested":4,"item_purchase_floors":[4,4,11,37,37,37,37,40,53,53,53,53,53],"current_hp_per_floor":[63,61,61,61,53,53,53,53,53,49,49,70,70,67,66,66,69,69,69,67,60,47,40,40,62,44,66,70,50,34,59,66,71,74,74,74,74,74,75,75,75,85,85,85,95,95,95,95,87,54,85,44,44,72,77,0,0,0],"gold":46,"neow_bonus":"HUNDRED_GOLD","is_daily":false,"chose_seed":false,"campfire_upgraded":5,"win_rate":0.0,"timestamp":1613218382,"path_taken":["R","M","M","$","M","R","T","M","R","M","$","R","M","?","M","BOSS","R","M","M","?","?","E","T","R","E","R","M","E","?","?","M","BOSS","R","M","$","?","?","$","T","M","?","E","R","E","?","E","M","BOSS","E","$","R","BOSS","BOSS"],"items_purchased_type":["Card","Card","Card","Card","Relic","Relic","Relic","Relic","Relic","Relic","Card","Card","Potion"],"build_version":"2020-12-22","purchased_purges":0,"victory":false,"max_hp_per_floor":[70,70,70,70,70,70,70,70,70,70,70,70,70,70,70,70,70,70,70,70,70,75,75,75,75,75,75,75,75,75,75,75,75,75,75,75,75,75,75,75,75,85,85,85,95,95,95,95,95,95,95,95,95,95,95,95,95,95],"relic_stats":{"Peace Pipe":0,"Centennial Puzzle":[36],"counters":[32,200],"Astrolabe":["hexamod:SearingWound","hexamod:ApocalypseNow","hexamod:ThermalTransfer"],"Bronze Scales":[346],"StoneCalendar":[104],"War Paint":["hexamod:GhostflameBarrier","hexamod:GhostflameBarrier"],"Boot":[18],"Medical Kit":[0],"obtain_stats":[{"Enchiridion":30,"downfall:HeartBlessingGreen":45,"StoneCalendar":53,"Empty Cage":34,"Sling":37,"Boot":46,"ClockworkSouvenir":40,"trackpad:ByrdCharm":29,"Centennial Puzzle":7,"HornCleat":52,"downfall:HeartBlessingBlue":45,"Toxic Egg 2":44,"hexamod:SpiritBrand":0,"downfall:HeartBlessingRed":45,"Astrolabe":17,"Oddly Smooth Stone":23,"hexamod:TheBrokenSeal":42,"wanderingMiniBosses:MasterThiefsPresence":15,"War Paint":37,"Medical Kit":53,"hexamod:MatchstickCase":24,"Peace Pipe":39,"Anchor":48,"Bronze Scales":26,"hexamod:BolsterEngine":14,"Toy Ornithopter":37},{"Enchiridion":16,"downfall:HeartBlessingGreen":24,"StoneCalendar":30,"Empty Cage":18,"Sling":20,"Boot":25,"ClockworkSouvenir":22,"trackpad:ByrdCharm":16,"Centennial Puzzle":4,"HornCleat":30,"downfall:HeartBlessingBlue":24,"Toxic Egg 2":24,"hexamod:SpiritBrand":0,"downfall:HeartBlessingRed":24,"Astrolabe":10,"Oddly Smooth Stone":13,"hexamod:TheBrokenSeal":23,"wanderingMiniBosses:MasterThiefsPresence":9,"War Paint":20,"Medical Kit":30,"hexamod:MatchstickCase":13,"Peace Pipe":21,"Anchor":27,"Bronze Scales":14,"hexamod:BolsterEngine":8,"Toy Ornithopter":20},{"Enchiridion":81,"downfall:HeartBlessingGreen":127,"StoneCalendar":171,"Empty Cage":96,"Sling":105,"Boot":132,"ClockworkSouvenir":114,"trackpad:ByrdCharm":81,"Centennial Puzzle":17,"HornCleat":171,"downfall:HeartBlessingBlue":127,"Toxic Egg 2":127,"hexamod:SpiritBrand":0,"downfall:HeartBlessingRed":127,"Astrolabe":49,"Oddly Smooth Stone":62,"hexamod:TheBrokenSeal":120,"wanderingMiniBosses:MasterThiefsPresence":42,"War Paint":105,"Medical Kit":171,"hexamod:MatchstickCase":62,"Peace Pipe":111,"Anchor":144,"Bronze Scales":69,"hexamod:BolsterEngine":36,"Toy Ornithopter":105}],"Toy Ornithopter":25},"card_choices":[{"not_picked":["hexamod:HauntingEcho","hexamod:Haunt"],"picked":"hexamod:ThirdSeal","floor":2},{"not_picked":["hexamod:HeatCrush","hexamod:RecurringNightmare"],"picked":"hexamod:HauntingEcho","floor":3},{"not_picked":["hexamod:FlamesFromBeyond","hexamod:SpectralAdrenaline"],"picked":"hexamod:InspiringFlames","floor":3},{"not_picked":["hexamod:HeatMetal","hexamod:NightmareStrike"],"picked":"hexamod:TimeWarp","floor":4},{"not_picked":["hexamod:AdvancingGuard","hexamod:SkipABeat"],"picked":"hexamod:GhostLash","floor":4},{"not_picked":["hexamod:SuperheatedStrike","hexamod:SpectersWail"],"picked":"hexamod:EmpoweredFlame","floor":5},{"not_picked":["hexamod:SpectralSpark","hexamod:SpectersWail"],"picked":"hexamod:Haunt","floor":5},{"not_picked":["hexamod:AdvancingGuard","hexamod:StepThrough"],"picked":"hexamod:GhostShield","floor":8},{"not_picked":["hexamod:Firestarter","hexamod:PhantomFireball"],"picked":"hexamod:NightmareGuise","floor":8},{"not_picked":["hexamod:AdvancingGuard","hexamod:SkipABeat"],"picked":"hexamod:EmpoweredFlame","floor":10},{"not_picked":["hexamod:GhostOfSpireFuture","hexamod:FastForward"],"picked":"hexamod:SixthSeal","floor":11},{"not_picked":["hexamod:PhantomCloak","hexamod:HeatMetal"],"picked":"hexamod:GhostflameBarrier","floor":11},{"not_picked":["hexamod:BacktrackSmack","hexamod:Firestarter"],"picked":"hexamod:NightmareGuise","floor":13},{"not_picked":["hexamod:Hexaguard","hexamod:SpectersWail"],"picked":"hexamod:Incineration","floor":15},{"not_picked":["hexamod:ParanormalForm","hexamod:GhostflameInferno"],"picked":"hexamod:VolcanoVisage","floor":16},{"not_picked":["hexamod:NightmareStrike","hexamod:RecurringNightmare"],"picked":"hexamod:Hexaguard","floor":19},{"not_picked":["hexamod:NecessarySacrifice+1","hexamod:Firestarter"],"picked":"hexamod:SoulSteal","floor":20},{"not_picked":["hexamod:RetreatToShadows","hexamod:GhostOfSpireFuture"],"picked":"hexamod:SoulSteal","floor":23},{"not_picked":["hexamod:GhostOfSpirePast","hexamod:EmpoweredFlame+1"],"picked":"hexamod:Hexaguard+1","floor":23},{"not_picked":["hexamod:GhostLash+1","hexamod:TurnItUp"],"picked":"hexamod:AdvancingGuard+1","floor":26},{"not_picked":["hexamod:SuperheatedStrike","hexamod:GhostShield"],"picked":"hexamod:PowerFromBeyond","floor":28},{"not_picked":["hexamod:FlamesFromBeyond","hexamod:SpectralSpark"],"picked":"hexamod:ThermalTransfer+1","floor":29},{"not_picked":["hexamod:Haunt+1","hexamod:RadiantFlame"],"picked":"hexamod:PhantomCloak","floor":29},{"not_picked":["hexamod:CatchUp","hexamod:HeatMetal"],"picked":"hexamod:Haunt","floor":32},{"not_picked":["hexamod:HeatMetal","hexamod:ThermalTransfer","hexamod:GhostOfSpirePast+1"],"picked":"SKIP","floor":32},{"not_picked":["hexamod:TurnItUp","hexamod:GhostflameInferno"],"picked":"hexamod:HexaLevel","floor":33},{"not_picked":["hexamod:RecurringNightmare","hexamod:ShieldOfDarkness"],"picked":"hexamod:Hexaguard+1","floor":36},{"not_picked":["hexamod:SwordOfDarkness","hexamod:GhostLash"],"picked":"hexamod:FifthSeal","floor":37},{"not_picked":["hexamod:SpectersWail+1","hexamod:HeatMetal"],"picked":"hexamod:InspiringFlames+1","floor":37},{"not_picked":["hexamod:Incineration","hexamod:Again"],"picked":"hexamod:GhostflameInferno","floor":40},{"not_picked":["hexamod:BacktrackSmack+1","hexamod:ThirdSeal","hexamod:Firestarter+1"],"picked":"SKIP","floor":40},{"not_picked":["hexamod:InspiringFlames","hexamod:GhostOfSpirePast+1"],"picked":"hexamod:PowerFromBeyond","floor":42},{"not_picked":["hexamod:HauntingEcho+1","hexamod:SpectersWail+1","hexamod:HeatCrush"],"picked":"SKIP","floor":42},{"not_picked":["hexamod:HauntingEcho+1","hexamod:SpectersWail+1","hexamod:HeatCrush"],"picked":"SKIP","floor":42},{"not_picked":["hexamod:PhantomCloak+1","hexamod:TimeWarp","hexamod:SpectersWail+1"],"picked":"SKIP","floor":44},{"not_picked":["hexamod:GhostLash+1","hexamod:BacktrackSmack+1"],"picked":"hexamod:Haunt+1","floor":46},{"not_picked":["hexamod:GhostShield+1","hexamod:NightmareStrike"],"picked":"hexamod:Hexaguard+1","floor":47},{"not_picked":["hexamod:Again+1","hexamod:ExtraCrispy"],"picked":"hexamod:GhostShield+1","floor":48},{"not_picked":["hexamod:BacktrackSmack+1","hexamod:SuperheatedStrike+1","hexamod:BurningTouch+1"],"picked":"SKIP","floor":49},{"not_picked":["hexamod:Firestarter+1","hexamod:BurningTouch+1"],"picked":"hexamod:FastForward+1","floor":52}],"player_experience":1039062,"relics_obtained":[{"floor":7,"key":"Centennial Puzzle"},{"floor":15,"key":"wanderingMiniBosses:MasterThiefsPresence"},{"floor":23,"key":"Oddly Smooth Stone"},{"floor":24,"key":"hexamod:MatchstickCase"},{"floor":26,"key":"Bronze Scales"},{"floor":29,"key":"trackpad:ByrdCharm"},{"floor":30,"key":"Enchiridion"},{"floor":39,"key":"Peace Pipe"},{"floor":44,"key":"Toxic Egg 2"},{"floor":46,"key":"Boot"},{"floor":48,"key":"Anchor"},{"floor":52,"key":"HornCleat"}],"event_choices":[{"damage_healed":0,"gold_gain":0,"player_choice":"Success","damage_taken":3,"relics_obtained":["hexamod:BolsterEngine"],"max_hp_gain":0,"max_hp_loss":0,"event_name":"Scrap Ooze","floor":14,"gold_loss":0},{"damage_healed":25,"gold_gain":0,"player_choice":"Heal","damage_taken":0,"max_hp_gain":0,"max_hp_loss":0,"event_name":"The Library","floor":31,"gold_loss":0}],"is_beta":false,"boss_relics":[{"not_picked":["SacredBark","Tiny House"],"picked":"Astrolabe"},{"not_picked":["Snecko Eye","Pandora\u0027s Box"],"picked":"Empty Cage"}],"items_purged_floors":[],"is_endless":false,"potions_floor_spawned":[3,8,10,16,20,23,28,42,46,47,48,52],"killed_by":"downfall:NeowBossFinal","ascension_level":7}}