{"host":"7jxhn92mkgyil7o5","time":1613232431,"event":{"mods":["BaseMod","Colored Map","Colored Powertips","Friendly Minions","Hermit","Kiyohime????","Marisa????????","Minty Spire (QoL Compilation)","Permanent Neow","StSLib","The Cursed","The Disciple","The Hierophant","The Poker Player","The Runesmith"],"gold_per_floor":[109,79,92,116,132,157,157,168,168,183,198,210,230,263,263,337,337,352,352,1,19,19,19],"floor_reached":22,"language":"ENG","playtime":1159,"items_purged":[],"score":400,"play_id":"08b2eeba-1408-40b8-8c6d-9afb48691b11","local_time":"20210213170711","is_ascension_mode":true,"campfire_choices":[{"data":"Berserk","floor":7.0,"key":"SMITH"},{"data":"Bash","floor":15,"key":"SMITH"}],"circlet_count":0,"master_deck":["AscendersBane","Bash+1","Berserk+1","Battle Trance","Anger","Whirlwind","Entrench","Thunderclap","Metallicize","Inflame","Armaments","Feed","Pommel Strike","Iron Wave","Uppercut","Barricade","Sever Soul","Body Slam","Rage","Clash","Shrug It Off","RitualDagger","Evolve","Clothesline","Rupture","Rampage"],"relics":["Burning Blood","Lantern","The Courier","Shuriken","Pandora\u0027s Box","Membership Card","Lizard Tail","Happy Flower"],"acts_visited":["Exordium","TheCity"],"potions_floor_usage":[12,14,16,18],"damage_taken":[{"damage":14.0,"enemies":"Jaw Worm","floor":1.0,"turns":5.0},{"damage":1.0,"enemies":"Cultist","floor":3.0,"turns":4.0},{"damage":5.0,"enemies":"Small Slimes","floor":5.0,"turns":3.0},{"damage":2.0,"enemies":"Gremlin Nob","floor":6.0,"turns":3.0},{"damage":9.0,"enemies":"Blue Slaver","floor":8.0,"turns":6.0},{"damage":15.0,"enemies":"3 Louse","floor":10.0,"turns":4.0},{"damage":22.0,"enemies":"Lots of Slimes","floor":11.0,"turns":4.0},{"damage":0,"enemies":"2 Fungi Beasts","floor":12,"turns":1},{"damage":12,"enemies":"3 Louse","floor":13,"turns":4},{"damage":9,"enemies":"Lagavulin","floor":14,"turns":7},{"damage":6,"enemies":"Hexaghost","floor":16,"turns":9},{"damage":5,"enemies":"Shell Parasite","floor":18,"turns":7},{"damage":52,"enemies":"Spheric Guardian","floor":21,"turns":6}],"seed_played":"2163206648274622664","potions_obtained":[{"floor":2.0,"key":"PowerPotion"},{"floor":2.0,"key":"Ancient Potion"},{"floor":6.0,"key":"SteroidPotion"},{"floor":10.0,"key":"CultistPotion"},{"floor":13,"key":"Energy Potion"},{"floor":16,"key":"ColorlessPotion"},{"floor":21,"key":"BloodPotion"}],"is_trial":false,"path_per_floor":["M","?","M","T","M","E","R","M","T","M","M","M","M","E","R","B",null,"M","?","$","M","?"],"character_chosen":"IRONCLAD","items_purchased":["Membership Card","Evolve","Lizard Tail","Happy Flower"],"campfire_rested":0,"item_purchase_floors":[20,20,20,20],"current_hp_per_floor":[42,42,47,47,48,52,52,49,49,40,24,30,24,21,21,21,62,66,60,60,17,17,17],"gold":19,"neow_bonus":"THREE_RARE_CARDS","is_daily":false,"chose_seed":false,"campfire_upgraded":2,"win_rate":0.0,"timestamp":1613232431,"path_taken":["M","?","?","?","M","E","R","M","T","M","M","M","M","E","R","BOSS","M","?","$","M","?"],"items_purchased_type":["Relic","Card","Relic","Relic"],"build_version":"2020-12-22","purchased_purges":0,"victory":false,"max_hp_per_floor":[75,75,75,75,75,75,75,75,75,75,75,75,75,75,75,75,75,78,78,78,81,81,81],"card_choices":[{"not_picked":["Exhume","Reaper"],"picked":"Berserk","floor":0.0},{"not_picked":["Flex","Anger"],"picked":"Battle Trance","floor":1.0},{"not_picked":["Havoc","Body Slam"],"picked":"Anger","floor":3.0},{"not_picked":["Wild Strike","Shrug It Off"],"picked":"Whirlwind","floor":5.0},{"not_picked":["Feel No Pain","Clothesline"],"picked":"Barricade","floor":6.0},{"not_picked":["Warcry","Sentinel"],"picked":"Entrench","floor":8.0},{"not_picked":["Reckless Charge","Sword Boomerang"],"picked":"Thunderclap","floor":10.0},{"not_picked":["Iron Wave","Clothesline"],"picked":"Metallicize","floor":11.0},{"not_picked":["Sword Boomerang","Iron Wave"],"picked":"Inflame","floor":12},{"not_picked":["Thunderclap","Warcry","Anger"],"picked":"SKIP","floor":13},{"not_picked":["Clash","Twin Strike"],"picked":"Armaments","floor":14},{"not_picked":["Exhume","Berserk"],"picked":"Feed","floor":16},{"not_picked":["Rage","Sword Boomerang"],"picked":"Shrug It Off","floor":18},{"not_picked":["Carnage","Cleave"],"picked":"Clothesline","floor":21}],"player_experience":2017703,"relics_obtained":[{"floor":4.0,"key":"Lantern"},{"floor":6.0,"key":"The Courier"},{"floor":14,"key":"Shuriken"}],"event_choices":[{"damage_healed":0.0,"max_hp_gain":0.0,"max_hp_loss":0.0,"gold_gain":0.0,"event_name":"The Woman in Blue","player_choice":"Bought 2 Potions","floor":2.0,"gold_loss":0.0,"damage_taken":0.0},{"damage_healed":0,"gold_gain":0,"player_choice":"Joined the Cult","damage_taken":6,"max_hp_gain":0,"max_hp_loss":0,"event_name":"Nest","floor":19,"gold_loss":0,"cards_obtained":["RitualDagger"]},{"damage_healed":0,"gold_gain":0,"cards_transformed":["Barricade","Heavy Blade"],"player_choice":"Became Test Subject","damage_taken":0,"max_hp_gain":0,"max_hp_loss":0,"event_name":"Drug Dealer","floor":22,"gold_loss":0,"cards_obtained":["Rupture","Rampage"]}],"is_beta":false,"boss_relics":[{"not_picked":["Cursed Key","Black Blood"],"picked":"Pandora\u0027s Box"}],"items_purged_floors":[],"is_endless":false,"potions_floor_spawned":[3,6,10,13,16,21],"ascension_level":20}}