{"host":"4par9lyhj7bf4dsa","time":1613177965,"event":{"mods":["AchievementEnabler","BaseMod","Colored Map","Minty Spire (QoL Compilation)","Relic Stats","StSLib"],"gold_per_floor":[118,118,132,132,152,152,9,39,39,91,121,121,132,142,142,239,239,253,253,266,266,141,141,168,196,221,221,252,266,22,35,35,136,136,155,175,187,201,221,221,249,249,249,279,289,289,85,55,55,55,55,55,5,36,36],"floor_reached":56,"language":"ENG","playtime":7642,"items_purged":["Searing Blow+1","Juggernaut"],"score":1749,"play_id":"7cab4a68-a1d8-43f4-81eb-55d60be57602","local_time":"20210213115925","is_ascension_mode":true,"campfire_choices":[{"data":"Shrug It Off","floor":6.0,"key":"SMITH"},{"data":"Pommel Strike","floor":15.0,"key":"SMITH"},{"data":"Feed","floor":23,"key":"SMITH"},{"data":"Brutality","floor":27,"key":"SMITH"},{"floor":32,"key":"REST"},{"data":"Double Tap","floor":40,"key":"SMITH"},{"floor":46,"key":"RECALL"},{"data":"Rupture","floor":49,"key":"SMITH"},{"data":"True Grit","floor":52,"key":"SMITH"}],"circlet_count":0,"master_deck":["Strike_R+1","Strike_R+1","Strike_R+1","Defend_R+1","Defend_R+1","Defend_R+1","Bash+1","Clothesline+1","Rupture+1","Spot Weakness","Shrug It Off+1","Dropkick","Whirlwind","Spot Weakness","Pommel Strike+1","Feed+1","Brutality+1","Ghostly","Ghostly","Ghostly","Ghostly","Ghostly","Combust+1","Dropkick+1","Feed","Shockwave+1","Heavy Blade+1","Battle Trance+1","Double Tap+1","Intimidate+1","Rage+1","Sword Boomerang+1","Shrug It Off+1","Reaper","Warcry+1","Feel No Pain+1","Decay","True Grit+1","Rupture+1","Apotheosis","Rupture+1"],"relics":["Astrolabe","Bag of Preparation","Prayer Wheel","Meat on the Bone","Happy Flower","Runic Dome","Red Mask","Bottled Flame","Potion Belt","Anchor","Regal Pillow","Runic Pyramid","InkBottle","FossilizedHelix","Letter Opener"],"acts_visited":["Exordium","TheCity","TheBeyond","TheEnding"],"potions_floor_usage":[16,20,28,54,55,55,55,55],"damage_taken":[{"damage":6.0,"enemies":"Small Slimes","floor":1.0,"turns":3.0},{"damage":2.0,"enemies":"Jaw Worm","floor":3.0,"turns":3.0},{"damage":1.0,"enemies":"2 Louse","floor":5.0,"turns":2.0},{"damage":22.0,"enemies":"Lagavulin","floor":8.0,"turns":8.0},{"damage":24.0,"enemies":"Exordium Thugs","floor":10.0,"turns":7.0},{"damage":10.0,"enemies":"3 Sentries","floor":11.0,"turns":4.0},{"damage":11.0,"enemies":"3 Louse","floor":13.0,"turns":5.0},{"damage":0.0,"enemies":"Looter","floor":14.0,"turns":1.0},{"damage":40,"enemies":"Hexaghost","floor":16,"turns":7},{"damage":14,"enemies":"Chosen","floor":18,"turns":3},{"damage":7,"enemies":"3 Byrds","floor":20,"turns":3},{"damage":8,"enemies":"Masked Bandits","floor":24,"turns":3},{"damage":6,"enemies":"Gremlin Leader","floor":25,"turns":6},{"damage":8,"enemies":"Book of Stabbing","floor":28,"turns":5},{"damage":3,"enemies":"Snecko","floor":29,"turns":4},{"damage":3,"enemies":"Snake Plant","floor":31,"turns":4},{"damage":11,"enemies":"Collector","floor":33,"turns":6},{"damage":15,"enemies":"3 Shapes","floor":35,"turns":3},{"damage":7,"enemies":"3 Darklings","floor":36,"turns":5},{"damage":8,"enemies":"Spire Growth","floor":37,"turns":5},{"damage":4,"enemies":"Jaw Worm Horde","floor":38,"turns":5},{"damage":5,"enemies":"Writhing Mass","floor":39,"turns":6},{"damage":8,"enemies":"Reptomancer","floor":41,"turns":4},{"damage":5,"enemies":"Giant Head","floor":44,"turns":6},{"damage":2,"enemies":"Maw","floor":45,"turns":6},{"damage":50,"enemies":"Time Eater","floor":50,"turns":9},{"damage":62,"enemies":"Shield and Spear","floor":54,"turns":8},{"damage":65,"enemies":"The Heart","floor":55,"turns":8}],"seed_played":"-1258494176724254088","potions_obtained":[{"floor":1.0,"key":"Energy Potion"},{"floor":3.0,"key":"CultistPotion"},{"floor":5.0,"key":"ColorlessPotion"},{"floor":11.0,"key":"SpeedPotion"},{"floor":13.0,"key":"Fire Potion"},{"floor":18,"key":"SkillPotion"},{"floor":31,"key":"LiquidBronze"},{"floor":37,"key":"Block Potion"},{"floor":38,"key":"DistilledChaos"},{"floor":39,"key":"BloodPotion"},{"floor":44,"key":"PowerPotion"},{"floor":48,"key":"DuplicationPotion"},{"floor":54,"key":"Block Potion"}],"is_trial":false,"path_per_floor":["M","?","M","?","M","R","$","E","T","M","E","?","M","M","R","B",null,"M","?","M","?","$","R","?","E","T","R","E","M","$","M","R","B",null,"M","M","M","M","M","R","E","?","T","E","M","R","$","?","R","B",null,"R","$","E","B",null],"character_chosen":"IRONCLAD","items_purchased":["Bag of Preparation","AttackPotion","Regal Pillow","Rupture","Apotheosis","BloodPotion"],"campfire_rested":1,"item_purchase_floors":[7,22,30,47,47,53],"current_hp_per_floor":[66,71,69,69,68,68,68,46,46,34,36,36,37,49,49,24,72,61,45,38,38,38,38,30,28,28,28,36,37,37,38,61,50,58,47,44,40,74,73,73,88,88,88,87,89,89,89,89,89,51,85,85,85,99,58],"gold":36,"neow_bonus":"BOSS_RELIC","is_daily":false,"chose_seed":false,"campfire_upgraded":7,"win_rate":0.0,"timestamp":1613177965,"path_taken":["M","?","M","?","M","R","?","E","T","M","E","?","M","?","R","BOSS","M","?","M","?","$","R","?","E","T","R","E","M","?","M","R","BOSS","M","M","M","?","M","R","E","?","T","E","M","R","?","?","R","BOSS","R","$","E","BOSS"],"items_purchased_type":["Relic","Potion","Relic","Card","Card","Potion"],"build_version":"2020-12-22","purchased_purges":2,"victory":true,"max_hp_per_floor":[80,85,85,85,85,85,85,85,85,85,85,85,85,85,85,88,88,91,45,45,45,45,45,45,49,49,49,53,57,57,61,61,61,61,65,69,73,80,84,84,88,88,88,92,96,96,96,96,96,96,96,96,96,100,104],"relic_stats":{"Regal Pillow":5,"Happy Flower":[37],"counters":[28,139],"Astrolabe":["Clothesline","Rupture","Searing Blow"],"Prayer Wheel":13,"Bag of Preparation":[50],"Letter Opener":[20],"obtain_stats":[{"Potion Belt":26,"Regal Pillow":30,"Happy Flower":11,"Astrolabe":0,"Bag of Preparation":7,"Letter Opener":54,"Burning Blood":0,"Runic Dome":17,"Bottled Flame":25,"Anchor":28,"Prayer Wheel":8,"Red Mask":24,"InkBottle":41,"FossilizedHelix":44,"Meat on the Bone":9,"Runic Pyramid":34},{"Potion Belt":13,"Regal Pillow":15,"Happy Flower":6,"Astrolabe":0,"Bag of Preparation":3,"Letter Opener":27,"Burning Blood":0,"Runic Dome":9,"Bottled Flame":13,"Anchor":14,"Prayer Wheel":4,"Red Mask":12,"InkBottle":23,"FossilizedHelix":24,"Meat on the Bone":4,"Runic Pyramid":17},{"Potion Belt":55,"Regal Pillow":64,"Happy Flower":27,"Astrolabe":0,"Bag of Preparation":8,"Letter Opener":131,"Burning Blood":0,"Runic Dome":40,"Bottled Flame":55,"Anchor":60,"Prayer Wheel":16,"Red Mask":49,"InkBottle":102,"FossilizedHelix":108,"Meat on the Bone":16,"Runic Pyramid":74}],"InkBottle":[12],"Meat on the Bone":84},"card_choices":[{"not_picked":["Anger","Bloodletting"],"picked":"Spot Weakness","floor":1.0},{"not_picked":["Heavy Blade","Seeing Red"],"picked":"Shrug It Off","floor":3.0},{"not_picked":["Clash","Havoc","Shrug It Off"],"picked":"SKIP","floor":5.0},{"not_picked":["Twin Strike","Shrug It Off"],"picked":"Dropkick","floor":8.0},{"not_picked":["Pommel Strike","Carnage"],"picked":"Whirlwind","floor":10.0},{"not_picked":["Headbutt","True Grit","Perfected Strike"],"picked":"SKIP","floor":10.0},{"not_picked":["Rupture","Cleave"],"picked":"Juggernaut","floor":11.0},{"not_picked":["Headbutt","Rampage"],"picked":"Spot Weakness","floor":13.0},{"not_picked":["Wild Strike","Sever Soul"],"picked":"Pommel Strike","floor":13.0},{"not_picked":["Inflame","True Grit"],"picked":"Feed","floor":14.0},{"not_picked":["Rupture","Clothesline","Sword Boomerang"],"picked":"SKIP","floor":14.0},{"not_picked":["Immolate","Demon Form"],"picked":"Brutality","floor":16},{"not_picked":["Flex","Havoc+1","Perfected Strike"],"picked":"SKIP","floor":18},{"not_picked":["Heavy Blade","Body Slam","Searing Blow"],"picked":"SKIP","floor":18},{"not_picked":["Iron Wave","Warcry"],"picked":"Combust+1","floor":20},{"not_picked":["Heavy Blade","Cleave"],"picked":"Dropkick+1","floor":20},{"not_picked":["Perfected Strike","Clothesline+1","Battle Trance"],"picked":"SKIP","floor":25},{"not_picked":["Heavy Blade","Dark Embrace"],"picked":"Feed","floor":28},{"not_picked":["Perfected Strike+1","Clothesline"],"picked":"Shockwave+1","floor":29},{"not_picked":["Havoc","Flex"],"picked":"Heavy Blade+1","floor":29},{"not_picked":["Brutality","Searing Blow"],"picked":"Battle Trance+1","floor":31},{"not_picked":["Heavy Blade","Bloodletting+1","Sever Soul"],"picked":"SKIP","floor":31},{"not_picked":["Immolate","Bludgeon"],"picked":"Double Tap","floor":33},{"not_picked":["Iron Wave","Anger+1"],"picked":"Intimidate+1","floor":35},{"not_picked":["Power Through","Dropkick"],"picked":"Rage+1","floor":35},{"not_picked":["Cleave+1","Seeing Red+1"],"picked":"Sword Boomerang+1","floor":36},{"not_picked":["Twin Strike+1","Uppercut+1","Blood for Blood+1"],"picked":"SKIP","floor":36},{"not_picked":["Hemokinesis+1","Thunderclap+1"],"picked":"Shrug It Off+1","floor":37},{"not_picked":["Searing Blow","Cleave+1"],"picked":"Reaper","floor":37},{"not_picked":["Cleave","Infernal Blade","Dark Embrace"],"picked":"SKIP","floor":38},{"not_picked":["Havoc","Armaments","Flex+1"],"picked":"SKIP","floor":38},{"not_picked":["Intimidate+1","Anger+1"],"picked":"Warcry+1","floor":39},{"not_picked":["Pommel Strike","Immolate"],"picked":"Feel No Pain+1","floor":39},{"not_picked":["Intimidate","Immolate","Anger+1"],"picked":"SKIP","floor":41},{"not_picked":["Carnage+1","Inflame"],"picked":"True Grit","floor":44},{"not_picked":["Intimidate","Perfected Strike","Entrench"],"picked":"SKIP","floor":45},{"not_picked":["Twin Strike","Infernal Blade","Uppercut"],"picked":"SKIP","floor":45},{"not_picked":["Body Slam","Rampage"],"picked":"Rupture+1","floor":54}],"player_experience":1029899,"relics_obtained":[{"floor":8.0,"key":"Prayer Wheel"},{"floor":9.0,"key":"Meat on the Bone"},{"floor":11.0,"key":"Happy Flower"},{"floor":24,"key":"Red Mask"},{"floor":25,"key":"Bottled Flame"},{"floor":26,"key":"Potion Belt"},{"floor":28,"key":"Anchor"},{"floor":41,"key":"InkBottle"},{"floor":44,"key":"FossilizedHelix"},{"floor":54,"key":"Letter Opener"}],"event_choices":[{"damage_healed":0.0,"max_hp_gain":5.0,"max_hp_loss":0.0,"gold_gain":0.0,"event_name":"Big Fish","player_choice":"Donut","floor":2.0,"gold_loss":0.0,"damage_taken":0.0},{"damage_healed":0.0,"max_hp_gain":0.0,"max_hp_loss":0.0,"gold_gain":0.0,"event_name":"Living Wall","player_choice":"Grow","floor":4.0,"gold_loss":0.0,"damage_taken":0.0,"cards_upgraded":["Bash"]},{"damage_healed":0.0,"max_hp_gain":0.0,"max_hp_loss":0.0,"gold_gain":0.0,"event_name":"Match and Keep!","player_choice":"0 cards matched","floor":12.0,"gold_loss":0.0,"damage_taken":0.0,"cards_obtained":[]},{"damage_healed":0,"gold_gain":0,"player_choice":"Became a Ghost","damage_taken":0,"max_hp_gain":0,"max_hp_loss":46,"event_name":"Ghosts","floor":19,"gold_loss":0,"cards_obtained":["Ghostly","Ghostly","Ghostly","Ghostly","Ghostly"]},{"damage_healed":0,"gold_gain":0,"player_choice":"Simplicity","damage_taken":0,"max_hp_gain":0,"max_hp_loss":0,"event_name":"Back to Basics","floor":21,"gold_loss":0,"cards_upgraded":["Strike_R","Strike_R","Strike_R","Defend_R","Defend_R","Defend_R"]},{"damage_healed":0,"gold_gain":0,"player_choice":"Fought Bandits","damage_taken":0,"max_hp_gain":0,"max_hp_loss":0,"event_name":"Masked Bandits","floor":24,"gold_loss":0},{"damage_healed":0,"gold_gain":0,"player_choice":"Cursed","damage_taken":0,"max_hp_gain":0,"max_hp_loss":0,"event_name":"Wheel of Change","floor":42,"gold_loss":0,"cards_obtained":["Decay"]},{"damage_healed":0,"gold_gain":0,"player_choice":"Bought 2 Potions","damage_taken":0,"max_hp_gain":0,"max_hp_loss":0,"event_name":"The Woman in Blue","floor":48,"gold_loss":0}],"is_beta":false,"boss_relics":[{"not_picked":["SlaversCollar","Black Star"],"picked":"Runic Dome"},{"not_picked":["Philosopher\u0027s Stone","Mark of Pain"],"picked":"Runic Pyramid"}],"items_purged_floors":[22,30],"is_endless":false,"potions_floor_spawned":[1,3,5,11,13,18,31,37,38,39,44,45,54],"ascension_level":9}}