{"host":"7t8rqoeeopyy0nh0","time":1613183474,"event":{"mods":["AchievementEnabler","Aspiration","BaseMod","Better Third Choice","BetterRewards","Colored Map","Colored Powertips","Conspire","Hubris","Minty Spire (QoL Compilation)","Permanent Neow","Quick Restart","Rare Cards Sparkle","Replay The Spire","StSLib"],"gold_per_floor":[119,136,95,95,56,88,1,1,1,1,36,36,65,171,171,269,269,285,203,216,216,231,260,260,260,260,260],"floor_reached":26,"language":"ENG","playtime":872,"items_purged":[],"score":358,"play_id":"81e44118-e174-4154-8b83-3b13e333d208","local_time":"20210212213114","is_ascension_mode":true,"campfire_choices":[{"floor":8,"key":"REST"},{"data":"1","floor":12,"key":"LIFT"},{"data":"Blasphemy","floor":15,"key":"SMITH"}],"circlet_count":0,"master_deck":["Strike_P+1","Strike_P","Strike_P","Strike_P","Defend_P+1","Defend_P+1","Defend_P","Defend_P+1","Eruption","Vigilance+1","Tantrum","Consecrate","BowlingBash","LessonLearned+1","FearNoEvil","EmptyFist+1","FlurryOfBlows+1","EmptyBody+1","Crescendo+1","Parasite","CrushJoints","CarveReality","Evaluate+1","Blasphemy+1","CutThroughFate","CutThroughFate+1","ThirdEye","Tantrum","EmptyBody+1"],"relics":["PureWater","conspire:TreasureMap","Quantum Egg","conspire:GiftBox","betterThird:SlimedRelic","Girya","Shovel","hubris:ToyBattleship","Centennial Puzzle","Replay:Grab Bag","hubris:RunicObelisk","Painkiller Herb","Black Star","PreservedInsect","Omamori","hubris:MedicalManual"],"acts_visited":["Exordium","TheCity"],"potions_floor_usage":[6,11,16,26],"damage_taken":[{"damage":2,"enemies":"Jaw Worm","floor":1,"turns":2},{"damage":0,"enemies":"Small Slimes","floor":2,"turns":3},{"damage":12,"enemies":"3 Sentries","floor":6,"turns":6},{"damage":7,"enemies":"Lagavulin","floor":11,"turns":3},{"damage":0,"enemies":"Gremlin Nob","floor":13,"turns":2},{"damage":7,"enemies":"The Guardian","floor":16,"turns":7},{"damage":4,"enemies":"Shell Parasite","floor":18,"turns":4},{"damage":11,"enemies":"Spheric Guardian","floor":20,"turns":3},{"damage":12,"enemies":"Chosen and Byrds","floor":22,"turns":3},{"damage":8,"enemies":"conspire:SneckoGhost","floor":23,"turns":4},{"damage":27,"enemies":"Slavers","floor":26,"turns":3}],"seed_played":"2214492440822016452","potions_obtained":[{"floor":2,"key":"Swift Potion"},{"floor":11,"key":"Weak Potion"},{"floor":22,"key":"GamblersBrew"}],"is_trial":false,"path_per_floor":["M","M","?","?","$","E","$","R","T","?","E","R","E","?","R","B",null,"?","?","?","?","?","E","PTL","PTL","E"],"character_chosen":"WATCHER","items_purchased":["Tantrum","Consecrate","conspire:TreasureMap","Quantum Egg","BowlingBash","FlurryOfBlows+1","Crescendo+1","Weak Potion"],"campfire_rested":1,"item_purchase_floors":[0,0,0,0,0,5,7,7],"current_hp_per_floor":[31,31,20,20,20,8,8,29,29,47,40,40,40,40,40,33,62,58,58,47,47,35,27,27,27,0,0],"gold":260,"neow_bonus":"","is_daily":false,"chose_seed":false,"campfire_upgraded":1,"win_rate":0.0,"timestamp":1613183474,"path_taken":["M","M","?","?","$","E","$","R","T","?","E","R","E","?","R","BOSS","?","?","?","?","?","E","PTL","PTL","E"],"items_purchased_type":["Card","Card","Relic","Relic","Card","Card","Card","Potion"],"build_version":"2020-12-22","purchased_purges":0,"victory":false,"max_hp_per_floor":[72,72,72,72,72,72,72,72,72,72,72,72,72,72,72,72,72,72,72,72,72,72,72,72,72,72,72],"card_choices":[{"not_picked":["Brilliance","Vault"],"picked":"LessonLearned","floor":0},{"not_picked":["BowlingBash","Tantrum"],"picked":"FearNoEvil","floor":1},{"not_picked":["Replay:ManipulateFuture","EmptyBody"],"picked":"EmptyFist","floor":2},{"not_picked":["PathToVictory","CutThroughFate"],"picked":"EmptyBody","floor":6},{"not_picked":["Scrawl","PathToVictory"],"picked":"CrushJoints","floor":11},{"not_picked":["PathToVictory","MentalFortress"],"picked":"CarveReality","floor":13},{"not_picked":["Vengeance","Collect"],"picked":"Evaluate","floor":14},{"not_picked":["PathToVictory","Replay:Cycle"],"picked":"Blasphemy","floor":14},{"not_picked":["Replay:BluntJabs","Nirvana"],"picked":"CutThroughFate","floor":14},{"not_picked":["SashWhip","PathToVictory"],"picked":"CutThroughFate+1","floor":18},{"not_picked":["Replay:Cycle","Vengeance"],"picked":"ThirdEye","floor":20},{"not_picked":["LessonLearned","Prostrate"],"picked":"EmptyBody+1","floor":22},{"not_picked":["Vengeance","Worship","EmptyBody"],"picked":"SKIP","floor":23}],"player_experience":408504,"relics_obtained":[{"floor":6,"key":"Girya"},{"floor":9,"key":"Shovel"},{"floor":11,"key":"hubris:ToyBattleship"},{"floor":13,"key":"Centennial Puzzle"},{"floor":23,"key":"Omamori"},{"floor":23,"key":"hubris:MedicalManual"}],"event_choices":[{"damage_healed":0,"gold_gain":0,"player_choice":"Slimed","damage_taken":11,"max_hp_gain":0,"max_hp_loss":0,"event_name":"betterThird:BetterGoop","floor":3,"gold_loss":41},{"damage_healed":0,"gold_gain":0,"player_choice":"Grow","damage_taken":0,"max_hp_gain":0,"max_hp_loss":0,"event_name":"Living Wall","floor":4,"gold_loss":0,"cards_upgraded":["LessonLearned"]},{"damage_healed":18,"gold_gain":0,"player_choice":"Healed and dodged fight","damage_taken":0,"max_hp_gain":0,"max_hp_loss":0,"event_name":"Mushrooms","floor":10,"gold_loss":0,"cards_obtained":["Parasite"]},{"damage_healed":0,"gold_gain":0,"player_choice":"Paid Gold","damage_taken":0,"relics_obtained":["PreservedInsect"],"max_hp_gain":0,"max_hp_loss":0,"event_name":"WeMeetAgain","floor":19,"gold_loss":82},{"damage_healed":0,"gold_gain":0,"player_choice":"Copied","damage_taken":0,"max_hp_gain":0,"max_hp_loss":0,"event_name":"Duplicator","floor":21,"gold_loss":0,"cards_obtained":["Tantrum"]}],"is_beta":false,"boss_relics":[{"not_picked":["Coffee Dripper","aspiration:PoetsPen_weak"],"picked":"Replay:Grab Bag"},{"not_picked":["ChewingGum","conspire:SeveredTorchhead"],"picked":"hubris:RunicObelisk"},{"not_picked":["Ectoplasm","Velvet Choker"],"picked":"Painkiller Herb"},{"not_picked":["hubris:ScarierMask","hubris:Stopwatch"],"picked":"Black Star"}],"items_purged_floors":[],"is_endless":false,"potions_floor_spawned":[2,11,22],"killed_by":"Slavers","ascension_level":7}}