{"host":"31srvgftwd43oumg","time":1613188782,"event":{"mods":["BaseMod","BetterRewards","Card Forge","Downfall","Hubris","Infinite Spire","Koishi","Luminous","Marisa????????","Minty Spire (QoL Compilation)","Remilia??????","Replay The Spire","Shop Mod","StSLib","The Bug Knight","The Cursed","The Death Knight","The Exalted","The Hierophant","The Mystic","The Necromancer"],"gold_per_floor":[111,186,186,203,203,151,180,199,224,224,189,203,228,82,82,169,169,187,187,187,209,221,221],"floor_reached":22,"language":"ENG","playtime":441,"items_purged":[],"score":358,"play_id":"d91c603e-63d4-48b2-b1e2-f58a91155369","local_time":"20210212215942","is_ascension_mode":true,"campfire_choices":[{"data":"Leap","floor":10,"key":"SMITH"},{"floor":15,"key":"DIG"}],"circlet_count":0,"master_deck":["AscendersBane","Strike_B+3","Strike_B+3","Strike_B+2","Strike_B+2","Defend_B+2","Defend_B+2","Defend_B+2","Defend_B+2","Zap+1","Steam+1","FTL+1","Leap+1","Ball Lightning+1","Doom and Gloom+1","Electrodynamics+1","AbeCurse"],"relics":["Cracked Core","Hammer of Thor","Seething Fire","Anvil of the Gods","NeowsBlessing","Replay:Kaleidoscope","Tiny Chest","Simple Rune","TheAbacus","Replay:Bandana","Abe\u0027s Treasure"],"acts_visited":["Exordium","TheCity"],"potions_floor_usage":[16],"damage_taken":[{"damage":0,"enemies":"2 Louse","floor":1,"turns":1},{"damage":0,"enemies":"Small Slimes","floor":4,"turns":1},{"damage":0,"enemies":"3 Sentries","floor":7,"turns":1},{"damage":3,"enemies":"Jaw Worm","floor":8,"turns":2},{"damage":0,"enemies":"Blue Slaver","floor":12,"turns":3},{"damage":12,"enemies":"Lagavulin","floor":13,"turns":6},{"damage":28,"enemies":"Slime Boss","floor":16,"turns":9},{"damage":42,"enemies":"3 Byrds","floor":18,"turns":3},{"damage":0,"enemies":"Chosen","floor":21,"turns":3},{"damage":32,"enemies":"Snake Plant","floor":22,"turns":3}],"seed_played":"4401931227457242897","potions_obtained":[{"floor":8,"key":"LifebloodPotion"},{"floor":12,"key":"Strength Potion"}],"is_trial":false,"path_per_floor":["M","?","?","M","?","$","E","M","T","R","?","M","E","$","R","B",null,"M","?","T","M","M"],"character_chosen":"DEFECT","items_purchased":["FTL+1","TheAbacus"],"campfire_rested":0,"item_purchase_floors":[6,14],"current_hp_per_floor":[68,57,62,62,62,62,62,59,59,59,79,79,67,67,67,39,70,28,28,28,28,0,0],"gold":221,"neow_bonus":"THREE_ENEMY_KILL","is_daily":false,"chose_seed":false,"campfire_upgraded":1,"win_rate":0.0,"timestamp":1613188782,"path_taken":["M","?","?","M","?","$","E","M","T","R","?","M","E","?","R","BOSS","M","?","?","M","M"],"items_purchased_type":["Card","Relic"],"build_version":"2020-12-22","purchased_purges":0,"victory":false,"max_hp_per_floor":[75,75,80,80,80,80,80,80,80,80,80,80,80,80,80,80,80,80,80,80,80,80,80],"card_choices":[{"not_picked":["Darkness","BasicCrystalCard","Gash"],"picked":"SKIP","floor":1},{"not_picked":["Rebound","Turbo","ReplayTheSpireMod:GoodbyeWorld"],"picked":"SKIP","floor":4},{"not_picked":["Ball Lightning","Turbo"],"picked":"Leap","floor":7},{"not_picked":["Lockon","Conserve Battery","Aggregate"],"picked":"SKIP","floor":8},{"not_picked":["BootSequence","Double Energy"],"picked":"Ball Lightning","floor":12},{"not_picked":["Doom and Gloom","Skim","Steam Power"],"picked":"SKIP","floor":13},{"not_picked":["Skim","Steam Power"],"picked":"Doom and Gloom","floor":13},{"not_picked":["Amplify","ReplayRNGCard"],"picked":"Electrodynamics","floor":16},{"not_picked":["Conserve Battery+1","Compile Driver","Steam"],"picked":"SKIP","floor":18},{"not_picked":["Gash","ReplayTheSpireMod:GoodbyeWorld","Barrage"],"picked":"SKIP","floor":21}],"player_experience":1023398,"relics_obtained":[{"floor":7,"key":"Replay:Kaleidoscope"},{"floor":9,"key":"Tiny Chest"},{"floor":13,"key":"Simple Rune"},{"floor":15,"key":"Replay:Bandana"}],"event_choices":[{"damage_healed":0,"gold_gain":75,"player_choice":"Gather Gold","damage_taken":11,"max_hp_gain":0,"max_hp_loss":0,"event_name":"World of Goop","floor":2,"gold_loss":0},{"damage_healed":0,"gold_gain":0,"player_choice":"Donut","damage_taken":0,"max_hp_gain":5,"max_hp_loss":0,"event_name":"Big Fish","floor":3,"gold_loss":0},{"damage_healed":20,"gold_gain":0,"player_choice":"Healed","damage_taken":0,"max_hp_gain":0,"max_hp_loss":0,"event_name":"The Cleric","floor":11,"gold_loss":35},{"damage_healed":0,"gold_gain":0,"player_choice":"Ignored","damage_taken":0,"max_hp_gain":0,"max_hp_loss":0,"event_name":"The Mausoleum","floor":19,"gold_loss":0}],"is_beta":false,"boss_relics":[{"not_picked":["Runic Pyramid","hubris:VirtuousBlindfold"],"picked":"Abe\u0027s Treasure"}],"items_purged_floors":[],"is_endless":false,"potions_floor_spawned":[8,12,13],"killed_by":"Snake Plant","ascension_level":13}}