{"host":"lehbxtjrpalkmwwj","time":1613236457,"event":{"mods":["ATMod(阿瑾Mod)","Aspiration","BaseMod","Challenge The Spire","Colored Map","Colored Powertips","Conspire","Dota2Spire","Energized Spire","Hunter 猎人","Minty Spire (QoL Compilation)","Quick Restart","Relic Stats","Reliquary","Replay The Spire","Spicy Shops","StSLib","TestMod","The Cursed","The IronCluck","The Poker Player","Waifu the Spire","Wide Potions","[IsaacMod]以撒尖塔","【遗物卡牌】REMEMod","沙雕材质包mod","篝火指南"],"gold_per_floor":[118,18,33,33,33,82,97,143,143,163,173,173,221,252,252,360,360,397,436,460,460,54,60,60,60],"floor_reached":23,"language":"ZHS","playtime":895,"items_purged":[],"score":250,"play_id":"b4192e7c-bf67-4340-ada9-aacce7f90452","local_time":"20210214011417","is_ascension_mode":true,"metric_token":1750,"campfire_choices":[{"floor":12.0,"key":"RECALL"},{"data":"AT_Dispersion","floor":15.0,"key":"SMITH"}],"circlet_count":0,"master_deck":["PokerPlayerMod:Diamond1","PokerPlayerMod:Diamond2","PokerPlayerMod:Diamond3","PokerPlayerMod:Diamond4","PokerPlayerMod:Diamond5","PokerPlayerMod:Spade1","PokerPlayerMod:Spade2","PokerPlayerMod:Spade3","PokerPlayerMod:Spade4","PokerPlayerMod:Club1","PokerPlayerMod:Club2","PokerPlayerMod:Heart2","PokerPlayerMod:TrumpStrike","PokerPlayerMod:BadJoker","PokerPlayerMod:Mulligan","EpicFetus","Adrenaline","AT_Dispersion+1","PokerPlayerMod:Sharpen+1","conspire:SpireCoStock","conspire:SpireCoStock","PokerPlayerMod:SpadeStrike","PokerPlayerMod:Diamond8","PokerPlayerMod:Club3","PokerPlayerMod:Club3","PokerPlayerMod:Trickery","PokerPlayerMod:Trickery","PokerPlayerMod:Sharpen","PokerPlayerMod:Trickery","PokerPlayerMod:FakeSymbols","PokerPlayerMod:DartThrow","PokerPlayerMod:HotShotCut","PokerPlayerMod:ClubStrike+1","PokerPlayerMod:HiddenCard+1"],"relics":["PokerPlayerMod:DeckCase","HushsDoor","AT_ATBox","testmod-TestBox","testmod-InfectionSource","HowToJump","NeowsBlessing","testmod-TestBox","reliquary:HotPoker","reliquary:RedPaperclip","testmod-Charity","ReplayTheSpireMod:Lightbulb"],"acts_visited":["Exordium","TheCity"],"potions_floor_usage":[18],"damage_taken":[{"damage":0.0,"enemies":"Jaw Worm","floor":1.0,"turns":1.0},{"damage":0.0,"enemies":"Small Slimes","floor":3.0,"turns":1.0},{"damage":0.0,"enemies":"Lagavulin","floor":6.0,"turns":2.0},{"damage":0.0,"enemies":"Cultist","floor":7.0,"turns":2.0},{"damage":12.0,"enemies":"3 Sentries","floor":8.0,"turns":5.0},{"damage":4.0,"enemies":"3 Louse","floor":10.0,"turns":2.0},{"damage":4.0,"enemies":"2 Fungi Beasts","floor":11.0,"turns":3.0},{"damage":5.0,"enemies":"Lagavulin","floor":13.0,"turns":5.0},{"damage":11.0,"enemies":"Exordium Thugs","floor":14.0,"turns":3.0},{"damage":22.0,"enemies":"Slime Boss","floor":16.0,"turns":7.0},{"damage":3,"enemies":"3 Byrds","floor":18,"turns":3},{"damage":4,"enemies":"Chosen","floor":19,"turns":4},{"damage":19,"enemies":"conspire:HollyBat","floor":20,"turns":7},{"damage":31,"enemies":"Slavers","floor":23,"turns":2}],"seed_played":"4240589564479075208","potions_obtained":[{"floor":8.0,"key":"Dota2Spire:HealingSalve"},{"floor":10.0,"key":"REME_GoldPotion"},{"floor":13.0,"key":"SkillPotion"},{"floor":18,"key":"Elixir"}],"is_trial":false,"path_per_floor":["M","?","M","?","?","E","M","E","T","M","M","R","E","M","R","B",null,"M","M","M","?","$","E"],"character_chosen":"THE_POKER_PLAYER","items_purchased":["testmod-Charity","PokerPlayerMod:HiddenCard+1","ReplayTheSpireMod:Lightbulb"],"campfire_rested":0,"item_purchase_floors":[22,22,22],"current_hp_per_floor":[52,52,52,52,52,52,52,42,42,41,41,41,40,31,31,27,52,51,47,30,30,30,0,0,0],"gold":60,"neow_bonus":"THREE_ENEMY_KILL","is_daily":false,"chose_seed":false,"campfire_upgraded":1,"win_rate":0.0,"timestamp":1613236457,"path_taken":["M","?","M","?","?","E","M","E","T","M","?","R","E","M","R","BOSS","M","M","M","?","$","E"],"items_purchased_type":["Relic","Card","Relic"],"build_version":"2020-12-22","purchased_purges":0,"victory":false,"max_hp_per_floor":[52,52,52,52,52,52,52,52,52,52,52,52,52,52,52,52,52,52,52,52,52,52,53,53,53],"relic_stats":{"counters":[14,47],"obtain_stats":[{"KeepersGift":0,"AT_ATBox":0,"testmod-TestBox":0,"HowToJump":0,"NeowsBlessing":0,"Blue Candle":8,"testmod-Charity":22,"PokerPlayerMod:DeckCase":0,"reliquary:HotPoker":6,"Dream Catcher":13,"reliquary:RedPaperclip":17,"testmod-InfectionSource":0,"HushsDoor":0,"ReplayTheSpireMod:Lightbulb":22,"REME_ComplimentaryCards":0},{"KeepersGift":0,"AT_ATBox":0,"testmod-TestBox":0,"HowToJump":0,"NeowsBlessing":0,"Blue Candle":5,"testmod-Charity":13,"PokerPlayerMod:DeckCase":0,"reliquary:HotPoker":3,"Dream Catcher":8,"reliquary:RedPaperclip":10,"testmod-InfectionSource":0,"HushsDoor":0,"ReplayTheSpireMod:Lightbulb":13,"REME_ComplimentaryCards":0},{"KeepersGift":0,"AT_ATBox":0,"testmod-TestBox":0,"HowToJump":0,"NeowsBlessing":0,"Blue Candle":11,"testmod-Charity":45,"PokerPlayerMod:DeckCase":0,"reliquary:HotPoker":4,"Dream Catcher":21,"reliquary:RedPaperclip":31,"testmod-InfectionSource":0,"HushsDoor":0,"ReplayTheSpireMod:Lightbulb":45,"REME_ComplimentaryCards":0}]},"card_choices":[{"not_picked":[],"picked":"EpicFetus","floor":0.0},{"not_picked":["PokerPlayerMod:Configure","PokerPlayerMod:DiamondStrike"],"picked":"PokerPlayerMod:Sharpen","floor":1.0},{"not_picked":["PokerPlayerMod:Raise","PokerPlayerMod:ClubsClub"],"picked":"PokerPlayerMod:SpadeStrike","floor":3.0},{"not_picked":["PokerPlayerMod:Heart1","PokerPlayerMod:SecondChance"],"picked":"PokerPlayerMod:Diamond8","floor":6.0},{"not_picked":["PokerPlayerMod:Configure","PokerPlayerMod:Spade4"],"picked":"PokerPlayerMod:Club3","floor":7.0},{"not_picked":["PokerPlayerMod:Spade4","PokerPlayerMod:Spade3"],"picked":"PokerPlayerMod:Club3","floor":8.0},{"not_picked":["PokerPlayerMod:Club2","PokerPlayerMod:HotShotCut"],"picked":"PokerPlayerMod:Trickery","floor":10.0},{"not_picked":["PokerPlayerMod:Diamond2","PokerPlayerMod:Diamond3"],"picked":"PokerPlayerMod:Trickery","floor":11.0},{"not_picked":["PokerPlayerMod:SpadeStrike","PokerPlayerMod:PoorCopy"],"picked":"PokerPlayerMod:Sharpen","floor":13.0},{"not_picked":["PokerPlayerMod:CardBurn","PokerPlayerMod:Configure"],"picked":"PokerPlayerMod:Trickery","floor":14.0},{"not_picked":["PokerPlayerMod:WasteCollection","PokerPlayerMod:Heart9"],"picked":"PokerPlayerMod:FakeSymbols","floor":16.0},{"not_picked":["PokerPlayerMod:Diamond2","PokerPlayerMod:Fold"],"picked":"PokerPlayerMod:DartThrow","floor":18},{"not_picked":["PokerPlayerMod:Diamond1","PokerPlayerMod:DiamondStrike"],"picked":"PokerPlayerMod:HotShotCut","floor":19},{"not_picked":["PokerPlayerMod:Spade1","PokerPlayerMod:ClubDance"],"picked":"PokerPlayerMod:ClubStrike+1","floor":20}],"player_experience":178632,"relics_obtained":[{"floor":6.0,"key":"reliquary:HotPoker"},{"floor":8.0,"key":"Blue Candle"},{"floor":13.0,"key":"Dream Catcher"}],"event_choices":[{"damage_healed":0.0,"max_hp_gain":0.0,"max_hp_loss":0.0,"gold_gain":0.0,"event_name":"conspire:Investor","player_choice":"Invest 2","floor":2.0,"gold_loss":0.0,"damage_taken":0.0},{"damage_healed":0.0,"max_hp_gain":0.0,"max_hp_loss":0.0,"gold_gain":0.0,"event_name":"给自己的盒子","player_choice":"Swap Relic","floor":4.0,"relics_lost":["REME_ComplimentaryCards"],"gold_loss":0.0,"damage_taken":0.0,"relics_obtained":["testmod-TestBox"]},{"damage_healed":0.0,"max_hp_gain":0.0,"max_hp_loss":0.0,"gold_gain":0.0,"event_name":"Living Wall","player_choice":"Grow","floor":5.0,"gold_loss":0.0,"damage_taken":0.0,"cards_upgraded":["PokerPlayerMod:Sharpen"]}],"is_beta":false,"boss_relics":[{"not_picked":["AT_MortalBlade","testmod-KeyOfTheVoid"],"picked":"reliquary:RedPaperclip"},{"not_picked":[]}],"items_purged_floors":[],"is_endless":false,"potions_floor_spawned":[8,10,13,14,18],"killed_by":"Slavers","ascension_level":1}}