{"host":"i09pxcjttd31eh4q","time":1613197038,"event":{"mods":["AchievementEnabler","BaseMod","Colored Map","Keyboard Shortcuts","Minty Spire (QoL Compilation)","StSLib","SuperFastMode"],"gold_per_floor":[119,131,143,62,62,62,93,93,120,120,120,133,54,72,72,149,149,165,165,175,194,194,194],"floor_reached":22,"language":"KOR","playtime":454,"items_purged":[],"score":372,"play_id":"510286f7-0b3d-48e9-aec5-3a70b7386291","local_time":"20210213151718","is_ascension_mode":true,"campfire_choices":[{"data":"Eruption","floor":6.0,"key":"SMITH"},{"data":"Adaptation","floor":10.0,"key":"SMITH"},{"data":"LessonLearned","floor":15.0,"key":"SMITH"}],"circlet_count":0,"master_deck":["AscendersBane","Strike_P","Strike_P+1","Strike_P","Defend_P+1","Defend_P","Eruption+1","Vigilance","Adaptation+1","EmptyFist","LessonLearned+1","FearNoEvil+1","Vault"],"relics":["Coffee Dripper","Dream Catcher","Empty Cage"],"acts_visited":["Exordium","TheCity"],"potions_floor_usage":[22],"damage_taken":[{"damage":0.0,"enemies":"Cultist","floor":1.0,"turns":3.0},{"damage":0.0,"enemies":"2 Louse","floor":2.0,"turns":2.0},{"damage":4.0,"enemies":"Small Slimes","floor":3.0,"turns":2.0},{"damage":16.0,"enemies":"Gremlin Nob","floor":7.0,"turns":3.0},{"damage":7.0,"enemies":"2 Fungi Beasts","floor":12.0,"turns":3.0},{"damage":16.0,"enemies":"Blue Slaver","floor":14.0,"turns":4.0},{"damage":17.0,"enemies":"The Guardian","floor":16.0,"turns":15.0},{"damage":13.0,"enemies":"Shell Parasite","floor":18.0,"turns":4.0},{"damage":0,"enemies":"Chosen","floor":20,"turns":4},{"damage":46,"enemies":"Shelled Parasite and Fungi","floor":21,"turns":5},{"damage":12,"enemies":"Snake Plant","floor":22,"turns":1}],"seed_played":"8816577471493771870","potions_obtained":[{"floor":2.0,"key":"SpeedPotion"},{"floor":3.0,"key":"Dexterity Potion"},{"floor":21,"key":"Weak Potion"}],"is_trial":false,"path_per_floor":["M","M","M","$","?","R","E","?","T","R","?","M","$","M","R","B",null,"M","?","M","M","M"],"character_chosen":"WATCHER","items_purchased":["Adaptation","FearNoEvil"],"campfire_rested":0,"item_purchase_floors":[4,13],"current_hp_per_floor":[61,61,57,57,57,57,41,46,46,46,46,39,39,23,23,6,56,43,58,58,12,0,0],"gold":194,"neow_bonus":"BOSS_RELIC","is_daily":false,"chose_seed":false,"campfire_upgraded":3,"win_rate":0.0,"timestamp":1613197038,"path_taken":["M","?","M","$","?","R","E","?","T","R","?","M","?","M","R","BOSS","M","?","M","M","M"],"items_purchased_type":["Card","Card"],"build_version":"2020-12-22","purchased_purges":0,"victory":false,"max_hp_per_floor":[68,68,68,68,68,68,68,73,73,73,73,73,73,73,73,73,73,73,73,73,73,73,73],"card_choices":[{"not_picked":["FlyingSleeves","Halt","Vengeance"],"picked":"SKIP","floor":1.0},{"not_picked":["Evaluate","PathToVictory","Pray"],"picked":"SKIP","floor":2.0},{"not_picked":["Protect","Consecrate","FlyingSleeves"],"picked":"SKIP","floor":3.0},{"not_picked":["CrushJoints","WheelKick"],"picked":"EmptyFist","floor":7.0},{"not_picked":["SashWhip","SignatureMove"],"picked":"LessonLearned","floor":12.0},{"not_picked":["CrushJoints","Indignation","WreathOfFlame"],"picked":"SKIP","floor":14.0},{"not_picked":["LessonLearned","SpiritShield"],"picked":"Vault","floor":16.0},{"not_picked":["Pray+1","Collect","Halt"],"picked":"SKIP","floor":18.0},{"not_picked":["ForeignInfluence","Halt","Crescendo"],"picked":"SKIP","floor":20},{"not_picked":["SashWhip","JustLucky","WindmillStrike"],"picked":"SKIP","floor":21}],"player_experience":907217,"relics_obtained":[{"floor":7.0,"key":"Dream Catcher"}],"event_choices":[{"damage_healed":0.0,"max_hp_gain":0.0,"max_hp_loss":0.0,"gold_gain":0.0,"event_name":"Liars Game","player_choice":"Ignored","floor":5.0,"gold_loss":0.0,"damage_taken":0.0},{"damage_healed":0.0,"max_hp_gain":5.0,"max_hp_loss":0.0,"gold_gain":0.0,"event_name":"Big Fish","player_choice":"Donut","floor":8.0,"gold_loss":0.0,"damage_taken":0.0},{"cards_removed":["Defend_P"],"damage_healed":0.0,"max_hp_gain":0.0,"max_hp_loss":0.0,"gold_gain":0.0,"event_name":"Living Wall","player_choice":"Forget","floor":11.0,"gold_loss":0.0,"damage_taken":0.0},{"damage_healed":15,"gold_gain":0,"player_choice":"Heal","damage_taken":0,"max_hp_gain":0,"max_hp_loss":0,"event_name":"The Library","floor":19,"gold_loss":0}],"is_beta":false,"boss_relics":[{"not_picked":["Ectoplasm","VioletLotus"],"picked":"Empty Cage"}],"items_purged_floors":[],"is_endless":false,"potions_floor_spawned":[2,3,7,21],"killed_by":"Snake Plant","ascension_level":20}}