{"host":"cepa1iaiubs928mn","time":1613248210,"event":{"mods":["Bard","BaseMod","Beaked The Cultist","Conspire","Gremlin Mod","Hermit","Hubris","KinomotoSakuraMod(ÙÊñýÜâ?)","Luminous","Marisa£¨Ùöéë¡¡Øª×âÞÞ£©","Mimic Mod","Minty Spire (QoL Compilation)","Quick Restart","Replay The Spire","Robot Space Explorer","Shop Mod","StSLib","Td1madao Mod","The Animator","The Bladedancer","The Bug Knight","The Construct","The Cursed","The Disciple","The Dragon Tamer","The Gatherer","The Hierophant","The Mystic","The Necromancer","The Poker Player","The Runesmith","The Senshi","The Servant 0.9.4","The Witch","Waifu the Spire","Youmu£¨ûëÛÞèí?£©","Yuri Mod"],"gold_per_floor":[215,227,32,32,52,52,16,33,33,49,59,70,87,104,104,204,204,220,82,102,117,32,32,49,77,77,115,43,43,63,63,63,63,63,63],"floor_reached":33,"language":"KOR","playtime":1742,"items_purged":["DTMod:Strike","DTMod:TargetDefense"],"score":288,"play_id":"9a996d0e-f4b0-4200-aa27-7ba1c4a7c893","local_time":"20210214053010","is_ascension_mode":false,"metric_token":2399,"campfire_choices":[{"data":"DTMod:Training","floor":6,"key":"SMITH"},{"data":"DTMod:Training","floor":15,"key":"SMITH"},{"data":"DTMod:Adaptation","floor":23,"key":"SMITH"},{"floor":29,"key":"REST"},{"data":"DTMod:DarkBreath","floor":32,"key":"SMITH"}],"dtmod_dragon_data":[0,50,3,-1,6,0],"circlet_count":0,"master_deck":["DTMod:Strike","DTMod:Strike","DTMod:Strike","DTMod:DoubleHit","DTMod:TargetDefense","DTMod:TargetDefense","DTMod:TargetDefense","DTMod:SwitchingTactic","DTMod:BreakAttack","DTMod:Training+1","DTMod:Training+1","DTMod:DarkBreath+1","DTMod:FlameSlash","DTMod:Harmonize+1","DTMod:GhostSkin","DTMod:Hide","DTMod:EchoTactic+1","DTMod:TagTeam","DTMod:QuickFly","DTMod:QuickFly","DTMod:Adaptation+1","DTMod:Training+1","DTMod:PurifyingFlame"],"relics":["DTMod:PactStone","Membership Card","ReplayTheSpireMod:Shallot","Replay:Grab Bag","beaked:SacredNecklace","hubris:VirtuousBlindfold","conspire:SpecialSausage","ReplayTheSpireMod:Lightbulb","hubris:SlimyHat","Unceasing Top","yuri:PortableGlitches","Guide Book"],"acts_visited":["Exordium","TheCity"],"potions_floor_usage":[16,20,21,25,33,33],"damage_taken":[{"damage":0,"enemies":"Cultist","floor":1,"turns":4},{"damage":0,"enemies":"2 Louse","floor":2,"turns":3},{"damage":0,"enemies":"Jaw Worm","floor":5,"turns":3},{"damage":0,"enemies":"Exordium Wildlife","floor":8,"turns":4},{"damage":0,"enemies":"Looter","floor":10,"turns":3},{"damage":0,"enemies":"Gremlin Gang","floor":11,"turns":5},{"damage":0,"enemies":"Exordium Wildlife","floor":12,"turns":3},{"damage":1,"enemies":"Looter","floor":13,"turns":3},{"damage":0,"enemies":"3 Louse","floor":14,"turns":4},{"damage":9,"enemies":"Hexaghost","floor":16,"turns":11},{"damage":0,"enemies":"Shell Parasite","floor":18,"turns":4},{"damage":0,"enemies":"3 Byrds","floor":20,"turns":4},{"damage":0,"enemies":"Sentry and Sphere","floor":21,"turns":4},{"damage":0,"enemies":"Cultist and Chosen","floor":24,"turns":5},{"damage":0,"enemies":"Book of Stabbing","floor":25,"turns":6},{"damage":0,"enemies":"Shelled Parasite and Fungi","floor":27,"turns":5},{"damage":0,"enemies":"Shelled Parasite and Fungi","floor":30,"turns":3},{"damage":62,"enemies":"Collector","floor":33,"turns":10}],"seed_played":"82937126986741046","potions_obtained":[{"floor":4,"key":"Weak Potion"},{"floor":4,"key":"Explosive Potion"},{"floor":4,"key":"Flashbang"},{"floor":16,"key":"Venom Potion"},{"floor":20,"key":"Swift Potion"},{"floor":21,"key":"conspire:TimeTravelPotion"}],"is_trial":false,"path_per_floor":["M","M","$","?","M","R","$","M","T","M","M","M","M","M","R","B",null,"M","$","M","M","?","R","M","E","T","MIM","$","R","M","?","R","B"],"character_chosen":"THE_DT","items_purchased":["Membership Card","DTMod:Training","DTMod:DarkBreath","DTMod:TagTeam","DTMod:QuickFly","DTMod:Adaptation","Guide Book"],"campfire_rested":1,"item_purchase_floors":[3,3,7,19,19,19,28],"current_hp_per_floor":[45,45,45,45,45,45,45,45,45,45,45,45,44,44,44,35,45,45,45,45,45,45,45,45,45,45,45,45,45,45,45,45,0,0,0],"gold":63,"neow_bonus":"HUNDRED_GOLD","is_daily":false,"chose_seed":false,"campfire_upgraded":4,"win_rate":0.0,"timestamp":1613248210,"path_taken":["M","?","$","?","M","R","$","?","T","M","M","M","M","M","R","BOSS","M","$","M","M","?","R","M","E","T","?","$","R","?","?","R","BOSS"],"items_purchased_type":["Relic","Card","Card","Card","Card","Card","Relic"],"build_version":"2020-12-22","purchased_purges":2,"victory":false,"max_hp_per_floor":[45,45,45,45,45,45,45,45,45,45,45,45,45,45,45,45,45,45,45,45,45,45,45,45,45,45,45,45,45,45,45,45,45,45,45],"card_choices":[{"not_picked":["DTMod:BlazingStrike","DTMod:Punisher"],"picked":"DTMod:BreakAttack","floor":1},{"not_picked":["DTMod:BreakAttack","DTMod:Punisher"],"picked":"DTMod:Training","floor":2},{"not_picked":["DTMod:RunningTactic","DTMod:BlazingStrike","DTMod:Cover"],"picked":"SKIP","floor":5},{"not_picked":["DTMod:BreakAttack","DTMod:Weaken"],"picked":"DTMod:FlameSlash","floor":8},{"not_picked":["DTMod:WarmUp","DTMod:Feint"],"picked":"DTMod:Harmonize","floor":10},{"not_picked":["DTMod:LastStand","DTMod:StarRain","DTMod:ShieldDrain"],"picked":"SKIP","floor":11},{"not_picked":["DTMod:StarRain","DTMod:CleansingStrike"],"picked":"DTMod:GhostSkin","floor":12},{"not_picked":["DTMod:MagicField","DTMod:BizarreTactic","DTMod:Training"],"picked":"SKIP","floor":13},{"not_picked":["DTMod:MasterPlan","DTMod:BreakAttack"],"picked":"DTMod:Hide","floor":14},{"not_picked":["DTMod:ResonanceForm","DTMod:StunTrap"],"picked":"DTMod:EchoTactic","floor":16},{"not_picked":["DTMod:RecklessFlurry","DTMod:Feint","DTMod:CleansingStrike"],"picked":"SKIP","floor":18},{"not_picked":["DTMod:Cover","DTMod:Punisher+1","DTMod:MagicField"],"picked":"SKIP","floor":20},{"not_picked":["DTMod:Coolant+1","DTMod:StarRain","DTMod:BreakAttack"],"picked":"SKIP","floor":21},{"not_picked":["DTMod:OpeningTactic","DTMod:Hide"],"picked":"DTMod:Training+1","floor":24},{"not_picked":["DTMod:MagicField","DTMod:GhostSkin+1"],"picked":"DTMod:PurifyingFlame","floor":25},{"not_picked":["DTMod:Punisher","DTMod:Weaken","DTMod:Prediction"],"picked":"SKIP","floor":30}],"player_experience":10054,"relics_obtained":[{"floor":9,"key":"ReplayTheSpireMod:Shallot"},{"floor":25,"key":"hubris:SlimyHat"},{"floor":26,"key":"Unceasing Top"},{"floor":27,"key":"yuri:PortableGlitches"}],"event_choices":[{"damage_healed":0,"gold_gain":0,"player_choice":"Got Potions","damage_taken":0,"max_hp_gain":0,"max_hp_loss":0,"event_name":"Lab","floor":4,"gold_loss":0},{"damage_healed":0,"gold_gain":0,"player_choice":"Obtained Relic","damage_taken":0,"relics_obtained":["ReplayTheSpireMod:Lightbulb"],"max_hp_gain":0,"max_hp_loss":0,"event_name":"Addict","floor":22,"gold_loss":85},{"damage_healed":0,"gold_gain":0,"player_choice":"Leave","damage_taken":0,"max_hp_gain":0,"max_hp_loss":0,"event_name":"conspire:Investor","floor":31,"gold_loss":0}],"is_beta":false,"boss_relics":[{"not_picked":["Velvet Choker","hubris:TerracottaHorce"],"picked":"Replay:Grab Bag"},{"not_picked":["hubris:CrackedHourglass","conspire:SeveredTorchhead"],"picked":"beaked:SacredNecklace"},{"not_picked":["beaked:MawFillet","conspire:RoyalGoblet"],"picked":"hubris:VirtuousBlindfold"},{"not_picked":["Black Star","ReplayTheSpireMod:Onyx Gauntlets"],"picked":"conspire:SpecialSausage"}],"items_purged_floors":[3,19],"is_endless":false,"potions_floor_spawned":[8,10,12,13,16,20,21],"killed_by":"Collector","ascension_level":0}}