{"host":"6ra5lt5rtw92upyd","time":1613203786,"event":{"mods":["Act Like it!","BaseMod","Minty Spire (QoL Compilation)","Robot Space Explorer","Spicy Shops","StSLib"],"gold_per_floor":[119,294,294,307,73,105,105,130,130,146,0,27,43,43,43,142,192,210,110,130,164,164,164,164,191,216,236,236,255,283,383,383,478,478,490,490,504,554,45,78,78,78,78,110,158,188,44,59,59,59,59,59,59,92,92,92],"floor_reached":55,"language":"ZHS","playtime":4580,"items_purged":["Injury","RobotSpaceExplorer:Defend","RobotSpaceExplorer:Defend"],"score":922,"play_id":"06c4027f-684b-4ec4-9c9b-c36e969313b3","local_time":"20210213160946","is_ascension_mode":false,"campfire_choices":[{"data":"Apotheosis","floor":7.0,"key":"SMITH"},{"floor":15.0,"key":"RECALL"},{"data":"RobotSpaceExplorer:ExhaustFan","floor":23.0,"key":"SMITH"},{"floor":32.0,"key":"REST"},{"floor":42.0,"key":"REST"},{"floor":49.0,"key":"REST"},{"data":"RobotSpaceExplorer:Strike","floor":52.0,"key":"PURGE"}],"circlet_count":0,"master_deck":["RobotSpaceExplorer:Strike","RobotSpaceExplorer:Strike","RobotSpaceExplorer:Strike","RobotSpaceExplorer:Defend+1","RobotSpaceExplorer:MiniLasers","RobotSpaceExplorer:Probe","RobotSpaceExplorer:Electropulse","Apotheosis+1","RobotSpaceExplorer:SurgingShield+1","RobotSpaceExplorer:ExhaustFan+1","RobotSpaceExplorer:Asteroid","RobotSpaceExplorer:Discharger","RobotSpaceExplorer:ScrapMissile","RobotSpaceExplorer:StunGrenade+1","RobotSpaceExplorer:SurgingStrike+1","RobotSpaceExplorer:HighVoltage","RobotSpaceExplorer:MiniDrones","RobotSpaceExplorer:DualCore+1","RobotSpaceExplorer:RigExplosive+1","RobotSpaceExplorer:Blaster","RobotSpaceExplorer:ShockKick+1","RobotSpaceExplorer:MiniBoosters+1","RobotSpaceExplorer:ExhaustFan+1","RobotSpaceExplorer:IronShell+1","RobotSpaceExplorer:GearShield+1","RobotSpaceExplorer:MiniDrones+1"],"relics":["RobotSpaceExplorer:RoboCore","NeowsBlessing","Medical Kit","Du-Vu Doll","Gremlin Horn","Strawberry","Tiny House","Red Mask","Frozen Egg 2","Vajra","Regal Pillow","PreservedInsect","StoneCalendar","Matryoshka","Fusion Hammer","Gambling Chip","Strange Spoon","Peace Pipe","Juzu Bracelet","War Paint","Sundial","Blue Candle","Dead Branch","Molten Egg 2","MealTicket","Boot"],"acts_visited":["Exordium","TheCity","TheBeyond","TheEnding"],"potions_floor_usage":[54,54,55,55,55,55],"damage_taken":[{"damage":0.0,"enemies":"2 Louse","floor":1.0,"turns":1.0},{"damage":0.0,"enemies":"Jaw Worm","floor":4.0,"turns":1.0},{"damage":0.0,"enemies":"Lagavulin","floor":6.0,"turns":1.0},{"damage":19.0,"enemies":"Gremlin Nob","floor":8.0,"turns":4.0},{"damage":0.0,"enemies":"Cultist","floor":10.0,"turns":3.0},{"damage":2.0,"enemies":"Blue Slaver","floor":13.0,"turns":3.0},{"damage":6.0,"enemies":"Hexaghost","floor":16.0,"turns":11.0},{"damage":0.0,"enemies":"2 Thieves","floor":18.0,"turns":2.0},{"damage":0.0,"enemies":"Chosen","floor":20.0,"turns":4.0},{"damage":1.0,"enemies":"Masked Bandits","floor":21.0,"turns":3.0},{"damage":0.0,"enemies":"Slavers","floor":25.0,"turns":3.0},{"damage":25.0,"enemies":"Centurion and Healer","floor":27.0,"turns":5.0},{"damage":0.0,"enemies":"Chosen and Byrds","floor":29.0,"turns":3.0},{"damage":35.0,"enemies":"Book of Stabbing","floor":30.0,"turns":5.0},{"damage":8.0,"enemies":"Colosseum Slavers","floor":31.0,"turns":3.0},{"damage":0.0,"enemies":"Colosseum Nobs","floor":31.0,"turns":3.0},{"damage":31.0,"enemies":"Automaton","floor":33.0,"turns":7.0},{"damage":2.0,"enemies":"3 Darklings","floor":35.0,"turns":2.0},{"damage":4.0,"enemies":"Orb Walker","floor":37.0,"turns":3.0},{"damage":0.0,"enemies":"Mind Bloom Boss Battle","floor":38.0,"turns":6.0},{"damage":64.0,"enemies":"Nemesis","floor":40.0,"turns":7.0},{"damage":2.0,"enemies":"Giant Head","floor":44.0,"turns":7.0},{"damage":6.0,"enemies":"2 Orb Walkers","floor":45.0,"turns":5.0},{"damage":38.0,"enemies":"Nemesis","floor":46.0,"turns":7.0},{"damage":8.0,"enemies":"3 Darklings","floor":48.0,"turns":4.0},{"damage":12.0,"enemies":"Donu and Deca","floor":50.0,"turns":7.0},{"damage":18,"enemies":"Shield and Spear","floor":54,"turns":6},{"damage":86,"enemies":"The Heart","floor":55,"turns":5}],"seed_played":"-3738176088059396623","potions_obtained":[{"floor":4.0,"key":"Block Potion"},{"floor":6.0,"key":"SneckoOil"},{"floor":10.0,"key":"LiquidBronze"},{"floor":17.0,"key":"BlessingOfTheForge"},{"floor":21.0,"key":"SmokeBomb"},{"floor":27.0,"key":"Explosive Potion"},{"floor":29.0,"key":"Fruit Juice"},{"floor":30.0,"key":"Swift Potion"},{"floor":44.0,"key":"Strength Potion"},{"floor":46.0,"key":"Dexterity Potion"},{"floor":54,"key":"EssenceOfSteel"}],"is_trial":false,"path_per_floor":["M","?","?","M","$","E","R","E","T","M","$","T","M","?","R","B",null,"M","$","M","?","?","R","T","E","T","M","?","M","E","?","R","B",null,"M","?","M","?","$","E","?","R","T","E","?","E","$","M","R","B",null,"R","$","E","B"],"character_chosen":"RobotSpaceExplorer","items_purchased":["Medical Kit","Apotheosis","RobotSpaceExplorer:ExhaustFan","Strange Spoon","Peace Pipe","MealTicket"],"campfire_rested":3,"item_purchase_floors":[5,5,11,39,39,47],"current_hp_per_floor":[75,75,68,68,68,68,68,49,49,49,49,56,54,54,54,48,87,87,87,87,86,86,86,86,86,86,61,61,66,31,23,65,34,92,90,90,86,86,86,22,22,64,64,62,56,18,18,10,52,40,92,92,92,74,0,0],"gold":92,"neow_bonus":"THREE_ENEMY_KILL","is_daily":false,"chose_seed":false,"campfire_upgraded":2,"win_rate":0.0,"timestamp":1613203786,"path_taken":["M","?","?","M","$","E","R","E","T","M","?","?","?","?","R","BOSS","M","$","M","?","?","R","?","E","T","M","?","?","E","?","R","BOSS","M","?","?","?","$","E","?","R","T","E","?","E","$","M","R","BOSS","R","$","E","BOSS"],"items_purchased_type":["Relic","Card","Card","Relic","Relic","Relic"],"build_version":"2020-12-22","purchased_purges":3,"victory":false,"max_hp_per_floor":[75,75,75,75,75,75,75,75,75,75,75,82,82,82,82,82,87,87,87,87,87,87,87,87,87,87,87,87,92,92,92,92,92,92,92,92,92,92,92,92,92,92,92,92,92,92,92,92,92,92,92,92,92,92,92,92],"card_choices":[{"not_picked":["RobotSpaceExplorer:Blitz","RobotSpaceExplorer:PowerGlove"],"picked":"RobotSpaceExplorer:Probe","floor":1.0},{"not_picked":["RobotSpaceExplorer:PowerGlove","RobotSpaceExplorer:SwiftStep"],"picked":"RobotSpaceExplorer:Electropulse","floor":4.0},{"not_picked":["RobotSpaceExplorer:DoubleBlock","RobotSpaceExplorer:SelfCleaning"],"picked":"RobotSpaceExplorer:SurgingShield","floor":6.0},{"not_picked":["RobotSpaceExplorer:StunGrenade","RobotSpaceExplorer:SurgingStrike","RobotSpaceExplorer:PowerGlove"],"picked":"SKIP","floor":8.0},{"not_picked":["RobotSpaceExplorer:StunGrenade","RobotSpaceExplorer:SurgingStrike","RobotSpaceExplorer:PowerGlove"],"picked":"SKIP","floor":8.0},{"not_picked":["RobotSpaceExplorer:Ammunition","RobotSpaceExplorer:ToxicBomb","RobotSpaceExplorer:ShovelStrike"],"picked":"SKIP","floor":10.0},{"not_picked":["RobotSpaceExplorer:SurgingStrike","RobotSpaceExplorer:FranticSearch","RobotSpaceExplorer:ShovelStrike"],"picked":"SKIP","floor":13.0},{"not_picked":["RobotSpaceExplorer:Explosion","RobotSpaceExplorer:Comet"],"picked":"RobotSpaceExplorer:Asteroid","floor":16.0},{"not_picked":["RobotSpaceExplorer:Reload","RobotSpaceExplorer:Fix"],"picked":"RobotSpaceExplorer:Discharger","floor":17.0},{"not_picked":["RobotSpaceExplorer:ShovelStrike","RobotSpaceExplorer:FranticSearch"],"picked":"RobotSpaceExplorer:ScrapMissile","floor":18.0},{"not_picked":["RobotSpaceExplorer:DoubleFind","RobotSpaceExplorer:SwiftStep"],"picked":"RobotSpaceExplorer:StunGrenade+1","floor":20.0},{"not_picked":["RobotSpaceExplorer:FranticSearch+1","RobotSpaceExplorer:GlueSpray"],"picked":"RobotSpaceExplorer:SurgingStrike+1","floor":21.0},{"not_picked":["RobotSpaceExplorer:SurgingShield+1","RobotSpaceExplorer:Pulsar"],"picked":"RobotSpaceExplorer:HighVoltage","floor":25.0},{"not_picked":["RobotSpaceExplorer:DoubleFind","RobotSpaceExplorer:SlimeMissile+1"],"picked":"RobotSpaceExplorer:MiniDrones","floor":27.0},{"not_picked":["RobotSpaceExplorer:ShovelStrike+1","RobotSpaceExplorer:Pulsar+1","RobotSpaceExplorer:DoubleBlock"],"picked":"SKIP","floor":29.0},{"not_picked":["RobotSpaceExplorer:LuckyStrike","RobotSpaceExplorer:GlueShot+1","RobotSpaceExplorer:RigExplosive"],"picked":"SKIP","floor":30.0},{"not_picked":["RobotSpaceExplorer:LuckyStrike","RobotSpaceExplorer:GlueShot+1"],"picked":"RobotSpaceExplorer:RigExplosive","floor":30.0},{"not_picked":["RobotSpaceExplorer:Comet","RobotSpaceExplorer:HighVoltage"],"picked":"RobotSpaceExplorer:Blaster","floor":33.0},{"not_picked":["RobotSpaceExplorer:Counterblock+1","RobotSpaceExplorer:Probe+1"],"picked":"RobotSpaceExplorer:ShockKick+1","floor":35.0},{"not_picked":["RobotSpaceExplorer:SlimeMissile+1","RobotSpaceExplorer:PowerGlove+1","RobotSpaceExplorer:StarDust+1"],"picked":"SKIP","floor":37.0},{"not_picked":["RobotSpaceExplorer:Scanner+1","RobotSpaceExplorer:JunkDive"],"picked":"RobotSpaceExplorer:ExhaustFan+1","floor":40.0},{"not_picked":["RobotSpaceExplorer:Smokescreen","RobotSpaceExplorer:ShovelStrike"],"picked":"RobotSpaceExplorer:IronShell+1","floor":44.0},{"not_picked":["RobotSpaceExplorer:Probe+1","RobotSpaceExplorer:GlueSpray"],"picked":"RobotSpaceExplorer:GearShield+1","floor":46.0},{"not_picked":["RobotSpaceExplorer:ToxicBomb","RobotSpaceExplorer:Ammunition"],"picked":"RobotSpaceExplorer:MiniDrones+1","floor":48.0},{"not_picked":["RobotSpaceExplorer:JunkDive+1","RobotSpaceExplorer:GlueShot","RobotSpaceExplorer:ScrapMissile+1"],"picked":"SKIP","floor":54}],"player_experience":269430,"relics_obtained":[{"floor":6.0,"key":"Du-Vu Doll"},{"floor":8.0,"key":"Gremlin Horn"},{"floor":12.0,"key":"Strawberry"},{"floor":21.0,"key":"Red Mask"},{"floor":24.0,"key":"Frozen Egg 2"},{"floor":25.0,"key":"Vajra"},{"floor":26.0,"key":"Regal Pillow"},{"floor":30.0,"key":"PreservedInsect"},{"floor":31.0,"key":"StoneCalendar"},{"floor":31.0,"key":"Matryoshka"},{"floor":38.0,"key":"Gambling Chip"},{"floor":40.0,"key":"Juzu Bracelet"},{"floor":43.0,"key":"War Paint"},{"floor":43.0,"key":"Sundial"},{"floor":44.0,"key":"Blue Candle"},{"floor":45.0,"key":"Dead Branch"},{"floor":46.0,"key":"Molten Egg 2"},{"floor":54,"key":"Boot"}],"event_choices":[{"damage_healed":0.0,"max_hp_gain":0.0,"max_hp_loss":0.0,"gold_gain":175.0,"event_name":"Liars Game","player_choice":"AGREE","floor":2.0,"gold_loss":0.0,"damage_taken":0.0,"cards_obtained":["Doubt"]},{"cards_removed":["Doubt"],"damage_healed":0.0,"max_hp_gain":0.0,"max_hp_loss":0.0,"gold_gain":0.0,"event_name":"Golden Wing","player_choice":"Card Removal","floor":3.0,"gold_loss":0.0,"damage_taken":7.0},{"damage_healed":0.0,"max_hp_gain":0.0,"max_hp_loss":0.0,"gold_gain":0.0,"event_name":"Shining Light","player_choice":"Ignored","floor":14.0,"gold_loss":0.0,"damage_taken":0.0},{"damage_healed":0.0,"max_hp_gain":0.0,"max_hp_loss":0.0,"gold_gain":0.0,"event_name":"Masked Bandits","player_choice":"Fought Bandits","floor":21.0,"gold_loss":0.0,"damage_taken":0.0},{"damage_healed":0.0,"max_hp_gain":0.0,"max_hp_loss":0.0,"gold_gain":0.0,"event_name":"Ghosts","player_choice":"Ignored","floor":22.0,"gold_loss":0.0,"damage_taken":0.0},{"damage_healed":0.0,"max_hp_gain":0.0,"max_hp_loss":0.0,"gold_gain":0.0,"cards_transformed":["RobotSpaceExplorer:Defend"],"event_name":"Transmorgrifier","player_choice":"Transformed","floor":28.0,"gold_loss":0.0,"damage_taken":0.0,"cards_obtained":["RobotSpaceExplorer:DualCore"]},{"damage_healed":0.0,"max_hp_gain":0.0,"max_hp_loss":0.0,"gold_gain":0.0,"event_name":"Colosseum","player_choice":"Fight","floor":31.0,"gold_loss":0.0,"damage_taken":0.0},{"damage_healed":0.0,"max_hp_gain":0.0,"max_hp_loss":0.0,"gold_gain":0.0,"event_name":"Colosseum","player_choice":"Fought Nobs","floor":31.0,"gold_loss":0.0,"damage_taken":0.0},{"damage_healed":0.0,"max_hp_gain":0.0,"max_hp_loss":0.0,"gold_gain":0.0,"event_name":"Match and Keep!","player_choice":"1 cards matched","floor":36.0,"gold_loss":0.0,"damage_taken":0.0,"cards_obtained":["RobotSpaceExplorer:MiniBoosters"]},{"damage_healed":0.0,"max_hp_gain":0.0,"max_hp_loss":0.0,"gold_gain":0.0,"event_name":"MindBloom","player_choice":"Fight","floor":38.0,"gold_loss":0.0,"damage_taken":0.0},{"cards_removed":["RobotSpaceExplorer:Scan"],"damage_healed":0.0,"max_hp_gain":0.0,"max_hp_loss":0.0,"gold_gain":0.0,"event_name":"Bonfire Elementals","player_choice":"Offered Basic","floor":41.0,"gold_loss":0.0,"damage_taken":0.0},{"damage_healed":0.0,"max_hp_gain":0.0,"max_hp_loss":0.0,"gold_gain":0.0,"event_name":"Mysterious Sphere","player_choice":"Fight","floor":45.0,"gold_loss":0.0,"damage_taken":0.0}],"is_beta":false,"boss_relics":[{"not_picked":["Velvet Choker","Runic Pyramid"],"picked":"Tiny House"},{"not_picked":["Runic Dome","Busted Crown"],"picked":"Fusion Hammer"}],"items_purged_floors":[11,19,39],"is_endless":false,"potions_floor_spawned":[4,6,10,21,27,29,30,35,44,46,54],"killed_by":"The Heart","ascension_level":0}}