{"host":"kg61lsvem4dxoat8","time":1613191232,"event":{"mods":["AchievementEnabler","BaseMod","Better Altar","Better Match","Better Sensory Stone","Better Skull","Block Reminder","Highlight Path","Minty Spire (QoL Compilation)","Quick Restart","Rare Cards Sparkle","Relic Sorter","Relic Stats","StSLib","Synergy Search","slay the spire mod where everything is the same but ironclad has a cowboy hat"],"gold_per_floor":[117,87,106,116,116,116,143,143,143,68,68,102,102,121,121,121,121],"floor_reached":16,"language":"ENG","playtime":254,"items_purged":["Strike_G"],"score":216,"play_id":"dabd2a42-b37d-4533-bc76-6739258a98cd","local_time":"20210213124032","is_ascension_mode":true,"campfire_choices":[{"data":"Noxious Fumes","floor":6,"key":"SMITH"},{"data":"Blade Dance","floor":8,"key":"SMITH"},{"floor":11,"key":"REST"},{"data":"Accuracy","floor":15,"key":"SMITH"}],"circlet_count":0,"master_deck":["AscendersBane","Strike_G","Strike_G","Strike_G","Strike_G","Defend_G","Defend_G+1","Defend_G","Defend_G","Defend_G","Survivor+1","Neutralize","Noxious Fumes+1","Blade Dance+1","Accuracy+1"],"relics":["Ring of the Snake","NeowsBlessing","WingedGreaves","Happy Flower","Tingsha","War Paint"],"acts_visited":["Exordium"],"potions_floor_usage":[2,7,12],"damage_taken":[{"damage":0,"enemies":"2 Louse","floor":1,"turns":1},{"damage":0,"enemies":"Cultist","floor":3,"turns":1},{"damage":0,"enemies":"Small Slimes","floor":4,"turns":1},{"damage":29,"enemies":"Gremlin Nob","floor":7,"turns":4},{"damage":12,"enemies":"3 Sentries","floor":12,"turns":7},{"damage":20,"enemies":"Exordium Wildlife","floor":14,"turns":3},{"damage":33,"enemies":"Slime Boss","floor":16,"turns":3}],"seed_played":"3197389596703311329","potions_obtained":[{"floor":2,"key":"Fruit Juice"},{"floor":2,"key":"Fire Potion"},{"floor":4,"key":"FairyPotion"},{"floor":7,"key":"GamblersBrew"}],"is_trial":false,"path_per_floor":["M","?","M","M","?","R","E","R","T","$","R","E","?","M","R","B"],"character_chosen":"THE_SILENT","items_purchased":[],"campfire_rested":1,"item_purchase_floors":[],"current_hp_per_floor":[59,64,64,64,38,38,9,9,9,9,30,18,18,21,21,0,0],"gold":121,"neow_bonus":"THREE_ENEMY_KILL","is_daily":false,"chose_seed":false,"campfire_upgraded":3,"win_rate":0.0,"timestamp":1613191232,"path_taken":["M","?","?","M","?","R","E","R","T","?","R","E","?","?","R","BOSS"],"items_purchased_type":[],"build_version":"2020-12-22","purchased_purges":1,"victory":false,"max_hp_per_floor":[66,71,71,71,71,71,71,71,71,71,71,71,71,71,71,71,71],"relic_stats":{"Happy Flower":[4],"counters":[7,20],"Tingsha":[18],"War Paint":["Defend_G","Survivor"],"obtain_stats":[{"NeowsBlessing":0,"Happy Flower":7,"Tingsha":9,"WingedGreaves":5,"War Paint":12,"Ring of the Snake":0},{"NeowsBlessing":0,"Happy Flower":4,"Tingsha":4,"WingedGreaves":3,"War Paint":5,"Ring of the Snake":0},{"NeowsBlessing":0,"Happy Flower":7,"Tingsha":7,"WingedGreaves":3,"War Paint":14,"Ring of the Snake":0}],"Ring of the Snake":[14]},"card_choices":[{"not_picked":["PiercingWail","Backflip","Sucker Punch"],"picked":"SKIP","floor":1},{"not_picked":["Deflect","Flechettes"],"picked":"Noxious Fumes","floor":3},{"not_picked":["Accuracy","Dagger Spray"],"picked":"Blade Dance","floor":4},{"not_picked":["PiercingWail","Sucker Punch"],"picked":"Accuracy","floor":7},{"not_picked":["Backflip","Flechettes","Tools of the Trade"],"picked":"SKIP","floor":12},{"not_picked":["Quick Slash","Backflip","Heel Hook"],"picked":"SKIP","floor":14}],"player_experience":1524663,"relics_obtained":[{"floor":7,"key":"Happy Flower"},{"floor":9,"key":"Tingsha"},{"floor":12,"key":"War Paint"}],"event_choices":[{"damage_healed":0,"gold_gain":0,"player_choice":"Bought 2 Potions","damage_taken":0,"max_hp_gain":0,"max_hp_loss":0,"event_name":"The Woman in Blue","floor":2,"gold_loss":0},{"damage_healed":0,"gold_gain":0,"player_choice":"Success","damage_taken":26,"relics_obtained":["WingedGreaves"],"max_hp_gain":0,"max_hp_loss":0,"event_name":"Scrap Ooze","floor":5,"gold_loss":0},{"damage_healed":0,"gold_gain":0,"player_choice":"Ignored","damage_taken":0,"max_hp_gain":0,"max_hp_loss":0,"event_name":"Shining Light","floor":13,"gold_loss":0}],"is_beta":false,"boss_relics":[],"items_purged_floors":[10],"is_endless":false,"potions_floor_spawned":[4,7],"killed_by":"Slime Boss","ascension_level":20}}