{"host":"zxkjcgzis4pm3za5","time":1613227179,"event":{"mods":["AchievementEnabler","BaseMod","Colored Map","Colored Powertips","Minty Spire (QoL Compilation)","Quick Restart","Random Character Button","Relic Sorter","Relic Stats","StSLib"],"gold_per_floor":[112,112,112,8,19,19,33,33,33,64,64,82,101,135,135,135,135],"floor_reached":16,"language":"ENG","playtime":592,"items_purged":["Defend_G"],"score":220,"play_id":"bd4d1c12-b2d5-4a66-a195-751dbc21dddc","local_time":"20210213200939","is_ascension_mode":true,"campfire_choices":[{"data":"Blade Dance","floor":6,"key":"SMITH"},{"data":"Acrobatics","floor":8,"key":"SMITH"},{"floor":11,"key":"REST"},{"data":"Tactician","floor":15,"key":"SMITH"}],"circlet_count":0,"master_deck":["AscendersBane","Strike_G","Strike_G","Strike_G","Strike_G","Defend_G","Defend_G","Defend_G","Defend_G","Survivor","Neutralize+1","Quick Slash","Blade Dance+1","Acrobatics+1","Escape Plan","Masterful Stab","Phantasmal Killer","Sucker Punch","Tactician+1"],"relics":["Ring of the Snake","Letter Opener","Matryoshka","Incense Burner","Tingsha"],"acts_visited":["Exordium"],"potions_floor_usage":[10,14,16],"damage_taken":[{"damage":5,"enemies":"Cultist","floor":1,"turns":4},{"damage":0,"enemies":"2 Louse","floor":5,"turns":2},{"damage":4,"enemies":"Jaw Worm","floor":7,"turns":3},{"damage":17,"enemies":"Lagavulin","floor":10,"turns":7},{"damage":1,"enemies":"3 Louse","floor":12,"turns":4},{"damage":0,"enemies":"2 Fungi Beasts","floor":13,"turns":2},{"damage":2,"enemies":"3 Sentries","floor":14,"turns":3},{"damage":24,"enemies":"Hexaghost","floor":16,"turns":11}],"seed_played":"-674935680887198512","potions_obtained":[{"floor":1,"key":"Dexterity Potion"},{"floor":7,"key":"LiquidMemories"},{"floor":14,"key":"EssenceOfSteel"}],"is_trial":false,"path_per_floor":["M","?","?","$","M","R","M","R","T","E","R","M","M","E","R","B"],"character_chosen":"THE_SILENT","items_purchased":["Acrobatics"],"campfire_rested":1,"item_purchase_floors":[4],"current_hp_per_floor":[54,28,28,28,28,28,24,24,24,7,26,25,25,23,23,0,0],"gold":135,"neow_bonus":"UPGRADE_CARD","is_daily":false,"chose_seed":false,"campfire_upgraded":3,"win_rate":0.0,"timestamp":1613227179,"path_taken":["M","?","?","?","M","R","M","R","T","E","R","M","M","E","R","BOSS"],"items_purchased_type":["Card"],"build_version":"2020-12-22","purchased_purges":1,"victory":false,"max_hp_per_floor":[66,66,66,66,66,66,66,66,66,66,66,66,66,66,66,66,66],"relic_stats":{"counters":[8,36],"Tingsha":[12],"Letter Opener":[95],"obtain_stats":[{"Matryoshka":9,"Tingsha":14,"Incense Burner":10,"Letter Opener":2,"Ring of the Snake":0},{"Matryoshka":3,"Tingsha":7,"Incense Burner":4,"Letter Opener":1,"Ring of the Snake":0},{"Matryoshka":9,"Tingsha":25,"Incense Burner":16,"Letter Opener":4,"Ring of the Snake":0}],"Ring of the Snake":[16]},"card_choices":[{"not_picked":["Leg Sweep","Cloak And Dagger"],"picked":"Quick Slash","floor":1},{"not_picked":["Well Laid Plans","Concentrate","Caltrops"],"picked":"SKIP","floor":5},{"not_picked":["Skewer","Bouncing Flask"],"picked":"Escape Plan","floor":7},{"not_picked":["Skewer","Quick Slash"],"picked":"Masterful Stab","floor":10},{"not_picked":["Outmaneuver","Blur"],"picked":"Phantasmal Killer","floor":12},{"not_picked":["Riddle With Holes","Choke"],"picked":"Sucker Punch","floor":13},{"not_picked":["Dagger Spray","Deadly Poison"],"picked":"Tactician","floor":14}],"player_experience":364345,"relics_obtained":[{"floor":9,"key":"Matryoshka"},{"floor":10,"key":"Incense Burner"},{"floor":14,"key":"Tingsha"}],"event_choices":[{"damage_healed":0,"gold_gain":0,"player_choice":"Success","damage_taken":26,"relics_obtained":["Letter Opener"],"max_hp_gain":0,"max_hp_loss":0,"event_name":"Scrap Ooze","floor":2,"gold_loss":0},{"damage_healed":0,"gold_gain":0,"cards_transformed":["Strike_G"],"player_choice":"Change","damage_taken":0,"max_hp_gain":0,"max_hp_loss":0,"event_name":"Living Wall","floor":3,"gold_loss":0,"cards_obtained":["Blade Dance"]}],"is_beta":false,"boss_relics":[],"items_purged_floors":[4],"is_endless":false,"potions_floor_spawned":[1,7,14],"killed_by":"Hexaghost","ascension_level":20}}