{"host":"og21o26alpnbwmz8","time":1613241159,"event":{"mods":["Act Like it!","Aspiration","Astrologer","BaseMod","Conspire","Downfall","Gensokyo","Halation","Hubris","Jedi Mod","Mimic Mod","Minty Spire (QoL Compilation)","Pale of the Ancients","Reliquary","Replay The Spire","Shop Mod","Spikes Relics","StSLib","The Alterego","The Blue Laboratory","The Poker Player","The Witch","Waifu the Spire","Yuri Mod"],"gold_per_floor":[99,117,117,128,128,159,208,218,246,46,66,81,81,96,114,114,114,114],"floor_reached":16,"language":"ENG","playtime":494,"items_purged":[],"score":139,"play_id":"904a83b8-bf2e-480f-a26b-fcefb4422221","local_time":"20210213133239","is_ascension_mode":false,"campfire_choices":[{"data":"champ:Taunt","floor":1,"key":"SMITH"},{"data":"champ:FaceSlap","floor":10,"key":"SMITH"},{"data":"champ:AdrenalArmor","floor":13,"key":"SMITH"}],"circlet_count":0,"master_deck":["champ:Strike","champ:Strike","champ:Strike","champ:Strike","champ:Defend","champ:Defend","champ:Defend","champ:Defend","champ:Execute","champ:Taunt+1","champ:DeathBlow","champ:EndlessRage","champ:FaceSlap+1","champ:BerserkersShout","champ:ShieldSigil","champ:AdrenalArmor+1","champ:FanOfKnives"],"relics":["champ:ChampionCrown","NeowsBlessing","hubris:Towel","Lantern","reliquary:JackalopeAntler","downfall:HeartBlessingGreen","downfall:HeartBlessingBlue"],"acts_visited":["Exordium"],"potions_floor_usage":[16],"damage_taken":[{"damage":0,"enemies":"Gensokyo:2_Kodama","floor":2,"turns":1},{"damage":0,"enemies":"Gensokyo:Gryphon","floor":4,"turns":1},{"damage":0,"enemies":"Gensokyo:Aya","floor":6,"turns":1},{"damage":20,"enemies":"Gensokyo:3_Fairies","floor":8,"turns":3},{"damage":87,"enemies":"Gensokyo:Cirno","floor":9,"turns":8},{"damage":15,"enemies":"Gensokyo:LivingMonolith","floor":11,"turns":2},{"damage":53,"enemies":"Gensokyo:3_Kodama","floor":12,"turns":6},{"damage":10,"enemies":"Gensokyo:CorruptedTreant","floor":14,"turns":3},{"damage":20,"enemies":"Gensokyo:LivingMonolith","floor":15,"turns":2},{"damage":80,"enemies":"WA_ARCHETYPE_RETAIN","floor":16,"turns":6}],"seed_played":"350656646581134532","potions_obtained":[{"floor":4,"key":"Dexterity Potion"},{"floor":6,"key":"hexamod:SoulburnPotion"},{"floor":11,"key":"blueLaboratory:Moonshine"}],"is_trial":false,"path_per_floor":["R","M","?","M","?","E","T","M","E","R","M","M","R","M","M","B"],"character_chosen":"THE_CHAMP","items_purchased":[],"campfire_rested":0,"item_purchase_floors":[],"current_hp_per_floor":[90,90,90,90,90,90,90,90,38,48,48,38,38,38,38,0,0,0],"gold":114,"neow_bonus":"THREE_ENEMY_KILL","is_daily":false,"chose_seed":false,"campfire_upgraded":3,"win_rate":0.0,"timestamp":1613241159,"path_taken":["R","M","?","M","?","E","T","M","E","R","M","M","R","?","M","BOSS"],"items_purchased_type":[],"build_version":"2020-12-22","purchased_purges":0,"victory":false,"max_hp_per_floor":[90,90,90,90,90,90,90,90,90,100,100,100,100,100,100,100,100,100],"card_choices":[{"not_picked":["champ:FanOfKnives","champ:ArenaPreparation"],"picked":"champ:DeathBlow","floor":2},{"not_picked":["champ:PreciseThrust","champ:CrownThrow"],"picked":"champ:EndlessRage","floor":4},{"not_picked":["champ:GladiatorForm","champ:ArenaPreparation"],"picked":"champ:FaceSlap","floor":6},{"not_picked":["champ:FocusedDefense","champ:CrownThrow"],"picked":"champ:BerserkersShout","floor":8},{"not_picked":["champ:BerserkersShout","champ:DefensiveShout"],"picked":"champ:ShieldSigil","floor":9},{"not_picked":["champ:RapidStrikes","champ:StanceDance"],"picked":"champ:AdrenalArmor","floor":11},{"not_picked":["champ:PerfectedStrike","champ:PreciseThrust"],"picked":"champ:FanOfKnives","floor":12},{"not_picked":["champ:ShieldSigil","champ:BladeFlurry","champ:DefensiveStyle"],"picked":"SKIP","floor":14},{"not_picked":["champ:ShieldThrow","champ:SkillfulDodge","champ:BringItOn"],"picked":"SKIP","floor":15}],"player_experience":272621,"relics_obtained":[{"floor":6,"key":"Lantern"},{"floor":9,"key":"reliquary:JackalopeAntler"}],"event_choices":[],"is_beta":false,"boss_relics":[],"items_purged_floors":[],"is_endless":false,"potions_floor_spawned":[4,6,11,12],"killed_by":"WA_ARCHETYPE_RETAIN","ascension_level":0}}