{"host":"5z7rhcocprldured","time":1613245053,"event":{"mods":["2.2 Compatiblity","AchievementEnabler","AlwaysNeverKeys","BaseMod","Best Route Mod","Better Altar","Better Match","Better Note","Better Sensory Stone","Better Skull","Better Third Choice","BetterRewards","Block Reminder","Colored Map","Colored Powertips","Displayed Cursed Tome","Downfall","Emptier Cage","Energized Spire","Minty Spire (QoL Compilation)","Permanent Neow","Rare Cards Sparkle","SacredBarkPlus","Spicy Shops","StSLib","Synergy Search","Unceasing Turn Reminder"],"gold_per_floor":[110,110,110,70,88,88,99,99,99,125,144,144,161,171,171,270,270,287,61,80,95,112,112,112,112],"floor_reached":24,"language":"ENG","playtime":926,"items_purged":["Strike_P","Strike_P"],"score":300,"play_id":"a3f7b2f4-d1d4-43a5-aa2c-15bc5bedb632","local_time":"20210213193733","is_ascension_mode":false,"campfire_choices":[{"data":"Vigilance","floor":6,"key":"SMITH"},{"data":"Perseverance","floor":8,"key":"SMITH"},{"data":"Alpha","floor":12,"key":"SMITH"},{"floor":15,"key":"REST"},{"floor":23,"key":"REST"}],"circlet_count":0,"master_deck":["Strike_P","Strike_P","Defend_P","Defend_P","Defend_P+1","Defend_P+1","Eruption+1","Vigilance+1","CutThroughFate","Crescendo","Perseverance+1","Alpha+1","FlyingSleeves","Study","MasterReality","Blasphemy","FlurryOfBlows","LessonLearned","Protect","SignatureMove+1","ClearTheMind+1","Halt+1"],"relics":["PureWater","Vajra","HandDrill","Turnip","HornCleat","Sozu"],"acts_visited":["Exordium","TheCity"],"potions_floor_usage":[10,10,10],"damage_taken":[{"damage":0,"enemies":"Small Slimes","floor":1,"turns":2},{"damage":0,"enemies":"Jaw Worm","floor":5,"turns":3},{"damage":0,"enemies":"Cultist","floor":7,"turns":2},{"damage":15,"enemies":"Lagavulin","floor":10,"turns":7},{"damage":0,"enemies":"Gremlin Gang","floor":11,"turns":4},{"damage":4,"enemies":"Large Slime","floor":13,"turns":3},{"damage":19,"enemies":"Exordium Thugs","floor":14,"turns":5},{"damage":19,"enemies":"Slime Boss","floor":16,"turns":8},{"damage":6,"enemies":"3 Byrds","floor":18,"turns":4},{"damage":19,"enemies":"2 Thieves","floor":20,"turns":4},{"damage":10,"enemies":"Chosen and Byrds","floor":21,"turns":6},{"damage":17,"enemies":"Centurion and Healer","floor":22,"turns":6},{"damage":10,"enemies":"Book of Stabbing","floor":24,"turns":4}],"seed_played":"-3393212417396121530","potions_obtained":[{"floor":4,"key":"Dexterity Potion"},{"floor":4,"key":"EssenceOfSteel"},{"floor":4,"key":"Weak Potion"},{"floor":13,"key":"Dexterity Potion"}],"is_trial":false,"path_per_floor":["M","?","?","?","M","R","M","R","T","E","M","R","M","M","R","B",null,"M","$","M","M","M","R","E"],"character_chosen":"WATCHER","items_purchased":["Vajra","HandDrill","LessonLearned","Protect"],"campfire_rested":2,"item_purchase_floors":[0,0,19,19],"current_hp_per_floor":[72,72,58,58,58,58,58,58,58,43,43,43,39,20,41,22,72,66,66,47,37,20,41,31,31],"gold":112,"neow_bonus":"","is_daily":false,"chose_seed":false,"campfire_upgraded":3,"win_rate":0.0,"timestamp":1613245053,"path_taken":["M","?","?","?","M","R","M","R","T","E","M","R","?","M","R","BOSS","M","$","M","?","M","R","E"],"items_purchased_type":["Relic","Relic","Card","Card"],"build_version":"2020-12-22","purchased_purges":2,"victory":false,"max_hp_per_floor":[72,72,72,72,72,72,72,72,72,72,72,72,72,72,72,72,72,72,72,72,72,72,72,72,72],"card_choices":[{"not_picked":["CrushJoints","Evaluate"],"picked":"CutThroughFate","floor":1},{"not_picked":["WaveOfTheHand","FollowUp"],"picked":"Crescendo","floor":5},{"not_picked":["Evaluate","ForeignInfluence"],"picked":"Perseverance","floor":7},{"not_picked":["CrushJoints","PathToVictory"],"picked":"Alpha","floor":10},{"not_picked":["SashWhip","Crescendo"],"picked":"FlyingSleeves","floor":11},{"not_picked":["Evaluate","PathToVictory"],"picked":"Study","floor":13},{"not_picked":["Swivel","Consecrate"],"picked":"MasterReality","floor":14},{"not_picked":["Brilliance","Judgement"],"picked":"Blasphemy","floor":16},{"not_picked":["Sanctity","SashWhip"],"picked":"FlurryOfBlows","floor":18},{"not_picked":["EmptyFist+1","Swivel"],"picked":"SignatureMove+1","floor":20},{"not_picked":["Halt+1","Evaluate"],"picked":"ClearTheMind+1","floor":21},{"not_picked":["ClearTheMind+1","PathToVictory+1"],"picked":"Halt+1","floor":22}],"player_experience":179134,"relics_obtained":[{"floor":9,"key":"Turnip"},{"floor":10,"key":"HornCleat"}],"event_choices":[{"damage_healed":0,"gold_gain":0,"player_choice":"Grow","damage_taken":0,"max_hp_gain":0,"max_hp_loss":0,"event_name":"Living Wall","floor":2,"gold_loss":0,"cards_upgraded":["Eruption"]},{"damage_healed":72,"gold_gain":0,"player_choice":"Upgrade","damage_taken":14,"max_hp_gain":0,"max_hp_loss":72,"event_name":"betterThird:BetterShining","floor":3,"gold_loss":0,"cards_upgraded":["Defend_P","Defend_P"]},{"damage_healed":0,"gold_gain":0,"player_choice":"Bought 3 Potions","damage_taken":0,"max_hp_gain":0,"max_hp_loss":0,"event_name":"The Woman in Blue","floor":4,"gold_loss":0}],"is_beta":false,"boss_relics":[{"not_picked":["SacredBark","VioletLotus"],"picked":"Sozu"}],"items_purged_floors":[0,19],"is_endless":false,"potions_floor_spawned":[5,13],"killed_by":"Book of Stabbing","ascension_level":0}}