{"host":"7l2t4psy44vpcd9q","time":1613232603,"event":{"mods":["AchievementEnabler","BaseMod","DeckTracker","Minty Spire (QoL Compilation)","SuperFastMode"],"gold_per_floor":[10,22,22,36,115,115,189,71,121,155,176,189,224,63,63,162,162,183,197,197,197,211,211,250,263,310,323,323,323,341,360,360,360,360],"floor_reached":33,"language":"KOR","playtime":1299,"items_purged":["Strike_R"],"score":583,"play_id":"9a490e53-8db7-4193-aef3-d17f4ad2d59a","local_time":"20210214011003","is_ascension_mode":true,"campfire_choices":[{"data":"Armaments","floor":6,"key":"SMITH"},{"data":"Hemokinesis","floor":15,"key":"SMITH"},{"data":"Immolate","floor":23,"key":"SMITH"},{"data":"True Grit","floor":29,"key":"SMITH"},{"floor":32,"key":"REST"}],"circlet_count":0,"master_deck":["AscendersBane","Strike_R","Strike_R","Strike_R","Defend_R","Defend_R","Defend_R","Bash","True Grit+1","Feed","Uppercut","Hemokinesis+1","Armaments+1","Whirlwind","Flex","Power Through","Clothesline","Immolate+1","Sever Soul+1","Spot Weakness","Impervious","Sword Boomerang","Reaper"],"relics":["Burning Blood","Bloody Idol","Meat on the Bone","Bronze Scales","Eternal Feather","Sundial","Lantern","Runic Pyramid","Centennial Puzzle","Juzu Bracelet"],"acts_visited":["Exordium","TheCity"],"potions_floor_usage":[10,13,16,24,33,33],"damage_taken":[{"damage":0,"enemies":"2 Louse","floor":1,"turns":3},{"damage":13,"enemies":"Small Slimes","floor":2,"turns":3},{"damage":2,"enemies":"Jaw Worm","floor":4,"turns":3},{"damage":8,"enemies":"Gremlin Nob","floor":10,"turns":3},{"damage":13,"enemies":"Lots of Slimes","floor":11,"turns":3},{"damage":12,"enemies":"Red Slaver","floor":12,"turns":2},{"damage":44,"enemies":"Lagavulin","floor":13,"turns":5},{"damage":56,"enemies":"Hexaghost","floor":16,"turns":9},{"damage":20,"enemies":"2 Thieves","floor":18,"turns":3},{"damage":2,"enemies":"Chosen","floor":19,"turns":4},{"damage":5,"enemies":"Snake Plant","floor":22,"turns":3},{"damage":28,"enemies":"Slavers","floor":24,"turns":4},{"damage":31,"enemies":"Cultist and Chosen","floor":25,"turns":7},{"damage":46,"enemies":"Shelled Parasite and Fungi","floor":27,"turns":4},{"damage":11,"enemies":"Centurion and Healer","floor":30,"turns":7},{"damage":50,"enemies":"Sentry and Sphere","floor":31,"turns":8},{"damage":104,"enemies":"Champ","floor":33,"turns":18}],"seed_played":"-3075648800606900089","potions_obtained":[{"floor":1,"key":"PowerPotion"},{"floor":11,"key":"BloodPotion"},{"floor":13,"key":"SneckoOil"},{"floor":16,"key":"Ancient Potion"},{"floor":22,"key":"Regen Potion"},{"floor":30,"key":"LiquidBronze"}],"is_trial":false,"path_per_floor":["M","M","?","M","?","R","T","$","T","E","M","M","E","$","R","B",null,"M","M","?","?","M","R","E","M","T","M","?","R","M","M","R","B"],"character_chosen":"IRONCLAD","items_purchased":["Whirlwind","Lantern"],"campfire_rested":1,"item_purchase_floors":[8,14],"current_hp_per_floor":[77,73,45,49,49,49,49,49,49,47,52,58,48,48,57,19,66,56,64,64,64,68,80,73,63,63,39,39,51,66,45,89,0,0],"gold":360,"neow_bonus":"TRANSFORM_TWO_CARDS","is_daily":false,"chose_seed":false,"campfire_upgraded":4,"win_rate":0.0,"timestamp":1613232603,"path_taken":["M","M","?","M","?","R","?","$","T","E","?","M","E","$","R","BOSS","M","M","?","?","M","R","E","M","T","M","?","R","M","M","R","BOSS"],"items_purchased_type":["Card","Relic"],"build_version":"2020-12-22","purchased_purges":1,"victory":false,"max_hp_per_floor":[78,81,81,81,81,81,81,81,81,81,81,81,81,81,81,81,81,85,89,89,89,92,92,95,98,98,102,102,102,105,109,109,109,109],"card_choices":[{"not_picked":["Perfected Strike","Hemokinesis"],"picked":"Uppercut","floor":1},{"not_picked":["Fire Breathing","Headbutt"],"picked":"Hemokinesis","floor":2},{"not_picked":["Warcry","Flex"],"picked":"Armaments","floor":4},{"not_picked":["Iron Wave","Havoc"],"picked":"Flex","floor":10},{"not_picked":["Heavy Blade","Reckless Charge","Sentinel"],"picked":"SKIP","floor":11},{"not_picked":["Armaments","Sword Boomerang"],"picked":"Power Through","floor":12},{"not_picked":["Thunderclap","Fiend Fire"],"picked":"Clothesline","floor":13},{"not_picked":["Juggernaut","Exhume"],"picked":"Immolate","floor":16},{"not_picked":["Dual Wield","Perfected Strike","Twin Strike"],"picked":"SKIP","floor":18},{"not_picked":["Warcry","Heavy Blade"],"picked":"Sever Soul+1","floor":19},{"not_picked":["Whirlwind","Flex"],"picked":"Spot Weakness","floor":22},{"not_picked":["Rupture","Intimidate+1"],"picked":"Impervious","floor":24},{"not_picked":["Evolve","Havoc"],"picked":"Sword Boomerang","floor":25},{"not_picked":["Cleave+1","Carnage","Pommel Strike"],"picked":"SKIP","floor":27},{"not_picked":["Wild Strike","Thunderclap"],"picked":"Reaper","floor":30},{"not_picked":["Metallicize","Perfected Strike+1","Flex"],"picked":"SKIP","floor":31}],"player_experience":1300582,"relics_obtained":[{"floor":7,"key":"Meat on the Bone"},{"floor":9,"key":"Bronze Scales"},{"floor":10,"key":"Eternal Feather"},{"floor":13,"key":"Sundial"},{"floor":24,"key":"Centennial Puzzle"},{"floor":26,"key":"Juzu Bracelet"}],"event_choices":[{"damage_healed":0,"gold_gain":0,"player_choice":"Take Damage","damage_taken":28,"relics_obtained":["Golden Idol"],"max_hp_gain":0,"max_hp_loss":0,"event_name":"Golden Idol","floor":3,"gold_loss":0},{"damage_healed":0,"gold_gain":79,"player_choice":"Gained Gold","damage_taken":0,"max_hp_gain":0,"max_hp_loss":0,"event_name":"Golden Wing","floor":5,"gold_loss":0},{"damage_healed":0,"gold_gain":0,"player_choice":"Ignored","damage_taken":0,"max_hp_gain":0,"max_hp_loss":0,"event_name":"Vampires","floor":20,"gold_loss":0},{"damage_healed":0,"gold_gain":0,"player_choice":"Ignored","damage_taken":0,"max_hp_gain":0,"max_hp_loss":0,"event_name":"Ghosts","floor":21,"gold_loss":0},{"damage_healed":0,"gold_gain":0,"player_choice":"Gave Idol","damage_taken":0,"relics_obtained":["Bloody Idol"],"max_hp_gain":0,"max_hp_loss":0,"event_name":"Forgotten Altar","floor":28,"relics_lost":["Golden Idol"],"gold_loss":0}],"is_beta":false,"boss_relics":[{"not_picked":["Empty Cage","Black Star"],"picked":"Runic Pyramid"}],"items_purged_floors":[8],"is_endless":false,"potions_floor_spawned":[1,11,13,16,22,30],"killed_by":"Champ","ascension_level":20}}