{"host":"xn06uctr5r79y44p","time":1613193641,"event":{"mods":["BaseMod","Downfall","Hermit","Hubris","Infinite Spire","Marisa????????","Minty Spire (QoL Compilation)","Replay The Spire","StSLib","The Animator","The Cursed","The Jungle","The Servant 0.9.4"],"gold_per_floor":[99,109,109,35,35,35,53,71,71,71,122,122,122,134,134,152,152,256,256,266,266,266],"floor_reached":21,"language":"ENG","playtime":1772,"items_purged":[],"score":169,"play_id":"964741ef-2fac-4694-9453-10984ce89972","local_time":"20210213002041","daily_mods":["Heirloom"],"is_ascension_mode":false,"campfire_choices":[{"floor":6,"key":"REST"},{"floor":13,"key":"REST"},{"data":"hermit:Shortfuse","floor":15,"key":"SMITH"},{"data":"hermit:Strike_Hermit","floor":17,"key":"SMITH"}],"circlet_count":0,"master_deck":["hermit:Strike_Hermit","hermit:Strike_Hermit+1","hermit:Strike_Hermit","hermit:Strike_Hermit","hermit:Defend_Hermit","hermit:Defend_Hermit","hermit:Defend_Hermit","hermit:Defend_Hermit","hermit:Snapshot","hermit:Covet","hermit:Ricochet","hermit:Snipe","hermit:Coalescence","hermit:LowProfile","hermit:Shortfuse+1","hermit:Enervate","hermit:Showdown","hermit:Purgatory","hermit:ItchyTrigger+1"],"relics":["hermit:Momento","Replay:Towering Pillar of Hats","hubris:Icosahedron","The Courier","Smiling Mask","Painkiller Herb"],"acts_visited":["Exordium","Exordium"],"potions_floor_usage":[12,18,18],"damage_taken":[{"damage":12,"enemies":"infinitespire:Voidling","floor":1,"turns":3},{"damage":2,"enemies":"Small Slimes","floor":2,"turns":3},{"damage":6,"enemies":"Jaw Worm","floor":7,"turns":3},{"damage":11,"enemies":"3 Louse","floor":8,"turns":5},{"damage":18,"enemies":"Exordium Thugs","floor":14,"turns":5},{"damage":0,"enemies":"Large Slime","floor":16,"turns":5},{"damage":43,"enemies":"The Guardian","floor":18,"turns":12},{"damage":54,"enemies":"theJungle:GiantWrat","floor":20,"turns":4}],"seed_played":"-6648030164382765968","potions_obtained":[{"floor":2,"key":"LifebloodPotion"},{"floor":12,"key":"SneckoOil"},{"floor":12,"key":"EntropicBrew"}],"is_trial":true,"path_per_floor":["M","M","?","$","?","R","M","M","PTL","PTL","T","?","R","M","R","M","R","B",null,"?","?"],"character_chosen":"HERMIT","items_purchased":["hermit:Snipe","hermit:Coalescence"],"campfire_rested":2,"item_purchase_floors":[4,4],"current_hp_per_floor":[67,65,65,65,53,75,69,58,58,58,58,58,75,57,57,57,57,14,75,21,0,0],"gold":266,"neow_bonus":"","is_daily":false,"chose_seed":false,"campfire_upgraded":2,"win_rate":0.0,"timestamp":1613193641,"path_taken":["M","?","?","$","?","R","M","M","PTL","PTL","T","?","R","M","R","M","R","BOSS","?","?"],"items_purchased_type":["Card","Card"],"build_version":"2020-12-22","purchased_purges":0,"victory":false,"max_hp_per_floor":[75,75,75,75,75,75,75,75,75,75,75,75,75,75,75,75,75,75,75,75,75,75],"card_choices":[{"not_picked":["hermit:HighCaliber","hermit:ShadowCloak","hermit:Manifest"],"picked":"SKIP","floor":1},{"not_picked":["hermit:Manifest","hermit:Quickdraw"],"picked":"hermit:Ricochet","floor":2},{"not_picked":["hermit:FullyLoaded","hermit:Headshot"],"picked":"hermit:LowProfile","floor":7},{"not_picked":["hermit:Dissolve","hermit:DeadMansHand"],"picked":"hermit:Shortfuse","floor":8},{"not_picked":["hermit:BodyArmor","hermit:Coalescence"],"picked":"hermit:Enervate","floor":14},{"not_picked":["hermit:Roulette","hermit:Vantage"],"picked":"hermit:Showdown","floor":16},{"not_picked":["hermit:OverwhelmingPower","hermit:EternalForm"],"picked":"hermit:Purgatory","floor":18},{"not_picked":["hermit:Deadeye","hermit:SprayPray"],"picked":"hermit:ItchyTrigger+1","floor":20}],"player_experience":34847,"relics_obtained":[{"floor":11,"key":"Smiling Mask"}],"event_choices":[{"damage_healed":0,"gold_gain":0,"player_choice":"Success","damage_taken":12,"relics_obtained":["The Courier"],"max_hp_gain":0,"max_hp_loss":0,"event_name":"Scrap Ooze","floor":5,"gold_loss":0},{"damage_healed":0,"gold_gain":0,"player_choice":"Got Potions","damage_taken":0,"max_hp_gain":0,"max_hp_loss":0,"event_name":"Lab","floor":12,"gold_loss":0}],"is_beta":false,"boss_relics":[{"not_picked":["infinitespire:Cupcake","hermit:DentedPlate"],"picked":"Painkiller Herb"}],"items_purged_floors":[],"is_endless":false,"potions_floor_spawned":[1,2,16],"killed_by":"theJungle:Flameango_and_Byrd","ascension_level":0}}