{"host":"xjhv9wpdn6d41lfo","time":1613230558,"event":{"mods":["Act Like it!","BaseMod","Infinite Spire","Marked Mod","Minty Spire (QoL Compilation)","StSLib"],"gold_per_floor":[100000,100016,99008,99008,98970,98970,98985,98985,98985,98985,98985,98098,98098,97272,97272,103696,103696,110446,117635,116585,124179,123330,123330,123330,131362,131411,131411,131411,139964,139964,149062,149062,158850,158850,169190,169190,168440,179405,191076,203514,203514,203614,203614,216861,216250,216250,230334,229901,229901,244946,244946,260874,277832,277832,277884,295959,315204,335696,335419,335419,335419,335419,335419,335519,357348,357348,380670,380670,405413,404901,431224,431224,430998,430998,431097,431097,431123,459148,489003,520782,520437,520458,520458,554376,554376,590414,628792,628830,628830,628873,628873,628859,628859],"floor_reached":92,"language":"ZHS","playtime":5548,"items_purged":["Defend_B","Strike_B","Regret","Defend_B","Strike_B","Defend_B","Strike_B","infinitespire:Execution"],"score":1753,"play_id":"bc8c1048-bb61-4314-b847-2d91cd8f80eb","local_time":"20210213233558","is_ascension_mode":false,"campfire_choices":[{"data":"Hello World","floor":6,"key":"SMITH"},{"data":"Electrodynamics","floor":8,"key":"SMITH"},{"data":"Beam Cell","floor":10,"key":"SMITH"},{"data":"Static Discharge","floor":15,"key":"SMITH"},{"data":"Thunder Strike","floor":23,"key":"SMITH"},{"data":"infinitespire:NeuralNetwork","floor":32,"key":"SMITH"},{"data":"Buffer","floor":46,"key":"SMITH"},{"data":"Tempest","floor":49,"key":"SMITH"},{"data":"1","floor":61,"key":"LIFT"},{"data":"2","floor":66,"key":"LIFT"},{"data":"3","floor":74,"key":"LIFT"},{"data":"Creative AI","floor":76,"key":"SMITH"},{"data":"Seek","floor":83,"key":"SMITH"},{"data":"infinitespire:FutureSight","floor":91,"key":"SMITH"}],"circlet_count":1,"master_deck":["Zap","Dualcast","Conserve Battery","Hello World+1","Electrodynamics+1","Beam Cell+1","Leap","FTL","Hologram","Static Discharge+1","Thunder Strike+1","Seek+1","CurseOfTheBell","Tempest+1","Creative AI+1","Purity","Reboot","infinitespire:NeuralNetwork+1","All For One+1","Genetic Algorithm+1","infinitespire:FutureSight+1","Buffer+1","Melter+1","Loop+1","infinitespire:Punishment+1","infinitespire:Fortify","infinitespire:SevenWalls+1"],"relics":["Ring of the Snake","Mark of Pain","infinitespire:EvilPickle","Runic Dome","Red Mask","Bronze Scales","infinitespire:Burning Sword","infinitespire:DarkRift","Pocketwatch","infinitespire:Chaos","infinitespire:Magic Flask","Anchor","Meat on the Bone","Sling","Calling Bell","Ancient Tea Set","InkBottle","Torii","Bottled Tornado","Shuriken","ClockworkSouvenir","PreservedInsect","FossilizedHelix","OrangePellets","Blood Vial","infinitespire:Golems Mask","HornCleat","Black Star","Centennial Puzzle","Eternal Feather","PrismaticShard","Vajra","Bird Faced Urn","Kunai","infinitespire:Beetle Shell","Juzu Bracelet","Cauldron","infinitespire:Satchel","infinitespire:Lychee Nut","Nunchaku","Membership Card","infinitespire:ShieldingShard","infinitespire:Cupcake","Calipers","Bag of Preparation","Molten Egg 2","Ice Cream","Whetstone","Pear","Frozen Eye","Girya","NlothsMask","Strawberry","infinitespire:FocusingShard","Inserter","infinitespire:Freezer","Dream Catcher","Orrery","Boot","Darkstone Periapt","Orichalcum","Happy Flower","HandDrill","Circlet","Cursed Key","Incense Burner","Bottled Flame","WingedGreaves"],"acts_visited":["Exordium","TheCity","TheBeyond","Exordium","TheCity","TheBeyond"],"potions_floor_usage":[42,42,42],"damage_taken":[{"damage":0,"enemies":"Cultist","floor":1,"turns":1},{"damage":0,"enemies":"2 Louse","floor":2,"turns":1},{"damage":0,"enemies":"Small Slimes","floor":7,"turns":2},{"damage":26,"enemies":"Hexaghost","floor":16,"turns":3},{"damage":1,"enemies":"Shell Parasite","floor":18,"turns":3},{"damage":0,"enemies":"2 Thieves","floor":19,"turns":1},{"damage":0,"enemies":"Shelled Parasite and Fungi","floor":21,"turns":2},{"damage":0,"enemies":"Cultist and Chosen","floor":25,"turns":1},{"damage":0,"enemies":"Sentry and Sphere","floor":29,"turns":2},{"damage":0,"enemies":"Snake Plant","floor":31,"turns":2},{"damage":0,"enemies":"Automaton","floor":33,"turns":3},{"damage":0,"enemies":"3 Darklings","floor":35,"turns":2},{"damage":2,"enemies":"3 Shapes","floor":38,"turns":2},{"damage":0,"enemies":"Spire Growth","floor":39,"turns":1},{"damage":1,"enemies":"3 Darklings","floor":40,"turns":2},{"damage":0,"enemies":"infinitespire:Three Voidlings","floor":42,"turns":2},{"damage":5,"enemies":"Nightmare_Alpha","floor":42,"turns":4},{"damage":0,"enemies":"Writhing Mass","floor":44,"turns":2},{"damage":2,"enemies":"Nightmare","floor":47,"turns":3},{"damage":0,"enemies":"Donu and Deca","floor":50,"turns":3},{"damage":0,"enemies":"2 Louse","floor":52,"turns":2},{"damage":0,"enemies":"Cultist","floor":53,"turns":2},{"damage":0,"enemies":"3 Sentries","floor":55,"turns":2},{"damage":0,"enemies":"Small Slimes","floor":56,"turns":2},{"damage":11,"enemies":"Nightmare","floor":57,"turns":3},{"damage":0,"enemies":"Exordium Wildlife","floor":58,"turns":1},{"damage":0,"enemies":"Lagavulin","floor":65,"turns":1},{"damage":0,"enemies":"Slime Boss","floor":67,"turns":1},{"damage":0,"enemies":"3 Byrds","floor":69,"turns":1},{"damage":0,"enemies":"Shell Parasite","floor":71,"turns":1},{"damage":0,"enemies":"Snake Plant","floor":78,"turns":1},{"damage":0,"enemies":"Nightmare","floor":79,"turns":2},{"damage":0,"enemies":"3 Cultists","floor":80,"turns":2},{"damage":0,"enemies":"Masked Bandits","floor":82,"turns":2},{"damage":0,"enemies":"Collector","floor":84,"turns":3},{"damage":0,"enemies":"3 Shapes","floor":86,"turns":2},{"damage":0,"enemies":"Orb Walker","floor":87,"turns":2},{"damage":0,"enemies":"2 Orb Walkers","floor":88,"turns":3},{"damage":0,"enemies":"Mind Bloom Boss Battle","floor":90,"turns":1},{"damage":84,"enemies":"Nightmare_Alpha","floor":92,"turns":3}],"seed_played":"3711700415450943520","potions_obtained":[{"floor":45,"key":"FearPotion"},{"floor":45,"key":"SpeedPotion"},{"floor":45,"key":"ColorlessPotion"}],"is_trial":false,"path_per_floor":["M","M","$","?","?","R","M","R","T","R","?","$","?","$","R","B",null,"M","M","$","M","$","R","?","M","T","AVR","T","M","?","M","R","B",null,"M","?","$","M","M","M","T","?","T","M","$","R","NM","$","R","B",null,"M","M","AVR","?","M","NM","M","$","T","R","?","?","?","E","R","B",null,"M","?","M","?","$","R","?","R","T","M","NM","M","$","?","R","B",null,"M","M","?","AVR","?","R","NM"],"character_chosen":"DEFECT","items_purchased":["Thread and Needle","MealTicket","TheAbacus","Electrodynamics","Beam Cell","AttackPotion","Weak Potion","FearPotion","Ornamental Fan","Ice Cream","infinitespire:Chaos","Hologram","Static Discharge","Anchor","Meat on the Bone","Sling","Thunder Strike","Bottled Tornado","Shuriken","ClockworkSouvenir","Creative AI","Purity","PreservedInsect","FossilizedHelix","OrangePellets","Reboot","Centennial Puzzle","Eternal Feather","PrismaticShard","infinitespire:Beetle Shell","Juzu Bracelet","Cauldron","Buffer","Nunchaku","Membership Card","infinitespire:ShieldingShard","Whetstone","Pear","Frozen Eye","infinitespire:Freezer","Dream Catcher","Orrery","Orichalcum","Happy Flower","HandDrill"],"campfire_rested":0,"item_purchase_floors":[3,3,3,3,3,3,3,3,12,12,12,12,12,14,14,14,14,20,20,20,20,20,22,22,22,22,37,37,37,45,45,45,45,48,48,48,59,59,59,73,73,73,81,81,81],"current_hp_per_floor":[75,75,75,75,75,75,75,75,75,75,75,75,75,75,75,49,75,74,74,74,74,74,74,74,74,74,74,74,75,75,75,75,75,75,75,75,75,73,75,74,74,70,70,75,75,75,56,56,56,56,56,56,56,56,56,56,50,56,66,66,66,66,66,66,73,73,73,73,73,73,73,73,73,73,73,73,73,73,73,73,73,73,73,73,73,73,73,73,73,73,73,0,0],"gold":628859,"neow_bonus":"THREE_ENEMY_KILL","is_daily":false,"chose_seed":false,"campfire_upgraded":11,"win_rate":0.0,"timestamp":1613230558,"path_taken":["M","M","$","?","?","R","M","R","T","R","?","$","?","$","R","BOSS","M","M","$","M","$","R","?","M","T","AVR","?","M","?","M","R","BOSS","M","?","$","M","?","M","?","?","T","M","?","R","NM","$","R","BOSS","M","M","AVR","?","M","NM","M","$","T","R","?","?","?","E","R","BOSS","M","?","M","?","$","R","?","R","T","M","NM","M","$","?","R","BOSS","M","M","?","AVR","?","R","NM"],"items_purchased_type":["Relic","Relic","Relic","Card","Card","Potion","Potion","Potion","Relic","Relic","Relic","Card","Card","Relic","Relic","Relic","Card","Relic","Relic","Relic","Card","Card","Relic","Relic","Relic","Card","Relic","Relic","Relic","Relic","Relic","Relic","Card","Relic","Relic","Relic","Relic","Relic","Relic","Relic","Relic","Relic","Relic","Relic","Relic"],"build_version":"2020-12-22","purchased_purges":8,"victory":false,"max_hp_per_floor":[75,75,75,75,75,75,75,75,75,75,75,75,75,75,75,75,75,75,75,75,75,75,75,75,75,75,75,75,75,75,75,75,75,75,75,75,75,75,75,75,75,75,75,75,75,75,56,56,56,56,56,56,56,56,56,56,56,56,66,66,66,66,66,66,73,73,73,73,73,73,73,73,73,73,73,73,73,73,73,73,73,73,73,73,73,73,73,73,73,73,73,73,73],"card_choices":[{"not_picked":["Streamline","Sweeping Beam"],"picked":"Conserve Battery","floor":1},{"not_picked":["Coolheaded","Stack"],"picked":"Hello World","floor":2},{"not_picked":["Coolheaded","Cold Snap"],"picked":"Leap","floor":7},{"not_picked":["All For One","Fission"],"picked":"Seek","floor":16},{"not_picked":["Conserve Battery","Coolheaded+1"],"picked":"Tempest","floor":18},{"not_picked":["Conserve Battery","Beam Cell","Reinforced Body+1"],"picked":"SKIP","floor":19},{"not_picked":["Conserve Battery+1","Force Field","Leap+1"],"picked":"SKIP","floor":21},{"not_picked":["Coolheaded","Compile Driver","Aggregate"],"picked":"SKIP","floor":25},{"not_picked":["Go for the Eyes","Streamline","Redo"],"picked":"SKIP","floor":29},{"not_picked":["Go for the Eyes+1","Hologram+1","Barrage"],"picked":"SKIP","floor":31},{"not_picked":["Rainbow","Fission"],"picked":"All For One","floor":33},{"not_picked":["Compile Driver","Scrape"],"picked":"Genetic Algorithm+1","floor":35},{"not_picked":["Riddle With Holes","MarkedMod:GentlePulse+1","Deflect+1"],"picked":"SKIP","floor":38},{"not_picked":["Adaptation","Gash+1","Choke"],"picked":"SKIP","floor":39},{"not_picked":["Adaptation","Gash+1","Choke"],"picked":"SKIP","floor":39},{"not_picked":["PiercingWail","Dash","Dramatic Entrance+1"],"picked":"SKIP","floor":40},{"not_picked":["infinitespire:TheBestDefense","infinitespire:Oblivion"],"picked":"infinitespire:FutureSight","floor":42},{"not_picked":["Perseverance+1","ClearTheMind+1","Impatience+1"],"picked":"SKIP","floor":44},{"not_picked":["Nirvana","Clash+1","Flash of Steel"],"picked":"SKIP","floor":47},{"not_picked":["Dramatic Entrance","MarkedMod:GentlePulse","Catalyst"],"picked":"SKIP","floor":52},{"not_picked":["Redo","Terror"],"picked":"Melter","floor":53},{"not_picked":["Sweeping Beam","Backflip","Sucker Punch"],"picked":"SKIP","floor":56},{"not_picked":["Consecrate+1","Halt"],"picked":"Loop","floor":57},{"not_picked":["MarkedMod:FirstStrike","Second Wind","Burst"],"picked":"SKIP","floor":58},{"not_picked":["Sucker Punch+1","Quick Slash+1","Deadly Poison"],"picked":"SKIP","floor":65},{"not_picked":["Madness+1","Force Field","PiercingWail"],"picked":"SKIP","floor":69},{"not_picked":["infinitespire:Collect","infinitespire:Menacing"],"picked":"infinitespire:Punishment","floor":70},{"not_picked":["Sword Boomerang+1","Streamline+1","Distraction"],"picked":"SKIP","floor":71},{"not_picked":["Headbutt+1","ThirdEye","Pommel Strike+1"],"picked":"SKIP","floor":78},{"not_picked":["infinitespire:NeuralNetwork","infinitespire:DeathsTouch"],"picked":"infinitespire:Fortify","floor":79},{"not_picked":["Reckless Charge+1","Skim+1","Calculated Gamble+1"],"picked":"SKIP","floor":79},{"not_picked":["Meditate","Offering","Evaluate"],"picked":"SKIP","floor":80},{"not_picked":["infinitespire:DeathsTouch","infinitespire:Fortify"],"picked":"infinitespire:SevenWalls","floor":84},{"not_picked":["Cold Snap+1","CutThroughFate+1","FlyingSleeves+1"],"picked":"SKIP","floor":86},{"not_picked":["Cold Snap+1","Blade Dance","Capacitor+1"],"picked":"SKIP","floor":87}],"player_experience":8022,"relics_obtained":[{"floor":9,"key":"Bottled Flame"},{"floor":17,"key":"Ancient Tea Set"},{"floor":17,"key":"InkBottle"},{"floor":17,"key":"Torii"},{"floor":26,"key":"Blood Vial"},{"floor":28,"key":"HornCleat"},{"floor":41,"key":"Vajra"},{"floor":42,"key":"Bird Faced Urn"},{"floor":43,"key":"Kunai"},{"floor":47,"key":"infinitespire:Satchel"},{"floor":47,"key":"infinitespire:Lychee Nut"},{"floor":55,"key":"Bag of Preparation"},{"floor":57,"key":"Molten Egg 2"},{"floor":57,"key":"Ice Cream"},{"floor":60,"key":"Girya"},{"floor":65,"key":"Strawberry"},{"floor":65,"key":"infinitespire:FocusingShard"},{"floor":79,"key":"Boot"},{"floor":79,"key":"Darkstone Periapt"},{"floor":82,"key":"Circlet"},{"floor":88,"key":"Incense Burner"},{"floor":90,"key":"WingedGreaves"}],"event_choices":[{"damage_healed":0,"gold_gain":0,"player_choice":"Left Gold","damage_taken":0,"max_hp_gain":0,"max_hp_loss":0,"event_name":"World of Goop","floor":5,"gold_loss":38},{"damage_healed":0,"gold_gain":0,"cards_transformed":["Strike_B"],"player_choice":"Change","damage_taken":0,"max_hp_gain":0,"max_hp_loss":0,"event_name":"Living Wall","floor":11,"gold_loss":0,"cards_obtained":["FTL"]},{"damage_healed":0,"gold_gain":0,"player_choice":"Box","damage_taken":0,"relics_obtained":["infinitespire:Magic Flask"],"max_hp_gain":0,"max_hp_loss":0,"event_name":"Big Fish","floor":13,"gold_loss":0,"cards_obtained":["Regret"]},{"cards_removed":["Defend_B"],"damage_healed":0,"gold_gain":0,"player_choice":"Elegance","damage_taken":0,"max_hp_gain":0,"max_hp_loss":0,"event_name":"Back to Basics","floor":24,"gold_loss":0},{"damage_healed":0,"gold_gain":0,"player_choice":"Ignored","damage_taken":0,"max_hp_gain":0,"max_hp_loss":0,"event_name":"Ghosts","floor":30,"gold_loss":0},{"damage_healed":0,"gold_gain":0,"player_choice":"Got Potions","damage_taken":0,"max_hp_gain":0,"max_hp_loss":0,"event_name":"Lab","floor":36,"gold_loss":0},{"damage_healed":0,"gold_gain":0,"player_choice":"Searched \u00272\u0027 times","damage_taken":0,"max_hp_gain":0,"max_hp_loss":0,"event_name":"Dead Adventurer","floor":55,"gold_loss":0},{"damage_healed":0,"gold_gain":0,"player_choice":"Trade","damage_taken":0,"relics_obtained":["NlothsMask"],"max_hp_gain":0,"max_hp_loss":0,"event_name":"FaceTrader","floor":62,"gold_loss":0},{"damage_healed":0,"gold_gain":0,"player_choice":"Ignored","damage_taken":0,"max_hp_gain":0,"max_hp_loss":0,"event_name":"Liars Game","floor":63,"gold_loss":0},{"damage_healed":0,"gold_gain":100,"player_choice":"Pray","damage_taken":0,"max_hp_gain":0,"max_hp_loss":0,"event_name":"Golden Shrine","floor":64,"gold_loss":0},{"damage_healed":0,"gold_gain":0,"player_choice":"Upgraded","damage_taken":0,"max_hp_gain":0,"max_hp_loss":0,"event_name":"Upgrade Shrine","floor":72,"gold_loss":0,"cards_upgraded":["Loop"]},{"damage_healed":0,"gold_gain":99,"player_choice":"Stole From Cult","damage_taken":0,"max_hp_gain":0,"max_hp_loss":0,"event_name":"Nest","floor":75,"gold_loss":0},{"damage_healed":0,"gold_gain":0,"player_choice":"Fought Bandits","damage_taken":0,"max_hp_gain":0,"max_hp_loss":0,"event_name":"Masked Bandits","floor":82,"gold_loss":0},{"damage_healed":0,"gold_gain":0,"player_choice":"Fight","damage_taken":0,"max_hp_gain":0,"max_hp_loss":0,"event_name":"Mysterious Sphere","floor":88,"gold_loss":0},{"damage_healed":0,"gold_gain":0,"player_choice":"Fight","damage_taken":0,"max_hp_gain":0,"max_hp_loss":0,"event_name":"MindBloom","floor":90,"gold_loss":0}],"is_beta":false,"boss_relics":[{"not_picked":["Nuclear Battery","SacredBark"],"picked":"Calling Bell"},{"not_picked":["Snecko Eye","Velvet Choker"],"picked":"Black Star"},{"not_picked":["Coffee Dripper","Philosopher\u0027s Stone"],"picked":"infinitespire:Cupcake"},{"not_picked":["SacredBark","Tiny House"],"picked":"Inserter"},{"not_picked":["Velvet Choker","Empty Cage"],"picked":"Cursed Key"}],"items_purged_floors":[3,12,14,20,22,27,37,81],"is_endless":true,"potions_floor_spawned":[7,25,29,33,38,39,40,42,52,55,56,57,79,82,84,90],"killed_by":"Nightmare_Alpha","ascension_level":0}}