{"host":"o1wkfo8ppvrprpet","time":1613235795,"event":{"mods":["Aspiration","Astrologer","BaseMod","CapriCore","Colored Powertips","Koishi","Minty Spire (QoL Compilation)","MostiFishMod","Replay The Spire","RumiaBox-露米娅的神秘盒子","Spicy Shops","StSLib","The Administrix","The Gatherer","The Immortal","Waifu the Spire","Yakumo Yukari mod"],"gold_per_floor":[118,170,188,202,215,215,228,228,228,248,248,275,275,288,288,383,383,401,413,38,55,68,94,94,120,120,120,133,33,43,43,43,140,140,152,152,164,176,193,193,220,239,265,21,38,73,73,73,73,73],"floor_reached":51,"language":"ZHS","playtime":2748,"items_purged":["Koishi:BasicStrike","Koishi:BasicStrike"],"score":939,"play_id":"2d5bc98b-9569-48a2-a4ba-ffb51893042f","local_time":"20210214010314","is_ascension_mode":true,"campfire_choices":[{"data":"Koishi:GhostParty","floor":6.0,"key":"SMITH"},{"data":"Koishi:Untouchable","floor":8.0,"key":"SMITH"},{"data":"Koishi:UnansweredLove","floor":11.0,"key":"SMITH"},{"data":"Koishi:VengefulSpirit","floor":15.0,"key":"SMITH"},{"data":"Koishi:ConfinedInnocent","floor":24,"key":"SMITH"},{"data":"Koishi:HauntingSlash","floor":32,"key":"SMITH"},{"data":"Koishi:FleetingPhantom","floor":40,"key":"SMITH"},{"data":"Koishi:HeartfeltFancy","floor":47,"key":"SMITH"},{"data":"Impatience","floor":49,"key":"SMITH"}],"circlet_count":0,"master_deck":["Koishi:BasicStrike","Koishi:BasicStrike","Koishi:BasicDefend","Koishi:BasicDefend","Koishi:BasicDefend","Koishi:BasicDefend","Koishi:HauntingSlash+1","Koishi:UnansweredLove+1","Koishi:GrowingPain+1","Koishi:Untouchable+1","Koishi:GhostParty+1","Koishi:SpiritedAway+1","Koishi:StrangeCloudFist+1","Koishi:HeartfeltFancy+1","Koishi:VengefulSpirit+1","Koishi:FleetingPhantom+1","Koishi:ConfinedInnocent+1","Koishi:SubconsciousSweep+1","Koishi:SuperEgo+1","Koishi:JumpScare+1","Koishi:ImGoingToCallYouNow+1","Koishi:SilentAndRestless+1","Koishi:Untouchable+1","Koishi:GrowingPain+1","Koishi:GhostParty+1","Impatience+1"],"relics":["Koishi:ImaginaryFriend","DaveBox","White Beast Statue","aspiration:Nostalgia","astrologer:SkyMirror","SynthV:TestCard","Molten Egg 2","ReplayTheSpireMod:Shallot","Akabeko","SentryEyes","Meat on the Bone","Lantern","Golden Egg","ChiXiaoBlade","Koishi:EchoesOfADeadGirl","Art of War","GodSword1","OriginationStaff"],"acts_visited":["Exordium","TheCity","TheBeyond"],"potions_floor_usage":[18,18,21,23,23,25,33,33,33,33,33,37,38,38,41,42,42,45,50,50,50],"damage_taken":[{"damage":4.0,"enemies":"Jaw Worm","floor":1.0,"turns":6.0},{"damage":0.0,"enemies":"2 Louse","floor":3.0,"turns":2.0},{"damage":1.0,"enemies":"Cultist","floor":4.0,"turns":4.0},{"damage":1.0,"enemies":"Large Slime","floor":5.0,"turns":9.0},{"damage":7.0,"enemies":"Lots of Slimes","floor":7.0,"turns":9.0},{"damage":0.0,"enemies":"2 Fungi Beasts","floor":10.0,"turns":5.0},{"damage":13.0,"enemies":"Gremlin Nob","floor":12.0,"turns":6.0},{"damage":0.0,"enemies":"3 Louse","floor":14.0,"turns":3.0},{"damage":2.0,"enemies":"The Guardian","floor":16.0,"turns":9.0},{"damage":1,"enemies":"2 Thieves","floor":18,"turns":4},{"damage":35,"enemies":"3 Byrds","floor":19,"turns":8},{"damage":0,"enemies":"Snake Plant","floor":21,"turns":3},{"damage":0,"enemies":"3 Cultists","floor":22,"turns":3},{"damage":0,"enemies":"Replay:Snechameleon","floor":23,"turns":5},{"damage":0,"enemies":"Gremlin Leader","floor":25,"turns":4},{"damage":0,"enemies":"Centurion and Healer","floor":28,"turns":4},{"damage":0,"enemies":"Chosen and Byrds","floor":30,"turns":3},{"damage":0,"enemies":"Collector","floor":33,"turns":6},{"damage":27,"enemies":"3 Darklings","floor":35,"turns":2},{"damage":0,"enemies":"Orb Walker","floor":37,"turns":3},{"damage":3,"enemies":"Jaw Worm Horde","floor":38,"turns":4},{"damage":12,"enemies":"3 Darklings","floor":39,"turns":4},{"damage":7,"enemies":"Nemesis","floor":41,"turns":7},{"damage":0,"enemies":"Sphere and 2 Shapes","floor":42,"turns":4},{"damage":2,"enemies":"Spire Growth","floor":45,"turns":4},{"damage":1,"enemies":"R_Hoarder","floor":46,"turns":8},{"damage":0,"enemies":"Replay:Hell Engine","floor":50,"turns":7}],"seed_played":"-6128147843452739526","potions_obtained":[{"floor":1.0,"key":"SkillPotion"},{"floor":3.0,"key":"Energy Potion"},{"floor":4.0,"key":"Weak Potion"},{"floor":10.0,"key":"SpeedPotion"},{"floor":12.0,"key":"LiquidBronze"},{"floor":14.0,"key":"AttackPotion"},{"floor":16.0,"key":"LiquidMemories"},{"floor":18,"key":"SpeedPotion"},{"floor":19,"key":"FearPotion"},{"floor":21,"key":"LiquidMemories"},{"floor":22,"key":"ColorlessPotion"},{"floor":23,"key":"SpeedPotion"},{"floor":25,"key":"Milkshake"},{"floor":27,"key":"EntropicBrew"},{"floor":27,"key":"Energy Potion"},{"floor":33,"key":"SpeedPotion"},{"floor":35,"key":"Swift Potion"},{"floor":37,"key":"Swift Potion"},{"floor":38,"key":"LiquidMemories"},{"floor":39,"key":"Adrenaline Potion"},{"floor":41,"key":"Elixir"},{"floor":42,"key":"Strength Potion"},{"floor":45,"key":"Strength Potion"},{"floor":46,"key":"Milkshake"}],"is_trial":false,"path_per_floor":["M","?","M","M","M","R","M","R","T","M","R","E","?","M","R","B",null,"M","M","$","M","M","E","R","E","T","?","M","$","M","?","R","B",null,"M","?","M","M","M","R","E","M","T","$","M","E","R","?","R","B",null],"character_chosen":"KOISHI","items_purchased":["SentryEyes","GodSword1"],"campfire_rested":0,"item_purchase_floors":[20,44],"current_hp_per_floor":[53,53,54,56,59,59,55,55,55,57,57,46,46,46,46,47,57,57,23,23,23,24,26,26,38,38,38,39,39,43,43,43,60,60,37,37,60,57,60,60,60,60,60,60,60,60,60,60,60,60],"gold":73,"neow_bonus":"NOSTALGIA","is_daily":false,"chose_seed":false,"campfire_upgraded":9,"win_rate":0.0,"timestamp":1613235794,"path_taken":["M","?","M","?","M","R","M","R","T","M","R","E","?","?","R","BOSS","M","M","$","M","M","E","R","E","T","?","M","$","?","?","R","BOSS","M","?","?","M","M","R","E","M","T","$","?","E","R","?","R","BOSS"],"items_purchased_type":["Relic","Relic"],"build_version":"2020-12-22","purchased_purges":2,"victory":true,"max_hp_per_floor":[60,60,60,60,60,60,60,60,60,60,60,60,60,60,60,60,60,60,60,60,60,60,60,60,60,60,60,60,60,60,60,60,60,60,60,60,60,60,60,60,60,60,60,60,60,60,60,60,60,60],"card_choices":[{"not_picked":["Koishi:PhantomStrike","Koishi:TraumaticStroke"],"picked":"Koishi:UnansweredLove","floor":1.0},{"not_picked":["Koishi:FreudianInstinct","Koishi:UnansweredLove","Koishi:HeartfeltFancy","Koishi:JumpScare"],"picked":"Koishi:GrowingPain+1","floor":2.0},{"not_picked":["Koishi:FidgetySnatcher","Koishi:RorschachInDanmaku","Koishi:BloodcurdlingScream+1","Koishi:SpiritedAway+1"],"picked":"Koishi:Untouchable","floor":2.0},{"not_picked":["Koishi:RacingHeart+1","Koishi:JumpScare","Koishi:PhantomStrike+1","Koishi:ReflexRadar","Koishi:UnansweredLove"],"picked":"SKIP","floor":3.0},{"not_picked":["Koishi:StingingMind+1","Koishi:GrowingPain+1","Koishi:RacingHeart+1","Koishi:FourthEye"],"picked":"Koishi:GhostParty","floor":4.0},{"not_picked":["Koishi:StingingMind+1","Koishi:LastRemote+1","Koishi:UnansweredLove","Koishi:SubconsciousSweep+1"],"picked":"Koishi:SpiritedAway+1","floor":5.0},{"not_picked":["Koishi:ImGoingToCallYouNow","Koishi:RacingHeart+1","Koishi:ParalyzingFear+1","Koishi:UnconsciousUprising"],"picked":"Koishi:StrangeCloudFist+1","floor":7.0},{"not_picked":["Koishi:JumpScare","Koishi:Jaunt+1","Koishi:ApparitionsStalkTheNight","Koishi:Bloodlust"],"picked":"Koishi:HeartfeltFancy","floor":10.0},{"not_picked":["Koishi:BloodcurdlingScream+1","Koishi:ParalyzingFear+1","Koishi:ApparitionsStalkTheNight","Koishi:PhantomBarrier"],"picked":"Koishi:VengefulSpirit","floor":12.0},{"not_picked":["Koishi:EmbersOfLove","Koishi:UnseenTerror+1","Koishi:PhantomBarrier","Koishi:Bloodlust"],"picked":"Koishi:FleetingPhantom","floor":14.0},{"not_picked":["Koishi:PerfectMindControl","Koishi:RuptureMind+1","Koishi:Ego","Koishi:FadingMemory"],"picked":"Koishi:ConfinedInnocent","floor":16.0},{"not_picked":["Koishi:MassHysteria","Koishi:UnconsciousUprising","Koishi:PredatoryInstincts","Koishi:PhantomStrike+1","Koishi:ParalyzingFear+1"],"picked":"SKIP","floor":18},{"not_picked":["Koishi:PhantomStrike+1","Koishi:PhantomBarrier","Koishi:EmbryosDream","Koishi:HeartfeltFancy"],"picked":"Koishi:SubconsciousSweep+1","floor":19},{"not_picked":["Koishi:FleetingPhantom","Koishi:Untouchable","Koishi:CatchAndRose","Koishi:Prune+1","Koishi:EmbryosDream"],"picked":"SKIP","floor":21},{"not_picked":["Koishi:PhantomBarrier","Koishi:StrangeCloudFist+1","Koishi:EmbryosDream","Koishi:Prune+1","Koishi:CatchAndRose"],"picked":"SKIP","floor":22},{"not_picked":["Koishi:SprinkleStarAndHeart","Koishi:HeartStoppingHorror","Koishi:CatchAndRose","Koishi:UnseenTerror+1","Koishi:ParalyzingFear+1"],"picked":"SKIP","floor":23},{"not_picked":["Koishi:ParalyzingFear+1","Koishi:SpiritedAway+1","Koishi:PhantomStrike+1","Koishi:Whimsy+1"],"picked":"Koishi:SuperEgo+1","floor":25},{"not_picked":["Koishi:SubconsciousSweep+1","Koishi:BloodcurdlingScream+1","Koishi:UnansweredLove","Koishi:SubterraneanRose"],"picked":"Koishi:JumpScare+1","floor":28},{"not_picked":["Koishi:CatchAndRose","Koishi:UnansweredLove","Koishi:Prune+1","Koishi:SubterraneanRose"],"picked":"Koishi:ImGoingToCallYouNow","floor":30},{"not_picked":["Koishi:Ego","Koishi:PerfectMindControl","Koishi:HeartStoppingHorror","Koishi:TerrifyingSpectre"],"picked":"Koishi:SilentAndRestless+1","floor":33},{"not_picked":["Koishi:BramblyRoseGarden+1","Koishi:ParalyzingFear+1","Koishi:PhantomStrike+1","Koishi:RorschachInDanmaku","Koishi:FleetingPhantom+1"],"picked":"SKIP","floor":35},{"not_picked":["Koishi:BramblyRoseGarden+1","Koishi:DreadfulBlow+1","Koishi:DanmakuParanoia+1","Koishi:SpiritedAway+1","Koishi:UnansweredLove+1"],"picked":"SKIP","floor":37},{"not_picked":["Koishi:PhantomStrike+1","Koishi:PhantomBarrier","Koishi:FourthEye+1","Koishi:ConfinedInnocent","Koishi:SubconsciousSweep+1"],"picked":"SKIP","floor":38},{"not_picked":["Koishi:SubconsciousSweep+1","Koishi:Jaunt+1","Koishi:DreadfulBlow+1","Koishi:StingingMind+1","Koishi:UnansweredLove"],"picked":"SKIP","floor":39},{"not_picked":["Koishi:Prune+1","Koishi:FleetingPhantom+1","Koishi:SpiritedAway+1","Koishi:DanmakuParanoia","Koishi:EmbryosDream"],"picked":"SKIP","floor":41},{"not_picked":["Koishi:IdleWhim","Koishi:HeartfeltFancy","Koishi:ReflexRadar","Koishi:ParalyzingFear+1"],"picked":"Koishi:GrowingPain+1","floor":42},{"not_picked":["Koishi:Jaunt+1","Koishi:IdleWhim","Koishi:ReflexRadar","Koishi:StrangeCloudFist+1"],"picked":"Koishi:GhostParty+1","floor":45},{"not_picked":["Koishi:BloodcurdlingScream+1","Koishi:DNAsFlaw","Koishi:Catatonia+1","Koishi:DreadfulBlow+1","Koishi:MindNumbingTerror+1"],"picked":"SKIP","floor":46},{"not_picked":["Poisoned Strike+1","Dark Shackles","Panacea","Enlightenment"],"picked":"Impatience","floor":48}],"player_experience":613405,"relics_obtained":[{"floor":1.0,"key":"SynthV:TestCard"},{"floor":2.0,"key":"Molten Egg 2"},{"floor":9.0,"key":"ReplayTheSpireMod:Shallot"},{"floor":12.0,"key":"Akabeko"},{"floor":23,"key":"Meat on the Bone"},{"floor":25,"key":"Lantern"},{"floor":26,"key":"Golden Egg"},{"floor":41,"key":"Koishi:EchoesOfADeadGirl"},{"floor":43,"key":"Art of War"},{"floor":46,"key":"OriginationStaff"}],"event_choices":[{"cards_removed":["Koishi:Provoke"],"damage_healed":0.0,"max_hp_gain":0.0,"max_hp_loss":0.0,"gold_gain":0.0,"event_name":"Bonfire Elementals","player_choice":"Offered Basic","floor":13.0,"gold_loss":0.0,"damage_taken":0.0},{"damage_healed":0,"gold_gain":0,"player_choice":"Got Potions","damage_taken":0,"max_hp_gain":0,"max_hp_loss":0,"event_name":"Lab","floor":27,"gold_loss":0},{"damage_healed":0,"gold_gain":0,"player_choice":"Copied","damage_taken":0,"max_hp_gain":0,"max_hp_loss":0,"event_name":"Duplicator","floor":36,"gold_loss":0,"cards_obtained":["Koishi:Untouchable"]},{"damage_healed":0,"gold_gain":0,"player_choice":"Memory 1","damage_taken":0,"max_hp_gain":0,"max_hp_loss":0,"event_name":"SensoryStone","floor":48,"gold_loss":0}],"is_beta":false,"boss_relics":[{"not_picked":["Runic Pyramid","Replay:Ancient Bell","Velvet Choker"]},{"not_picked":["AddBug","Cursed Key"],"picked":"ChiXiaoBlade"}],"items_purged_floors":[20,29],"is_endless":false,"potions_floor_spawned":[1,3,4,5,7,10,12,14,16,18,19,21,22,23,25,28,30,33,35,37,38,39,41,42,45,46],"ascension_level":8}}