{"host":"49pjgf1q9ev52n8z","time":1613204772,"event":{"mods":["BaseMod","Bestiary","Colored Map","Keyboard Shortcuts","Minty Spire (QoL Compilation)","Practice Mode","Relic Stats","StSLib"],"gold_per_floor":[110,124,124,140,150,150,175,175,246,246,4,79,79,92,92,213,213,204,58,58,74,74,105,105,146,146,146,162,162,0,40,40,40,40],"floor_reached":33,"language":"ENG","playtime":2373,"items_purged":["Clash"],"score":421,"play_id":"d170372a-a9c0-482b-9b4d-04b5ab5ba6e6","local_time":"20210213002612","is_ascension_mode":true,"campfire_choices":[{"data":"Bash","floor":6,"key":"SMITH"},{"data":"Iron Wave","floor":8,"key":"SMITH"},{"floor":10,"key":"REST"},{"floor":15,"key":"REST"},{"data":"Rupture","floor":24,"key":"SMITH"},{"floor":27,"key":"REST"},{"floor":29,"key":"REST"},{"data":"Dual Wield","floor":32,"key":"SMITH"}],"circlet_count":0,"master_deck":["Strike_R","Strike_R","Strike_R+1","Strike_R+1","Strike_R","Defend_R","Defend_R","Defend_R","Defend_R","Bash+1","Sword Boomerang","Cleave","Iron Wave+1","Seeing Red","Flame Barrier","Clothesline","Reaper","J.A.X.","Rupture+1","Impervious","Dual Wield+1","Combust+1","Pommel Strike"],"relics":["Burning Blood","WingedGreaves","Ornamental Fan","Membership Card","Golden Idol","Snecko Eye","Strange Spoon","MealTicket","Bronze Scales","Shuriken","Kunai","Whetstone","Anchor"],"acts_visited":["Exordium","TheCity"],"potions_floor_usage":[5,7,7,16,16,23,23,28,31,31],"damage_taken":[{"damage":6,"enemies":"2 Louse","floor":1,"turns":3},{"damage":6,"enemies":"Cultist","floor":2,"turns":3},{"damage":0,"enemies":"Small Slimes","floor":4,"turns":3},{"damage":35,"enemies":"Gremlin Gang","floor":5,"turns":4},{"damage":20,"enemies":"3 Sentries","floor":7,"turns":8},{"damage":14,"enemies":"Exordium Thugs","floor":14,"turns":6},{"damage":58,"enemies":"The Guardian","floor":16,"turns":13},{"damage":10,"enemies":"2 Thieves","floor":18,"turns":4},{"damage":3,"enemies":"3 Byrds","floor":21,"turns":3},{"damage":29,"enemies":"Slavers","floor":23,"turns":6},{"damage":82,"enemies":"Book of Stabbing","floor":25,"turns":8},{"damage":17,"enemies":"Centurion and Healer","floor":28,"turns":5},{"damage":18,"enemies":"Gremlin Leader","floor":31,"turns":5},{"damage":106,"enemies":"Automaton","floor":33,"turns":8}],"seed_played":"-4804008957024420649","potions_obtained":[{"floor":1,"key":"GamblersBrew"},{"floor":4,"key":"Block Potion"},{"floor":5,"key":"Dexterity Potion"},{"floor":16,"key":"Strength Potion"},{"floor":18,"key":"Strength Potion"},{"floor":25,"key":"PowerPotion"},{"floor":28,"key":"PowerPotion"},{"floor":31,"key":"EssenceOfSteel"}],"is_trial":false,"path_per_floor":["M","M","?","M","M","R","E","R","T","R","$","?","?","M","R","B",null,"M","$","?","M","?","E","R","E","T","R","M","R","$","E","R","B"],"character_chosen":"IRONCLAD","items_purchased":["Membership Card","Flame Barrier","FearPotion","AttackPotion","Strange Spoon","MealTicket","Whetstone","FearPotion","Explosive Potion"],"campfire_rested":4,"item_purchase_floors":[11,11,11,11,19,19,30,30,30],"current_hp_per_floor":[72,72,90,90,61,61,47,47,47,74,74,63,41,33,60,8,70,76,76,76,85,85,89,89,13,13,40,29,56,71,77,77,0,0],"gold":40,"neow_bonus":"ONE_RANDOM_RARE_CARD","is_daily":false,"chose_seed":false,"campfire_upgraded":4,"win_rate":0.0,"timestamp":1613204772,"path_taken":["M","M","?","?","M","R","E","R","T","R","$","?","?","M","R","BOSS","M","$","?","M","?","E","R","E","T","R","?","R","?","E","R","BOSS"],"items_purchased_type":["Relic","Card","Potion","Potion","Relic","Relic","Relic","Potion","Potion"],"build_version":"2020-12-22","purchased_purges":1,"victory":false,"max_hp_per_floor":[80,80,90,90,90,90,90,90,90,90,90,90,90,90,90,90,90,90,90,90,90,90,90,90,90,90,90,90,90,90,90,90,90,90],"relic_stats":{"Strange Spoon":[6],"counters":[14,79],"Ornamental Fan":[64],"Golden Idol":59,"Shuriken":[6],"Bronze Scales":[113],"Snecko Eye":[69,63,57,74],"MealTicket":15,"Kunai":[6],"Whetstone":["Strike_R","Strike_R"],"obtain_stats":[{"Golden Idol":13,"Whetstone":30,"Burning Blood":0,"Strange Spoon":19,"Anchor":31,"Ornamental Fan":9,"Shuriken":25,"Bronze Scales":23,"Snecko Eye":17,"MealTicket":19,"WingedGreaves":7,"Membership Card":11,"Kunai":26},{"Golden Idol":5,"Whetstone":12,"Burning Blood":0,"Strange Spoon":8,"Anchor":13,"Ornamental Fan":5,"Shuriken":11,"Bronze Scales":10,"Snecko Eye":7,"MealTicket":8,"WingedGreaves":5,"Membership Card":5,"Kunai":11},{"Golden Idol":21,"Whetstone":66,"Burning Blood":0,"Strange Spoon":44,"Anchor":71,"Ornamental Fan":21,"Shuriken":61,"Bronze Scales":53,"Snecko Eye":40,"MealTicket":44,"WingedGreaves":21,"Membership Card":21,"Kunai":61}],"Burning Blood":72},"card_choices":[{"not_picked":["Searing Blow","Seeing Red"],"picked":"Sword Boomerang","floor":1},{"not_picked":["Battle Trance","Ghostly Armor"],"picked":"Cleave","floor":2},{"not_picked":["Blood for Blood","Rage"],"picked":"Iron Wave","floor":4},{"not_picked":["Perfected Strike","Searing Blow"],"picked":"Clash","floor":5},{"not_picked":["Sword Boomerang","Warcry"],"picked":"Seeing Red","floor":7},{"not_picked":["Searing Blow","Body Slam"],"picked":"Clothesline","floor":14},{"not_picked":["Impervious","Barricade"],"picked":"Reaper","floor":16},{"not_picked":["Cleave","Sentinel","Clash"],"picked":"SKIP","floor":18},{"not_picked":["Wild Strike","Rage"],"picked":"Rupture","floor":21},{"not_picked":["Perfected Strike","Carnage"],"picked":"Dual Wield","floor":23},{"not_picked":["Disarm","Armaments"],"picked":"Combust+1","floor":25},{"not_picked":["Armaments","Shrug It Off"],"picked":"Pommel Strike","floor":28},{"not_picked":["Cleave+1","Fire Breathing+1","Searing Blow"],"picked":"SKIP","floor":31}],"player_experience":833224,"relics_obtained":[{"floor":7,"key":"WingedGreaves"},{"floor":9,"key":"Ornamental Fan"},{"floor":23,"key":"Bronze Scales"},{"floor":25,"key":"Shuriken"},{"floor":26,"key":"Kunai"},{"floor":31,"key":"Anchor"}],"event_choices":[{"cards_removed":["Berserk"],"damage_healed":8,"gold_gain":0,"player_choice":"Offered Rare","damage_taken":0,"max_hp_gain":10,"max_hp_loss":0,"event_name":"Bonfire Elementals","floor":3,"gold_loss":0},{"damage_healed":0,"gold_gain":75,"player_choice":"Gather Gold","damage_taken":11,"max_hp_gain":0,"max_hp_loss":0,"event_name":"World of Goop","floor":12,"gold_loss":0},{"damage_healed":0,"gold_gain":0,"player_choice":"Take Damage","damage_taken":22,"relics_obtained":["Golden Idol"],"max_hp_gain":0,"max_hp_loss":0,"event_name":"Golden Idol","floor":13,"gold_loss":0},{"damage_healed":0,"gold_gain":0,"player_choice":"Obtain J.A.X.","damage_taken":0,"max_hp_gain":0,"max_hp_loss":0,"event_name":"Drug Dealer","floor":20,"gold_loss":0,"cards_obtained":["J.A.X."]},{"damage_healed":0,"gold_gain":0,"player_choice":"1 cards matched","damage_taken":0,"max_hp_gain":0,"max_hp_loss":0,"event_name":"Match and Keep!","floor":22,"gold_loss":0,"cards_obtained":["Impervious"]}],"is_beta":false,"boss_relics":[{"not_picked":["Fusion Hammer","Tiny House"],"picked":"Snecko Eye"}],"items_purged_floors":[30],"is_endless":false,"potions_floor_spawned":[1,4,5,16,18,25,28,31],"killed_by":"Automaton","ascension_level":8}}