{"host":"jfbo3eu2ui08ej1u","time":1613198460,"event":{"mods":["2.2 Compatiblity","AchievementEnabler","Act Like it!","Aspiration","BaseMod","Better Altar","Better Match","Better Note","Better Sensory Stone","Better Skull","Better Third Choice","Block Reminder","Colored Map","Colored Powertips","Conspire","DeckTracker","Displayed Cursed Tome","Energized Spire","Fox Events","GifTheSpireLib","Hermit","Hubris","Infinite Spire","Marked Mod","Minty Spire (QoL Compilation)","Monster B Gone","Pale of the Ancients","Poor People Problems","Quick Restart","Relic Filter","Reliquary","Reorder Act Four","Replay The Spire","Shop Mod","Spicy Shops","Spire Arcade","StSLib","Stuff the Spire","The Blue Laboratory","The Disciple","The Forsaken","The Hierophant","The Marked","Uncapped","Unceasing Turn Reminder","Wandering Minibosses"],"gold_per_floor":[112,37,37,48,59,59,86,86,86,86,86,116,126,136,161,180,180,279,279,292,391,0,14,31,58,58,58],"floor_reached":26,"language":"ENG","playtime":1441,"items_purged":[],"score":310,"play_id":"5d37b063-5700-4acd-9844-5f559a0b6318","local_time":"20210213014100","is_ascension_mode":true,"campfire_choices":[{"data":"theForsaken:Mantra","floor":6.0,"key":"SMITH"},{"floor":8.0,"key":"REST"},{"floor":17.0,"key":"REST"}],"circlet_count":0,"master_deck":["theForsaken:TheForsaken_Strike","theForsaken:TheForsaken_Strike+1","theForsaken:TheForsaken_Strike","theForsaken:TheForsaken_Defend","theForsaken:TheForsaken_Defend","theForsaken:TheForsaken_Defend","theForsaken:TheForsaken_Defend+1","theForsaken:Smite","theForsaken:Penitence","theForsaken:DesperatePlea+1","theForsaken:Mantra+1","theForsaken:StoreUp","theForsaken:SolarFlare","theForsaken:BindingThorns","theForsaken:Devotion","theForsaken:FountainOfLife","theForsaken:Eulogy","theForsaken:DivineGuidance","ReplayTheSpireMod:Brewmster","theForsaken:ShieldBash","theForsaken:Bolster+1","theForsaken:HealingLight"],"relics":["theForsaken:JudgementScales","hubris:Zylophone","reliquary:BallBearing","conspire:TopHat","reliquary:ExpiredCoupon","energizedSpire:SpiderWeb","Membership Card","StuffTheSpire:Mouthbags","hubris:PeanutButter","wanderingMiniBosses:CarrionFlame","Simple Rune"],"acts_visited":["TheCity"],"potions_floor_usage":[23,24,24,24,24,25,25],"damage_taken":[{"damage":0.0,"enemies":"conspire:RoseBush","floor":1.0,"turns":4.0},{"damage":0.0,"enemies":"Cultist","floor":4.0,"turns":4.0},{"damage":1.0,"enemies":"2 Louse","floor":5.0,"turns":6.0},{"damage":35.0,"enemies":"3 Sentries","floor":7.0,"turns":13.0},{"damage":19.0,"enemies":"Gremlin Nob","floor":12.0,"turns":6.0},{"damage":8.0,"enemies":"Gremlin Gang","floor":13.0,"turns":3.0},{"damage":20.0,"enemies":"Looter","floor":14.0,"turns":6.0},{"damage":8.0,"enemies":"Lagavulin","floor":15.0,"turns":4.0},{"damage":2.0,"enemies":"2 Fungi Beasts","floor":16.0,"turns":3.0},{"damage":25.0,"enemies":"The Guardian","floor":18.0,"turns":12.0},{"damage":17,"enemies":"conspire:FuzzyDice","floor":20,"turns":7},{"damage":14,"enemies":"Shell Parasite","floor":23,"turns":4},{"damage":20,"enemies":"Centurion and Healer","floor":24,"turns":7},{"damage":25,"enemies":"Slavers","floor":25,"turns":3},{"damage":17,"enemies":"Snake Plant","floor":26,"turns":2}],"seed_played":"-8017999668460679275","potions_obtained":[{"floor":1.0,"key":"blueLaboratory:LouseDecoction"},{"floor":4.0,"key":"Reflective Coating"},{"floor":5.0,"key":"theForsaken:FearPotion"},{"floor":15.0,"key":"SkillPotion"},{"floor":18.0,"key":"blueLaboratory:BottledHope"},{"floor":20,"key":"blueLaboratory:FruitPunch"},{"floor":23,"key":"theForsaken:FearPotion"},{"floor":25,"key":"Reflective Coating"}],"is_trial":false,"path_per_floor":["M","?","?","M","M","R","E","R","PTL","PTL","T","E","M","M","E","M","R","B",null,"M","?","$","M","M","E","M"],"character_chosen":"THE_FORSAKEN","items_purchased":["Membership Card","ReplayTheSpireMod:Brewmster","StuffTheSpire:Mouthbags","hubris:PeanutButter"],"campfire_rested":2,"item_purchase_floors":[22,22,22,22],"current_hp_per_floor":[65,65,65,65,65,65,36,55,55,55,55,36,28,14,6,4,23,3,67,62,62,62,50,37,12,0,0],"gold":58,"neow_bonus":"REMOVE_CARD","is_daily":false,"chose_seed":false,"campfire_upgraded":1,"win_rate":0.0,"timestamp":1613198460,"path_taken":["M","?","?","M","M","R","E","R","PTL","PTL","T","E","M","M","E","?","R","BOSS","M","?","$","M","M","E","M"],"items_purchased_type":["Relic","Card","Relic","Relic"],"build_version":"2020-12-22","purchased_purges":0,"victory":false,"max_hp_per_floor":[65,65,65,65,65,65,65,65,65,65,65,65,65,65,65,65,65,67,67,76,76,76,78,80,80,80,80],"card_choices":[{"not_picked":["theForsaken:PanicDive","theForsaken:ShieldCharge"],"picked":"theForsaken:ShieldBash","floor":1.0},{"not_picked":["theForsaken:SacrificeSoul+1","theForsaken:Horror+1"],"picked":"theForsaken:DesperatePlea+1","floor":2.0},{"not_picked":["theForsaken:InspiringBlow","theForsaken:Tranquility"],"picked":"theForsaken:Mantra","floor":4.0},{"not_picked":["theForsaken:Backlash","theForsaken:ShieldCharge"],"picked":"theForsaken:StoreUp","floor":5.0},{"not_picked":["theForsaken:HymnOfPatience","theForsaken:Retribution"],"picked":"theForsaken:SolarFlare","floor":7.0},{"not_picked":["theForsaken:ShieldCharge","theForsaken:HymnOfRest","theForsaken:Backlash"],"picked":"SKIP","floor":12.0},{"not_picked":["theForsaken:HymnOfPatience","theForsaken:QuickAttack"],"picked":"theForsaken:BindingThorns","floor":13.0},{"not_picked":["theForsaken:ChargeAttack","theForsaken:SpinAttack"],"picked":"theForsaken:Devotion","floor":14.0},{"not_picked":["theForsaken:Backlash","theForsaken:BattleHymn"],"picked":"theForsaken:FountainOfLife","floor":15.0},{"not_picked":["theForsaken:Parry","theForsaken:StoreUp"],"picked":"theForsaken:Eulogy","floor":16.0},{"not_picked":["theForsaken:Mantra","theForsaken:SacredOath"],"picked":"theForsaken:DivineGuidance","floor":18.0},{"not_picked":["theForsaken:NobleSacrifice","theForsaken:StoreUp","theForsaken:BottledPlague+1"],"picked":"SKIP","floor":20},{"not_picked":["theForsaken:CreepingInfection","theForsaken:BottledPlague","theForsaken:BlindFaith"],"picked":"SKIP","floor":23},{"not_picked":["theForsaken:PanicDive","theForsaken:Parry"],"picked":"theForsaken:Bolster+1","floor":24},{"not_picked":["theForsaken:HorrifyingStrike","theForsaken:Purification"],"picked":"theForsaken:HealingLight","floor":25}],"player_experience":1318666,"relics_obtained":[{"floor":7.0,"key":"hubris:Zylophone"},{"floor":11.0,"key":"reliquary:BallBearing"},{"floor":12.0,"key":"conspire:TopHat"},{"floor":15.0,"key":"reliquary:ExpiredCoupon"},{"floor":24,"key":"wanderingMiniBosses:CarrionFlame"},{"floor":25,"key":"Simple Rune"}],"event_choices":[{"damage_healed":0.0,"max_hp_gain":0.0,"max_hp_loss":0.0,"gold_gain":0.0,"event_name":"betterMatch:BetterMatch","player_choice":"2","floor":2.0,"gold_loss":0.0,"damage_taken":0.0,"cards_obtained":["betterMatch:RareCard"]},{"damage_healed":0.0,"max_hp_gain":0.0,"max_hp_loss":0.0,"gold_gain":0.0,"event_name":"Wheel of Change","player_choice":"Full Heal","floor":3.0,"gold_loss":0.0,"damage_taken":0.0},{"damage_healed":0,"gold_gain":99,"player_choice":"Steal","damage_taken":0,"max_hp_gain":0,"max_hp_loss":0,"event_name":"betterThird:BetterNest","floor":21,"gold_loss":0}],"is_beta":false,"boss_relics":[{"not_picked":["StuffTheSpire:RunicHypercube","SacredBark"],"picked":"energizedSpire:SpiderWeb"}],"items_purged_floors":[],"is_endless":false,"potions_floor_spawned":[1,4,5,15,18,20,23,25],"killed_by":"Snake Plant","ascension_level":3}}