{"host":"qc8p2flj7wsy3zpg","time":1613236789,"event":{"mods":["BaseMod","Highlight Path","Minty Spire (QoL Compilation)","Relic Stats","StSLib"],"gold_per_floor":[119,139,139,154,169,199,199,224,224,240,240,273,273,283,283,360,360,380,50,50,61,61,61,90,90,90,101,101,116,143,161,161,161,161],"floor_reached":33,"language":"ENG","playtime":1755,"items_purged":[],"score":714,"play_id":"5c5fd90c-3650-47a4-beca-c40f9315e566","local_time":"20210213111949","is_ascension_mode":true,"campfire_choices":[{"floor":7.0,"key":"REST"},{"floor":11.0,"key":"REST"},{"data":"Cloak And Dagger","floor":13.0,"key":"SMITH"},{"data":"Blade Dance","floor":15.0,"key":"SMITH"},{"data":"Ghostly","floor":23.0,"key":"SMITH"},{"floor":25,"key":"REST"},{"data":"Ghostly","floor":32,"key":"SMITH"}],"circlet_count":0,"master_deck":["AscendersBane","Strike_G+1","Strike_G+1","Strike_G+1","Defend_G+1","Defend_G+1","Defend_G+1","Defend_G+1","Survivor","Neutralize","Prepared+1","Endless Agony+1","Flechettes+1","Dagger Throw","Die Die Die","Riddle With Holes","All Out Attack","Footwork","Skewer","Blade Dance+1","Cloak And Dagger+1","Poisoned Stab","Phantasmal Killer","Ghostly+1","Ghostly","Ghostly+1","Corpse Explosion","Acrobatics+1"],"relics":["Astrolabe","Nunchaku","Akabeko","Pantograph","White Beast Statue","Busted Crown","Chemical X","Pen Nib","Tiny Chest","Bottled Lightning","Incense Burner"],"acts_visited":["Exordium","TheCity"],"potions_floor_usage":[24,24,30,31,33,33],"damage_taken":[{"damage":4.0,"enemies":"Jaw Worm","floor":1.0,"turns":4.0},{"damage":0.0,"enemies":"2 Louse","floor":2.0,"turns":2.0},{"damage":0.0,"enemies":"Small Slimes","floor":4.0,"turns":2.0},{"damage":13.0,"enemies":"Exordium Wildlife","floor":5.0,"turns":3.0},{"damage":17.0,"enemies":"3 Sentries","floor":6.0,"turns":5.0},{"damage":36.0,"enemies":"Gremlin Nob","floor":8.0,"turns":4.0},{"damage":0.0,"enemies":"Blue Slaver","floor":10.0,"turns":1.0},{"damage":0.0,"enemies":"3 Sentries","floor":12.0,"turns":3.0},{"damage":1.0,"enemies":"3 Louse","floor":14.0,"turns":3.0},{"damage":26.0,"enemies":"Hexaghost","floor":16.0,"turns":8.0},{"damage":0.0,"enemies":"3 Byrds","floor":18.0,"turns":4.0},{"damage":0.0,"enemies":"Spheric Guardian","floor":21.0,"turns":1.0},{"damage":16,"enemies":"Gremlin Leader","floor":24,"turns":7},{"damage":2,"enemies":"Cultist and Chosen","floor":27,"turns":4},{"damage":0,"enemies":"3 Cultists","floor":29,"turns":2},{"damage":0,"enemies":"Slavers","floor":30,"turns":2},{"damage":1,"enemies":"Centurion and Healer","floor":31,"turns":6},{"damage":42,"enemies":"Automaton","floor":33,"turns":10}],"seed_played":"-819938124447474369","potions_obtained":[{"floor":2.0,"key":"CultistPotion"},{"floor":5.0,"key":"Explosive Potion"},{"floor":10.0,"key":"ColorlessPotion"},{"floor":14.0,"key":"SteroidPotion"},{"floor":16.0,"key":"Block Potion"},{"floor":24,"key":"Swift Potion"},{"floor":27,"key":"DistilledChaos"},{"floor":30,"key":"ColorlessPotion"},{"floor":31,"key":"Swift Potion"}],"is_trial":false,"path_per_floor":["M","M","?","M","M","E","R","E","T","M","R","E","R","M","R","B",null,"M","$","?","M","?","R","E","R","T","M","?","M","E","M","R","B"],"character_chosen":"THE_SILENT","items_purchased":["Chemical X","Pen Nib"],"campfire_rested":3,"item_purchase_floors":[19,19],"current_hp_per_floor":[55,55,55,55,42,25,44,8,8,8,27,27,27,26,26,25,56,56,56,33,33,33,33,17,26,26,24,24,24,24,23,23,0,0],"gold":161,"neow_bonus":"BOSS_RELIC","is_daily":false,"chose_seed":false,"campfire_upgraded":4,"win_rate":0.0,"timestamp":1613236789,"path_taken":["M","M","?","M","M","E","R","E","T","M","R","E","R","M","R","BOSS","M","$","?","M","?","R","E","R","T","M","?","M","E","?","R","BOSS"],"items_purchased_type":["Relic","Relic"],"build_version":"2020-12-22","purchased_purges":0,"victory":false,"max_hp_per_floor":[66,66,66,66,66,66,66,66,66,66,66,66,66,66,66,66,66,66,66,33,33,33,33,33,33,33,33,33,33,33,33,33,33,33],"relic_stats":{"Nunchaku":[15],"Busted Crown":14,"counters":[18,71],"Astrolabe":["Prepared","Endless Agony","Flechettes"],"Pantograph":35,"Tiny Chest":0,"Pen Nib":[9],"Chemical X":[6],"obtain_stats":[{"Nunchaku":6,"Busted Crown":17,"Astrolabe":0,"Pantograph":9,"Tiny Chest":24,"Pen Nib":19,"Incense Burner":30,"Chemical X":19,"Bottled Lightning":26,"Akabeko":8,"White Beast Statue":12,"Ring of the Snake":0},{"Nunchaku":5,"Busted Crown":10,"Astrolabe":0,"Pantograph":6,"Tiny Chest":13,"Pen Nib":11,"Incense Burner":16,"Chemical X":11,"Bottled Lightning":13,"Akabeko":6,"White Beast Statue":8,"Ring of the Snake":0},{"Nunchaku":16,"Busted Crown":35,"Astrolabe":0,"Pantograph":20,"Tiny Chest":47,"Pen Nib":39,"Incense Burner":55,"Chemical X":39,"Bottled Lightning":47,"Akabeko":20,"White Beast Statue":24,"Ring of the Snake":0}]},"card_choices":[{"not_picked":["Quick Slash","Backflip"],"picked":"Dagger Throw","floor":1.0},{"not_picked":["Dodge and Roll","Backflip"],"picked":"Die Die Die","floor":2.0},{"not_picked":["PiercingWail","Infinite Blades"],"picked":"Riddle With Holes","floor":4.0},{"not_picked":["Choke","Outmaneuver"],"picked":"All Out Attack","floor":5.0},{"not_picked":["Bane","Caltrops"],"picked":"Footwork","floor":6.0},{"not_picked":["Riddle With Holes","Escape Plan"],"picked":"Skewer","floor":8.0},{"not_picked":["Leg Sweep","Predator"],"picked":"Blade Dance","floor":10.0},{"not_picked":["Footwork","Accuracy"],"picked":"Cloak And Dagger","floor":12.0},{"not_picked":["Expertise","Infinite Blades"],"picked":"Poisoned Stab","floor":14.0},{"not_picked":["Bullet Time","Tools of the Trade"],"picked":"Phantasmal Killer","floor":16.0},{"not_picked":["Flechettes"],"picked":"SKIP","floor":18.0},{"not_picked":["Prepared"],"picked":"SKIP","floor":21.0},{"not_picked":[],"picked":"Corpse Explosion","floor":24},{"not_picked":[],"picked":"Acrobatics+1","floor":27},{"not_picked":["Sucker Punch"],"picked":"SKIP","floor":29},{"not_picked":["Predator"],"picked":"SKIP","floor":30},{"not_picked":["Dagger Spray"],"picked":"SKIP","floor":31}],"player_experience":2372062,"relics_obtained":[{"floor":6.0,"key":"Nunchaku"},{"floor":8.0,"key":"Akabeko"},{"floor":9.0,"key":"Pantograph"},{"floor":12.0,"key":"White Beast Statue"},{"floor":24,"key":"Tiny Chest"},{"floor":26,"key":"Bottled Lightning"},{"floor":30,"key":"Incense Burner"}],"event_choices":[{"damage_healed":0.0,"max_hp_gain":0.0,"max_hp_loss":0.0,"gold_gain":0.0,"event_name":"Liars Game","player_choice":"Ignored","floor":3.0,"gold_loss":0.0,"damage_taken":0.0},{"damage_healed":0.0,"max_hp_gain":0.0,"max_hp_loss":33.0,"gold_gain":0.0,"event_name":"Ghosts","player_choice":"Became a Ghost","floor":20.0,"gold_loss":0.0,"damage_taken":0.0,"cards_obtained":["Ghostly","Ghostly","Ghostly"]},{"damage_healed":0,"gold_gain":0,"player_choice":"Simplicity","damage_taken":0,"max_hp_gain":0,"max_hp_loss":0,"event_name":"Back to Basics","floor":28,"gold_loss":0,"cards_upgraded":["Strike_G","Strike_G","Strike_G","Defend_G","Defend_G","Defend_G","Defend_G"]}],"is_beta":false,"boss_relics":[{"not_picked":["Pandora\u0027s Box","Velvet Choker"],"picked":"Busted Crown"}],"items_purged_floors":[],"is_endless":false,"potions_floor_spawned":[2,5,10,14,16,18,21,24,27,29,30,31],"killed_by":"Automaton","ascension_level":20}}