{"host":"u8f6oqzdc7r6igag","time":1613177326,"event":{"mods":["BaseMod","Minty Spire (QoL Compilation)","Relic Stats"],"gold_per_floor":[110,110,120,6,26,53,65,90,142,142,142,142,142,158,158,253,253,264,280,296,296,316,316,336,370,422,393,404,404,419,419,419],"floor_reached":31,"language":"ENG","playtime":1286,"items_purged":["Defend_R"],"score":388,"play_id":"cd51634a-2fd7-4d23-8988-8e4a4813d88c","local_time":"20210212184846","is_ascension_mode":true,"campfire_choices":[{"data":"Inflame","floor":12.0,"key":"SMITH"},{"floor":15.0,"key":"REST"},{"data":"True Grit","floor":23.0,"key":"SMITH"}],"circlet_count":0,"master_deck":["Strike_R","Strike_R","Defend_R","Defend_R","Defend_R","Bash","True Grit+1","Inflame+1","Combust","Pommel Strike","Cleave","Thunderclap","Barricade+1","Shrug It Off","Demon Form+1","Fire Breathing+1","Sword Boomerang+1","Spot Weakness+1","Blood for Blood+1","Body Slam","Pummel","Shockwave"],"relics":["Burning Blood","NeowsBlessing","Matryoshka","Frozen Egg 2","Tiny Chest","MealTicket","Gambling Chip","Snecko Eye","Strawberry","Paper Frog","MawBank","Nloth\u0027s Gift"],"acts_visited":["Exordium","TheCity"],"potions_floor_usage":[31],"damage_taken":[{"damage":0.0,"enemies":"Small Slimes","floor":1.0,"turns":1.0},{"damage":0.0,"enemies":"Cultist","floor":3.0,"turns":1.0},{"damage":0.0,"enemies":"2 Louse","floor":5.0,"turns":2.0},{"damage":29.0,"enemies":"Gremlin Nob","floor":6.0,"turns":4.0},{"damage":11.0,"enemies":"2 Fungi Beasts","floor":7.0,"turns":3.0},{"damage":38.0,"enemies":"Lagavulin","floor":8.0,"turns":7.0},{"damage":12.0,"enemies":"Gremlin Gang","floor":14.0,"turns":2.0},{"damage":31.0,"enemies":"The Guardian","floor":16.0,"turns":18.0},{"damage":0.0,"enemies":"Chosen","floor":18.0,"turns":3.0},{"damage":20.0,"enemies":"Spheric Guardian","floor":19.0,"turns":4.0},{"damage":14.0,"enemies":"Snake Plant","floor":20.0,"turns":3.0},{"damage":13.0,"enemies":"Snecko","floor":22.0,"turns":3.0},{"damage":26.0,"enemies":"Shelled Parasite and Fungi","floor":24.0,"turns":3.0},{"damage":26.0,"enemies":"Slavers","floor":25.0,"turns":5.0},{"damage":24.0,"enemies":"Snake Plant","floor":28.0,"turns":3.0},{"damage":2.0,"enemies":"Snecko","floor":30.0,"turns":3.0},{"damage":26,"enemies":"Centurion and Healer","floor":31,"turns":2}],"seed_played":"6307141581380801043","potions_obtained":[{"floor":3.0,"key":"HeartOfIron"},{"floor":6.0,"key":"Fruit Juice"},{"floor":7.0,"key":"SteroidPotion"},{"floor":20.0,"key":"GamblersBrew"},{"floor":25.0,"key":"SteroidPotion"},{"floor":28.0,"key":"Fruit Juice"},{"floor":30.0,"key":"LiquidMemories"}],"is_trial":false,"path_per_floor":["M","?","M","$","M","E","M","E","T","?","?","R","?","M","R","B",null,"M","M","M","T","M","R","M","E","T","$","M","?","M","M"],"character_chosen":"IRONCLAD","items_purchased":["Combust","Pummel"],"campfire_rested":1,"item_purchase_floors":[4,27],"current_hp_per_floor":[78,78,80,80,80,57,52,20,20,20,13,13,13,7,36,11,67,73,59,51,58,51,51,31,11,11,26,13,13,17,0,0],"gold":419,"neow_bonus":"THREE_ENEMY_KILL","is_daily":false,"chose_seed":false,"campfire_upgraded":2,"win_rate":0.0,"timestamp":1613177326,"path_taken":["M","?","?","$","M","E","M","E","T","?","?","R","?","M","R","BOSS","M","M","M","?","?","R","M","E","T","$","?","?","M","M"],"items_purchased_type":["Card","Card"],"build_version":"2020-12-22","purchased_purges":1,"victory":false,"max_hp_per_floor":[80,80,80,80,80,80,80,80,80,80,80,80,80,80,85,85,85,85,85,85,92,92,92,92,92,92,92,97,97,97,97,97],"relic_stats":{"counters":[17,67],"Gambling Chip":[61],"Snecko Eye":[62,64,65,71],"Tiny Chest":1,"MealTicket":15,"Nloth\u0027s Gift":0,"MawBank":12,"obtain_stats":[{"NeowsBlessing":0,"Bag of Preparation":25,"Frozen Egg 2":8,"MawBank":26,"Burning Blood":0,"Matryoshka":6,"Gambling Chip":10,"Strawberry":21,"Snecko Eye":17,"Tiny Chest":9,"MealTicket":9,"Nloth\u0027s Gift":29,"Paper Frog":21},{"NeowsBlessing":0,"Bag of Preparation":14,"Frozen Egg 2":6,"MawBank":14,"Burning Blood":0,"Matryoshka":4,"Gambling Chip":6,"Strawberry":11,"Snecko Eye":8,"Tiny Chest":6,"MealTicket":6,"Nloth\u0027s Gift":15,"Paper Frog":11},{"NeowsBlessing":0,"Bag of Preparation":59,"Frozen Egg 2":18,"MawBank":59,"Burning Blood":0,"Matryoshka":8,"Gambling Chip":18,"Strawberry":48,"Snecko Eye":38,"Tiny Chest":18,"MealTicket":18,"Nloth\u0027s Gift":62,"Paper Frog":48}],"Burning Blood":86},"card_choices":[{"not_picked":["Perfected Strike","Flex"],"picked":"True Grit","floor":1.0},{"not_picked":["Anger","Battle Trance"],"picked":"Inflame","floor":3.0},{"not_picked":["Wild Strike","Body Slam"],"picked":"Pommel Strike","floor":5.0},{"not_picked":["Flex","Fiend Fire"],"picked":"Cleave","floor":6.0},{"not_picked":["Pommel Strike","Body Slam","Armaments"],"picked":"SKIP","floor":7.0},{"not_picked":["True Grit","Fiend Fire"],"picked":"Thunderclap","floor":8.0},{"not_picked":["Carnage","Iron Wave"],"picked":"Shrug It Off","floor":14.0},{"not_picked":["Barricade+1","Limit Break"],"picked":"Demon Form+1","floor":16.0},{"not_picked":["Perfected Strike","Whirlwind+1"],"picked":"Fire Breathing+1","floor":18.0},{"not_picked":["Blood for Blood","Iron Wave"],"picked":"Sword Boomerang+1","floor":19.0},{"not_picked":["Rage","Armaments"],"picked":"Spot Weakness+1","floor":20.0},{"not_picked":["Cleave","Feel No Pain+1"],"picked":"Blood for Blood+1","floor":22.0},{"not_picked":["Double Tap","Warcry"],"picked":"Body Slam","floor":24.0},{"not_picked":["Sentinel","Juggernaut+1","Fiend Fire"],"picked":"SKIP","floor":25.0},{"not_picked":["True Grit","Intimidate","Iron Wave"],"picked":"SKIP","floor":28.0},{"not_picked":["Clash","Armaments"],"picked":"Shockwave","floor":30.0}],"player_experience":181424,"relics_obtained":[{"floor":6.0,"key":"Matryoshka"},{"floor":8.0,"key":"Frozen Egg 2"},{"floor":9.0,"key":"Tiny Chest"},{"floor":9.0,"key":"MealTicket"},{"floor":21.0,"key":"Strawberry"},{"floor":21.0,"key":"Paper Frog"},{"floor":25.0,"key":"Bag of Preparation"},{"floor":26.0,"key":"MawBank"}],"event_choices":[{"cards_removed":["Strike_R"],"damage_healed":0.0,"max_hp_gain":0.0,"max_hp_loss":0.0,"gold_gain":0.0,"event_name":"Bonfire Elementals","player_choice":"Offered Basic","floor":2.0,"gold_loss":0.0,"damage_taken":0.0},{"damage_healed":0.0,"max_hp_gain":0.0,"max_hp_loss":0.0,"gold_gain":0.0,"event_name":"Dead Adventurer","player_choice":"Searched \u00272\u0027 times","floor":10.0,"gold_loss":0.0,"damage_taken":0.0,"relics_obtained":["Gambling Chip"]},{"cards_removed":["Strike_R"],"damage_healed":0.0,"max_hp_gain":0.0,"max_hp_loss":0.0,"gold_gain":0.0,"event_name":"Golden Wing","player_choice":"Card Removal","floor":11.0,"gold_loss":0.0,"damage_taken":7.0},{"damage_healed":0.0,"max_hp_gain":0.0,"max_hp_loss":0.0,"gold_gain":0.0,"cards_transformed":["Strike_R"],"event_name":"Living Wall","player_choice":"Change","floor":13.0,"gold_loss":0.0,"damage_taken":0.0,"cards_obtained":["Barricade"]},{"damage_healed":0.0,"max_hp_gain":0.0,"max_hp_loss":0.0,"gold_gain":0.0,"event_name":"N\u0027loth","player_choice":"Traded Relic","floor":29.0,"relics_lost":["Bag of Preparation"],"gold_loss":0.0,"damage_taken":0.0,"relics_obtained":["Nloth\u0027s Gift"]}],"is_beta":false,"boss_relics":[{"not_picked":["Runic Pyramid","Astrolabe"],"picked":"Snecko Eye"}],"items_purged_floors":[4],"is_endless":false,"potions_floor_spawned":[3,6,7,20,25,28,30],"killed_by":"Centurion and Healer","ascension_level":7}}