{"host":"v4tuy5ykrbdcm9o9","time":1613191821,"event":{"mods":["BaseMod","Duelist Mod","Minty Spire (QoL Compilation)","Replay The Spire","StSLib"],"gold_per_floor":[217,236,251,251,264,299,299,299,299],"floor_reached":8,"language":"ENG","playtime":3929,"items_purged":[],"score":84,"play_id":"184f98b1-26b4-497a-9ea6-278e3d608c5d","local_time":"20210212235021","is_ascension_mode":true,"campfire_choices":[{"floor":7,"key":"RECALL"}],"circlet_count":0,"master_deck":["Strike_G","Strike_G","Strike_G","Strike_G","Strike_G","Defend_G","Defend_G","Defend_G","Defend_G","Defend_G","Survivor","Neutralize","ReplayTheSpireMod:Scrap Shanks","Hidden Blade","Backflip","Flying Knee","Blade Dance"],"relics":["Sizzling Blood","MealTicket"],"acts_visited":["Exordium"],"potions_floor_usage":[],"damage_taken":[{"damage":6.0,"enemies":"Jaw Worm","floor":1.0,"turns":6.0},{"damage":0.0,"enemies":"2 Louse","floor":2.0,"turns":1.0},{"damage":9.0,"enemies":"Small Slimes","floor":3.0,"turns":4.0},{"damage":0.0,"enemies":"Blue Slaver","floor":5.0,"turns":7.0},{"damage":15.0,"enemies":"Replay:BlueRogue","floor":6.0,"turns":16.0},{"damage":31,"enemies":"Lagavulin","floor":8,"turns":9}],"seed_played":"-6690026032133496546","potions_obtained":[{"floor":1.0,"key":"Explosive Potion"},{"floor":3.0,"key":"Dexterity Potion"}],"is_trial":false,"path_per_floor":["M","M","M","?","M","E","R","E"],"character_chosen":"THE_SILENT","items_purchased":[],"campfire_rested":0,"item_purchase_floors":[],"current_hp_per_floor":[57,57,48,52,56,45,45,14,14],"gold":299,"neow_bonus":"HUNDRED_GOLD","is_daily":false,"chose_seed":false,"campfire_upgraded":0,"win_rate":0.0,"timestamp":1613191821,"path_taken":["M","M","M","?","M","E","R","E"],"items_purchased_type":[],"build_version":"2020-12-22","purchased_purges":0,"victory":false,"max_hp_per_floor":[70,70,70,74,74,74,74,74,74],"card_choices":[{"not_picked":["Blur","Bouncing Flask"],"picked":"ReplayTheSpireMod:Scrap Shanks","floor":1.0},{"not_picked":["Deadly Poison","PiercingWail"],"picked":"Hidden Blade","floor":2.0},{"not_picked":["PiercingWail","ReplayTheSpireMod:From All Sides"],"picked":"Backflip","floor":3.0},{"not_picked":["Blade Dance","Cloak And Dagger"],"picked":"Flying Knee","floor":5.0},{"not_picked":["Riddle With Holes","Deflect"],"picked":"Blade Dance","floor":6}],"player_experience":852452,"relics_obtained":[{"floor":6,"key":"MealTicket"}],"event_choices":[],"is_beta":false,"boss_relics":[],"items_purged_floors":[],"is_endless":false,"potions_floor_spawned":[1,3],"killed_by":"Lagavulin","ascension_level":9}}