{"host":"m4pe905ae9bldoe7","time":1613248295,"event":{"mods":["BaseMod","Bestiary","Block Reminder","Downfall","Minty Spire (QoL Compilation)","StSLib"],"gold_per_floor":[117,117,143,25,49,49,76,151,151,175,175,175],"floor_reached":11,"language":"ENG","playtime":228,"items_purged":["Defend_R"],"score":135,"play_id":"7ffae924-3464-4fc6-800a-df53008071d6","local_time":"20210213213135","is_ascension_mode":true,"campfire_choices":[{"data":"Inflame","floor":6,"key":"SMITH"}],"circlet_count":0,"master_deck":["AscendersBane","Strike_R","Strike_R","Strike_R","Strike_R","Strike_R","Defend_R","Defend_R","Defend_R","Bash+1","Inflame+1","Sword Boomerang","Sword Boomerang","Pummel"],"relics":["Burning Blood","Strawberry","CeramicFish","Pantograph","Bottled Flame"],"acts_visited":["Exordium"],"potions_floor_usage":[11],"damage_taken":[{"damage":7,"enemies":"Jaw Worm","floor":1,"turns":5},{"damage":14,"enemies":"Small Slimes","floor":5,"turns":3},{"damage":40,"enemies":"Lagavulin","floor":7,"turns":6},{"damage":13,"enemies":"2 Louse","floor":10,"turns":3},{"damage":20,"enemies":"3 Sentries","floor":11,"turns":3}],"seed_played":"-3259061826736869836","potions_obtained":[{"floor":7,"key":"SpeedPotion"},{"floor":10,"key":"SteroidPotion"}],"is_trial":false,"path_per_floor":["M","?","T","$","M","R","E","?","T","M","E"],"character_chosen":"IRONCLAD","items_purchased":["Sword Boomerang"],"campfire_rested":0,"item_purchase_floors":[4],"current_hp_per_floor":[74,74,74,74,66,66,32,21,21,14,0,0],"gold":175,"neow_bonus":"RANDOM_COMMON_RELIC","is_daily":false,"chose_seed":false,"campfire_upgraded":1,"win_rate":0.0,"timestamp":1613248295,"path_taken":["M","?","?","$","M","R","E","?","T","M","E"],"items_purchased_type":["Card"],"build_version":"2020-12-22","purchased_purges":1,"victory":false,"max_hp_per_floor":[82,82,82,82,82,82,82,82,82,82,82,82],"card_choices":[{"not_picked":["Body Slam","Infernal Blade"],"picked":"Inflame","floor":1},{"not_picked":["Evolve","Flex"],"picked":"Sword Boomerang","floor":5},{"not_picked":["Havoc","Infernal Blade","Power Through"],"picked":"SKIP","floor":7},{"not_picked":["Warcry","Dark Embrace"],"picked":"Pummel","floor":10}],"player_experience":596821,"relics_obtained":[{"floor":3,"key":"CeramicFish"},{"floor":7,"key":"Pantograph"},{"floor":9,"key":"Bottled Flame"}],"event_choices":[{"damage_healed":0,"gold_gain":0,"player_choice":"Grow","damage_taken":0,"max_hp_gain":0,"max_hp_loss":0,"event_name":"Living Wall","floor":2,"gold_loss":0,"cards_upgraded":["Bash"]},{"damage_healed":0,"gold_gain":75,"player_choice":"Gather Gold","damage_taken":11,"max_hp_gain":0,"max_hp_loss":0,"event_name":"World of Goop","floor":8,"gold_loss":0}],"is_beta":false,"boss_relics":[],"items_purged_floors":[4],"is_endless":false,"potions_floor_spawned":[7,10],"killed_by":"3 Sentries","ascension_level":18}}