{"host":"awrw1gk2acwismlg","time":1613186694,"event":{"mods":["ATMod(阿瑾Mod)","Aspiration","BaseMod","Bestiary","Challenge The Spire","Conspire","Downfall","Energized Spire","Hermit","Jedi Mod","Marked Mod","Minty Spire (QoL Compilation)","Morshu Shopkeeper","Morshu Shopkeeper - ENHANCED","Quarter Circle Forward PUNCH!","Reliquary","Remilia_Scarlet Moed（蕾米莉亚・斯卡雷特）3.3.5","Replay The Spire","SIMod","Shop Mod","Small Relic Pack","StSLib","The Bug Knight","The Cursed","Warlord Emblem","Wide Potions","Yakumo Yukari mod","【遗物卡牌】REMEMod","篝火指南"],"gold_per_floor":[114,114,126,146,146,146,146,146,146,166,177,190,190,201,201,303,303,322,339,354,373,373,373],"floor_reached":22,"language":"ZHS","playtime":2826,"items_purged":[],"score":182,"play_id":"57bee728-deb8-46a3-8cf0-3987f9f4fe31","local_time":"20210213112454","is_ascension_mode":false,"campfire_choices":[{"data":"AT_FamilyPortrait","floor":6.0,"key":"SMITH"},{"data":"Replay:DivineShield","floor":8.0,"key":"SMITH"},{"floor":15.0,"key":"DIG"}],"circlet_count":0,"master_deck":["Strike_P","Strike_P","Defend_P+1","Defend_P+1","Eruption","Vigilance+1","AT_FamilyPortrait+1","DevaForm","Replay:Anticipation","RemiliaMod:CYMZW","Replay:DivineShield+1","EmptyBody","Halt","EmptyMind","DeceiveReality","AT_IrregularMenstruation","WindmillStrike"],"relics":["PureWater","REME_ComplimentaryCards","AT_ATBox","Smiling Mask","conspire:DeflatedDodgeball","Simple Rune","jedi:cryingmask","Empty Cage"],"acts_visited":["Exordium","TheCity"],"potions_floor_usage":[20,22],"damage_taken":[{"damage":0.0,"enemies":"Small Slimes","floor":1.0,"turns":3.0},{"damage":11.0,"enemies":"Jaw Worm","floor":3.0,"turns":6.0},{"damage":0.0,"enemies":"2 Louse","floor":4.0,"turns":4.0},{"damage":5.0,"enemies":"3 Louse","floor":10.0,"turns":6.0},{"damage":2.0,"enemies":"Looter","floor":11.0,"turns":3.0},{"damage":0.0,"enemies":"2 Fungi Beasts","floor":12.0,"turns":5.0},{"damage":2.0,"enemies":"conspire:2 RoseBushes","floor":14.0,"turns":7.0},{"damage":14.0,"enemies":"Hexaghost","floor":16.0,"turns":10.0},{"damage":5,"enemies":"Chosen","floor":18,"turns":10},{"damage":75,"enemies":"Cultist and Chosen","floor":19,"turns":10},{"damage":0,"enemies":"Centurion and Healer","floor":20,"turns":9},{"damage":0,"enemies":"conspire:HollyBat","floor":21,"turns":11},{"damage":13,"enemies":"Cultist and Chosen","floor":22,"turns":5}],"seed_played":"-5220671439559497048","potions_obtained":[{"floor":1.0,"key":"AttackPotion"},{"floor":4.0,"key":"REME_GoldPotion"},{"floor":10.0,"key":"Cursed Concoction"},{"floor":16.0,"key":"bronze:BurnAndBuffPotion"},{"floor":21,"key":"LiquidBronze"}],"is_trial":false,"path_per_floor":["M","?","M","M","?","R","T","R","T","M","M","M","?","M","R","B",null,"M","M","M","M","M"],"character_chosen":"WATCHER","items_purchased":[],"campfire_rested":0,"item_purchase_floors":[],"current_hp_per_floor":[72,77,66,66,66,66,66,66,66,63,61,61,61,59,59,46,80,80,5,5,5,0,0],"gold":373,"neow_bonus":"RANDOM_COMMON_RELIC","is_daily":false,"chose_seed":false,"campfire_upgraded":2,"win_rate":0.0,"timestamp":1613186694,"path_taken":["M","?","M","M","?","R","?","R","T","?","M","M","?","M","R","BOSS","M","M","?","M","M"],"items_purchased_type":[],"build_version":"2020-12-22","purchased_purges":0,"victory":false,"max_hp_per_floor":[72,77,77,77,77,77,77,77,77,79,79,79,79,79,79,80,80,80,80,80,80,80,80],"card_choices":[{"not_picked":["SashWhip","REME_Repentance"],"picked":"Replay:Anticipation","floor":1.0},{"not_picked":["ThirdEye","JustLucky"],"picked":"Replay:DivineShield","floor":3.0},{"not_picked":["CarveReality","Replay:Anticipation"],"picked":"EmptyBody","floor":4.0},{"not_picked":["SashWhip","AT_SoftenMuscles","ClearTheMind"],"picked":"SKIP","floor":10.0},{"not_picked":["Evaluate","SashWhip"],"picked":"Halt","floor":11.0},{"not_picked":["AT_RealFormLess","MarkedMod:Acupuncture"],"picked":"EmptyMind","floor":12.0},{"not_picked":["PathToVictory","Tantrum"],"picked":"DeceiveReality","floor":14.0},{"not_picked":["MarkedMod:SlowDance","ConjureBlade"],"picked":"AT_IrregularMenstruation","floor":16.0},{"not_picked":["Fasting2","MarkedMod:GentlePulse","Protect"],"picked":"SKIP","floor":18},{"not_picked":["SashWhip+1","Replay:BluntJabs+1","ClearTheMind"],"picked":"SKIP","floor":19},{"not_picked":["Replay:AtTheReady","Consecrate","CutThroughFate+1"],"picked":"SKIP","floor":20},{"not_picked":["AT_ChampionStep","FollowUp+1"],"picked":"WindmillStrike","floor":21}],"player_experience":113838,"relics_obtained":[{"floor":7.0,"key":"conspire:DeflatedDodgeball"},{"floor":9.0,"key":"Simple Rune"},{"floor":15.0,"key":"jedi:cryingmask"}],"event_choices":[{"damage_healed":0.0,"max_hp_gain":5.0,"max_hp_loss":0.0,"gold_gain":0.0,"event_name":"Remilia_CDSJ09","player_choice":"CYMZW","floor":2.0,"gold_loss":0.0,"damage_taken":0.0},{"cards_removed":["Strike_P"],"damage_healed":0.0,"max_hp_gain":0.0,"max_hp_loss":0.0,"gold_gain":0.0,"event_name":"Bonfire Elementals","player_choice":"Offered Basic","floor":13.0,"gold_loss":0.0,"damage_taken":0.0}],"is_beta":false,"boss_relics":[{"not_picked":["Runic Pyramid","Ectoplasm"],"picked":"Empty Cage"}],"items_purged_floors":[],"is_endless":false,"potions_floor_spawned":[1,4,10,16,21],"killed_by":"Cultist and Chosen","ascension_level":0}}