{"host":"artti7o26te9gn1a","time":1613184073,"event":{"mods":["AchievementEnabler","BaseMod","Beaked The Cultist","BetterRewards","Downfall","Minty Spire (QoL Compilation)","StSLib","Trackpad"],"gold_per_floor":[118,118,132,32,43,43,77,77,103,53,82,82,101,121,121,220,220,230,255,274,274,274,274,305,305,305,318,318,350,369,385,385,480,480,499,116,196,246,246,280,280,280,280,280,306,322,322,375,375,375],"floor_reached":51,"language":"ENG","playtime":4262,"items_purged":["Slimebound:Tackle","Slimebound:Strike_Slimebound","Regret"],"score":974,"play_id":"fa2e7f76-81e3-491d-b894-2f52c5cd9257","local_time":"20210213034113","is_ascension_mode":false,"campfire_choices":[{"floor":6,"key":"REST"},{"data":"Slimebound:CorrosiveSpit","floor":8,"key":"SMITH"},{"data":"Slimebound:Replication","floor":15,"key":"SMITH"},{"data":"Slimebound:RejuvenatingLick","floor":23,"key":"SMITH"},{"floor":25,"key":"REST"},{"data":"Slimebound:Gluttony","floor":28,"key":"SMITH"},{"data":"Slimebound:LeechEnergy","floor":32,"key":"SMITH"},{"data":"Slimebound:PressTheAttack","floor":41,"key":"SMITH"},{"data":"Apotheosis","floor":44,"key":"SMITH"},{"data":"Slimebound:Grow","floor":47,"key":"SMITH"},{"data":"Slimebound:SlimeSlap","floor":49,"key":"SMITH"}],"circlet_count":0,"master_deck":["Slimebound:CorrosiveSpit+1","Slimebound:RejuvenatingLick+1","Slimebound:TongueLash","Slimebound:LivingWall","Slimebound:SamplingLick","Slimebound:GrowthPunch","Slimebound:HauntingLick","Slimebound:Replication+1","Slimebound:Schlurp","Slimebound:LeechingTouch","Slimebound:Schlurp","Slimebound:SlimeSlap+1","Slimebound:LeechEnergy+1","Writhe","Slimebound:TongueLash+1","J.A.X.","Slimebound:LeechingTouch","Slimebound:SamplingLick","Slimebound:Gluttony+1","Slimebound:SlimeSlap","Slimebound:ItLooksTasty+1","Slimebound:MegaLick","Slimebound:OozeBath","Slimebound:FormOfPuddle","Slimebound:SamplingLick","Slimebound:Grow+1","Slimebound:SplitLeeching","Slimebound:DivideAndConquer","Slimebound:SplitMire+1","downfall:Haunted","Slimebound:PressTheAttack+1","Slimebound:Equalize+1","Slimebound:LeechLife","Apotheosis+1","Injury","Shame"],"relics":["Slimebound:AbsorbEndCombat","Dream Catcher","Bag of Preparation","Tiny Chest","Ancient Tea Set","Cursed Key","trackpad:PetRock","Ice Cream","trackpad:RapidFire","Eternal Feather","Pandora\u0027s Box","Singing Bowl","Ornamental Fan","TungstenRod","Darkstone Periapt","Dead Branch","Slimebound:AggressiveSlimeRelic","Orichalcum"],"acts_visited":["Exordium","TheCity","TheBeyond"],"potions_floor_usage":[],"damage_taken":[{"damage":11,"enemies":"Jaw Worm","floor":1,"turns":3},{"damage":0,"enemies":"2 Louse","floor":3,"turns":2},{"damage":0,"enemies":"Small Slimes","floor":5,"turns":3},{"damage":26,"enemies":"3 Sentries","floor":7,"turns":12},{"damage":20,"enemies":"Gremlin Nob","floor":11,"turns":4},{"damage":0,"enemies":"Exordium Wildlife","floor":13,"turns":4},{"damage":0,"enemies":"Large Slime","floor":14,"turns":5},{"damage":23,"enemies":"Slime Boss","floor":16,"turns":14},{"damage":0,"enemies":"2 Thieves","floor":18,"turns":3},{"damage":0,"enemies":"Spheric Guardian","floor":20,"turns":3},{"damage":36,"enemies":"Slavers","floor":24,"turns":6},{"damage":9,"enemies":"Snecko","floor":27,"turns":3},{"damage":20,"enemies":"Gremlin Leader","floor":29,"turns":7},{"damage":20,"enemies":"Shelled Parasite and Fungi","floor":30,"turns":3},{"damage":0,"enemies":"Cultist and Chosen","floor":31,"turns":4},{"damage":15,"enemies":"Champ","floor":33,"turns":6},{"damage":7,"enemies":"3 Shapes","floor":35,"turns":3},{"damage":24,"enemies":"2 Orb Walkers","floor":38,"turns":4},{"damage":4,"enemies":"2 Orb Walkers","floor":39,"turns":3},{"damage":38,"enemies":"Nemesis","floor":40,"turns":5},{"damage":0,"enemies":"Reptomancer","floor":45,"turns":4},{"damage":0,"enemies":"Orb Walker","floor":46,"turns":2},{"damage":6,"enemies":"Time Eater","floor":50,"turns":7}],"seed_played":"-3908085505897232881","potions_obtained":[{"floor":7,"key":"Ancient Potion"},{"floor":11,"key":"FairyPotion"},{"floor":14,"key":"DuplicationPotion"},{"floor":45,"key":"GamblersBrew"}],"is_trial":false,"path_per_floor":["M","?","M","$","M","R","E","R","T","?","E","?","M","M","R","B",null,"M","T","M","?","?","R","E","R","T","M","R","E","M","M","R","B",null,"M","$","T","?","?","E","R","?","T","R","E","M","R","T","R","B",null],"character_chosen":"SLIMEBOUND","items_purchased":["Slimebound:RejuvenatingLick","Slimebound:TongueLash","Dream Catcher","Singing Bowl"],"campfire_rested":2,"item_purchase_floors":[0,0,0,36],"current_hp_per_floor":[58,51,57,57,65,65,45,45,45,45,31,31,37,45,45,30,65,65,65,65,65,65,65,31,50,50,49,49,37,25,33,48,41,65,58,58,58,42,46,28,46,46,52,71,73,75,75,81,81,81],"gold":375,"neow_bonus":"","is_daily":false,"chose_seed":false,"campfire_upgraded":9,"win_rate":0.0,"timestamp":1613184073,"path_taken":["M","?","M","$","M","R","E","R","T","?","E","?","?","M","R","BOSS","M","?","M","?","?","R","E","R","T","M","R","E","?","M","R","BOSS","M","$","?","?","?","E","R","?","T","R","E","M","R","?","R","BOSS"],"items_purchased_type":["Card","Card","Relic","Relic"],"build_version":"2020-12-22","purchased_purges":3,"victory":true,"max_hp_per_floor":[65,65,65,65,65,65,65,65,65,65,65,65,65,65,65,65,65,65,65,65,65,65,65,65,65,65,65,65,65,65,65,65,65,65,65,65,65,65,65,65,65,65,71,71,73,75,75,81,81,81],"card_choices":[{"not_picked":["Slimebound:ViciousTackle","Slimebound:ComboTackle"],"picked":"Slimebound:LivingWall","floor":1},{"not_picked":["Slimebound:GoopSpray","Slimebound:GoopTackle"],"picked":"Slimebound:SamplingLick","floor":3},{"not_picked":["Slimebound:LivingWall","Slimebound:GoopSpray"],"picked":"Slimebound:GrowthPunch","floor":5},{"not_picked":["Slimebound:GoopTackle","Slimebound:WasteNot"],"picked":"Slimebound:HauntingLick","floor":6},{"not_picked":["Slimebound:SplitBruiser","Slimebound:ForwardTackle"],"picked":"Slimebound:Replication","floor":7},{"not_picked":["Slimebound:HauntingLick","Slimebound:RollThrough"],"picked":"Slimebound:Schlurp","floor":11},{"not_picked":["Slimebound:LivingWall","Slimebound:GoopTackle"],"picked":"Slimebound:LeechingTouch","floor":13},{"not_picked":["Slimebound:HauntingLick","Slimebound:SplitLeeching"],"picked":"Slimebound:Schlurp","floor":14},{"not_picked":["Slimebound:CheckThePlaybook","Slimebound:Teamwork"],"picked":"Slimebound:SlimeSlap","floor":16},{"not_picked":["Slimebound:ForwardTackle","Slimebound:GrowthPunch"],"picked":"Slimebound:LeechEnergy","floor":18},{"not_picked":["Slimebound:HauntingLick","Slimebound:SplitAcid"],"picked":"Slimebound:TongueLash+1","floor":20},{"not_picked":["Slimebound:TongueLash+1","Slimebound:SplitLeeching"],"picked":"Slimebound:LeechingTouch","floor":24},{"not_picked":["Slimebound:BestDefense","Slimebound:LivingWall+1"],"picked":"Slimebound:SamplingLick","floor":25},{"not_picked":["Slimebound:Prepare+1","Slimebound:RollThrough"],"picked":"Slimebound:Gluttony","floor":27},{"not_picked":["Slimebound:FlameTackle","Slimebound:TongueLash"],"picked":"Slimebound:SlimeSlap","floor":29},{"not_picked":["Slimebound:SplitBruiser","Slimebound:FinishingTackle"],"picked":"Slimebound:ItLooksTasty+1","floor":30},{"not_picked":["Slimebound:Gluttony","Slimebound:FinishingTackle"],"picked":"Slimebound:MegaLick","floor":31},{"not_picked":["Slimebound:SlimeSlap","Slimebound:CheckThePlaybook"],"picked":"Slimebound:OozeBath","floor":33},{"not_picked":["Slimebound:LeechEnergy","Slimebound:ItLooksTasty+1"],"picked":"Slimebound:SplitMire+1","floor":35},{"not_picked":["Slimebound:RollThrough+1","Slimebound:LivingWall+1"],"picked":"Slimebound:PressTheAttack","floor":38},{"not_picked":["Slimebound:GoopTackle+1","Slimebound:SlimeSpikes"],"picked":"Slimebound:Equalize+1","floor":39},{"not_picked":["Slimebound:LivingWall","Slimebound:TongueLash+1"],"picked":"Slimebound:LeechLife","floor":40},{"not_picked":["Deep Breath","Magnetism"],"picked":"Apotheosis","floor":42},{"not_picked":["Slimebound:Schlurp+1","Slimebound:Overexert","Slimebound:SelfFormingGoo"],"picked":"Singing Bowl","floor":45},{"not_picked":["Slimebound:RollThrough","Slimebound:Prepare+1","Slimebound:LivingWall+1"],"picked":"Singing Bowl","floor":46}],"player_experience":782599,"relics_obtained":[{"floor":7,"key":"Bag of Preparation"},{"floor":9,"key":"Tiny Chest"},{"floor":11,"key":"Ancient Tea Set"},{"floor":19,"key":"trackpad:PetRock"},{"floor":24,"key":"Ice Cream"},{"floor":26,"key":"trackpad:RapidFire"},{"floor":29,"key":"Eternal Feather"},{"floor":37,"key":"Ornamental Fan"},{"floor":38,"key":"TungstenRod"},{"floor":40,"key":"Darkstone Periapt"},{"floor":43,"key":"Dead Branch"},{"floor":45,"key":"Slimebound:AggressiveSlimeRelic"},{"floor":48,"key":"Orichalcum"}],"event_choices":[{"cards_removed":["Slimebound:Split"],"damage_healed":0,"gold_gain":0,"player_choice":"Card Removal","damage_taken":7,"max_hp_gain":0,"max_hp_loss":0,"event_name":"Golden Wing","floor":2,"gold_loss":0},{"cards_removed":["Slimebound:Strike_Slimebound"],"damage_healed":0,"gold_gain":0,"player_choice":"Card Removal","damage_taken":0,"max_hp_gain":0,"max_hp_loss":0,"event_name":"The Cleric","floor":10,"gold_loss":50},{"damage_healed":0,"gold_gain":0,"player_choice":"Ignored","damage_taken":0,"max_hp_gain":0,"max_hp_loss":0,"event_name":"Shining Light","floor":12,"gold_loss":0},{"damage_healed":0,"gold_gain":0,"player_choice":"Obtain J.A.X.","damage_taken":0,"max_hp_gain":0,"max_hp_loss":0,"event_name":"Drug Dealer","floor":21,"gold_loss":0,"cards_obtained":["J.A.X."]},{"damage_healed":0,"gold_gain":0,"player_choice":"Ignored","damage_taken":0,"max_hp_gain":0,"max_hp_loss":0,"event_name":"NoteForYourself","floor":22,"gold_loss":0},{"damage_healed":0,"gold_gain":0,"player_choice":"Fight","damage_taken":0,"max_hp_gain":0,"max_hp_loss":0,"event_name":"Mysterious Sphere","floor":38,"gold_loss":0},{"damage_healed":0,"gold_gain":0,"player_choice":"Memory 1","damage_taken":0,"max_hp_gain":0,"max_hp_loss":0,"event_name":"SensoryStone","floor":42,"gold_loss":0}],"is_beta":false,"boss_relics":[{"not_picked":["Sozu","beaked:SacredDeck"],"picked":"Cursed Key"},{"not_picked":["bronze:MakeshiftBattery","Snecko Eye"],"picked":"Pandora\u0027s Box"}],"items_purged_floors":[0,4,36],"is_endless":false,"potions_floor_spawned":[7,11,14,16,18,24,31,33,35,45,46],"ascension_level":0}}