{"host":"7iv10lxbxedtd0qh","time":1613255843,"event":{"mods":["100% Spire Juice","Act Like it!","BaseMod","Bestiary","CapriCore","Colored Map","Colored Powertips","Downfall","Minty Spire (QoL Compilation)","Spire Arcade","StSLib","The Alterego","The Immortal","The Marked","TheVacant"],"gold_per_floor":[119,119,9,9,20,20,63,63,87,123,23,59,59,80,80,188,188,217,237,26,55,55,55,98,98,150,0,0,37,61,93,93,196,196,222,250,250,10,22,42,42,79,79,79,79,79,79],"floor_reached":45,"language":"ENG","playtime":2300,"items_purged":["MokouMod:Strike","MokouMod:Strike","MokouMod:Strike","MokouMod:Strike","MokouMod:Sear+1"],"score":617,"play_id":"57f9a43b-a99e-4ad5-9961-ffd67182668f","local_time":"20210213233723","is_ascension_mode":true,"campfire_choices":[{"data":"MokouMod:Ventilation","floor":6.0,"key":"SMITH"},{"data":"MokouMod:IgneousBlow","floor":8.0,"key":"SMITH"},{"data":"MokouMod:TemporalFireSeal","floor":13.0,"key":"SMITH"},{"data":"MokouMod:ThermalPressure","floor":15.0,"key":"SMITH"},{"data":"MokouMod:TemporalFireSeal","floor":23.0,"key":"SMITH"},{"floor":25.0,"key":"REST"},{"data":"MokouMod:Strike","floor":32.0,"key":"PURGE"},{"data":"1","floor":44.0,"key":"LIFT"}],"circlet_count":0,"master_deck":["MokouMod:Defend+1","MokouMod:Defend","MokouMod:Defend","MokouMod:Defend","MokouMod:HeatSpark","MokouMod:Ventilation+1","MokouMod:IgneousBlow+1","MokouMod:CrimsonArmoury","MokouMod:IndiscriminateIgnition","MokouMod:TemporalFireSeal+1","MokouMod:ThermalPressure+1","MokouMod:Extinguish","MokouMod:TemporalFireSeal","MokouMod:ThermalPressure+1","Finesse+1","MokouMod:TemporalFireSeal+1","MokouMod:EnchantingBambooForest","MokouMod:Firecracker+1","MokouMod:Firecracker+1","MokouMod:Firecracker+1","MokouMod:ResonanceReactor","MokouMod:ControlledCombustion+1","MokouMod:BurningDraft+1"],"relics":["MokouMod:PhoenixFeather","CeramicFish","Juzu Bracelet","Matryoshka","Happy Flower","Odd Mushroom","Black Star","Nunchaku","Toxic Egg 2","Bronze Scales","War Paint","Gambling Chip","Darkstone Periapt","Vajra","Peace Pipe","Ginger","Turnip","Potion Belt","Thread and Needle","Sozu","Pocketwatch","Ice Cream","Prayer Wheel","Medical Kit","Girya","Dead Branch","Smiling Mask","Toy Ornithopter","Pear"],"acts_visited":["Exordium","TheCity","TheBeyond"],"potions_floor_usage":[],"damage_taken":[{"damage":5.0,"enemies":"2 Louse","floor":1.0,"turns":3.0},{"damage":1.0,"enemies":"Cultist","floor":5.0,"turns":3.0},{"damage":14.0,"enemies":"Gremlin Nob","floor":7.0,"turns":4.0},{"damage":26.0,"enemies":"Lagavulin","floor":10.0,"turns":7.0},{"damage":7.0,"enemies":"3 Sentries","floor":12.0,"turns":6.0},{"damage":13.0,"enemies":"The Mushroom Lair","floor":14.0,"turns":5.0},{"damage":17.0,"enemies":"Hexaghost","floor":16.0,"turns":8.0},{"damage":14.0,"enemies":"Chosen","floor":18.0,"turns":5.0},{"damage":50.0,"enemies":"Spheric Guardian","floor":19.0,"turns":9.0},{"damage":21.0,"enemies":"Cultist and Chosen","floor":21.0,"turns":8.0},{"damage":23.0,"enemies":"Book of Stabbing","floor":24.0,"turns":6.0},{"damage":5.0,"enemies":"Slavers","floor":29.0,"turns":3.0},{"damage":11.0,"enemies":"3 Cultists","floor":30.0,"turns":4.0},{"damage":2.0,"enemies":"Book of Stabbing","floor":31.0,"turns":3.0},{"damage":18.0,"enemies":"Champ","floor":33.0,"turns":4.0},{"damage":11.0,"enemies":"3 Darklings","floor":35.0,"turns":3.0},{"damage":9.0,"enemies":"Orb Walker","floor":36.0,"turns":5.0},{"damage":16.0,"enemies":"Maw","floor":39.0,"turns":5.0},{"damage":3.0,"enemies":"Writhing Mass","floor":40.0,"turns":7.0},{"damage":0.0,"enemies":"Nemesis","floor":42.0,"turns":3.0},{"damage":6,"enemies":"Sphere and 2 Shapes","floor":45,"turns":3}],"seed_played":"1343451042655054475","potions_obtained":[{"floor":1.0,"key":"AttackPotion"},{"floor":2.0,"key":"Block Potion"},{"floor":2.0,"key":"ColorlessPotion"},{"floor":2.0,"key":"Fire Potion"},{"floor":10.0,"key":"Block Potion"},{"floor":14.0,"key":"Regen Potion"},{"floor":16.0,"key":"BlessingOfTheForge"},{"floor":18.0,"key":"SpeedPotion"},{"floor":21.0,"key":"Block Potion"},{"floor":24.0,"key":"DistilledChaos"},{"floor":33.0,"key":"Dexterity Potion"}],"is_trial":false,"path_per_floor":["M","?","$","?","M","R","E","R","T","E","$","E","R","?","R","B",null,"M","M","$","M","?","R","E","R","T","$","?","E","M","E","R","B",null,"M","M","?","$","M","M","?","E","T","R","M"],"character_chosen":"MKU","items_purchased":["MokouMod:CrimsonArmoury","Finesse","MokouMod:ResonanceReactor"],"campfire_rested":1,"item_purchase_floors":[3,20,38],"current_hp_per_floor":[70,70,70,75,74,74,60,60,60,34,34,27,27,14,14,12,80,66,16,16,18,18,18,16,40,40,40,40,35,24,22,22,4,80,69,60,60,60,44,41,41,41,51,51,45,45,45],"gold":79,"neow_bonus":"ONE_RANDOM_RARE_CARD","is_daily":false,"chose_seed":false,"campfire_upgraded":5,"win_rate":0.0,"timestamp":1613255843,"path_taken":["M","?","?","?","?","R","E","R","T","E","$","E","R","?","R","BOSS","M","M","$","M","?","R","E","R","T","$","?","E","M","E","R","BOSS","M","M","?","$","M","M","?","E","T","R","M"],"items_purchased_type":["Card","Card","Card"],"build_version":"2020-12-22","purchased_purges":5,"victory":false,"max_hp_per_floor":[75,75,75,80,80,80,80,80,80,80,80,80,80,80,80,80,80,80,80,80,80,80,80,80,80,80,80,80,80,80,80,80,80,80,80,80,80,80,80,80,76,76,86,86,86,86,86],"card_choices":[{"not_picked":["MokouMod:RoaringFlare","MokouMod:WarmUp"],"picked":"MokouMod:IgneousBlow","floor":1.0},{"not_picked":["MokouMod:RisingSunBarrier","MokouMod:BlazingComet","MokouMod:Wildfire"],"picked":"SKIP","floor":5.0},{"not_picked":["MokouMod:Scorch","MokouMod:Cataclysm"],"picked":"MokouMod:IndiscriminateIgnition","floor":7.0},{"not_picked":["MokouMod:ImperishableFlame","MokouMod:ResoluteFlare"],"picked":"MokouMod:TemporalFireSeal","floor":10.0},{"not_picked":["MokouMod:DanceofFlames","MokouMod:InfernalWave"],"picked":"MokouMod:ThermalPressure","floor":12.0},{"not_picked":["MokouMod:ProfanedFlare","MokouMod:ExplosiveFlame"],"picked":"MokouMod:Extinguish","floor":16.0},{"not_picked":["MokouMod:BurningDraft","MokouMod:Wildfire"],"picked":"MokouMod:TemporalFireSeal","floor":18.0},{"not_picked":["MokouMod:EternalBurstReactor","MokouMod:TemporalFireSeal"],"picked":"MokouMod:ThermalPressure+1","floor":19.0},{"not_picked":["MokouMod:BurningDraft","MokouMod:WarmUp+1"],"picked":"MokouMod:TemporalFireSeal","floor":21.0},{"not_picked":["MokouMod:Ember","MokouMod:IgneousBlow"],"picked":"MokouMod:EnchantingBambooForest","floor":24.0},{"not_picked":["MokouMod:Combust","MokouMod:SearingShot"],"picked":"MokouMod:Sear+1","floor":29.0},{"not_picked":["MokouMod:Firecracker+1","MokouMod:HeatCyclone+1","MokouMod:EternalBurstReactor"],"picked":"SKIP","floor":30.0},{"not_picked":["MokouMod:HeatCyclone+1","MokouMod:EternalBurstReactor"],"picked":"MokouMod:Firecracker+1","floor":30.0},{"not_picked":["MokouMod:RoaringFlare+1","MokouMod:Sear+1","MokouMod:DanceofFlames+1"],"picked":"SKIP","floor":31.0},{"not_picked":["MokouMod:HeatTransfer+1","MokouMod:InfernalWave"],"picked":"MokouMod:Firecracker+1","floor":35.0},{"not_picked":["MokouMod:AdaptivePyromancy","MokouMod:InfernalWave"],"picked":"MokouMod:Firecracker+1","floor":36.0},{"not_picked":["MokouMod:Wildfire+1","MokouMod:Burn+1","MokouMod:IgneousBlow+1"],"picked":"SKIP","floor":39.0},{"not_picked":["MokouMod:IllusoryBattlefield+1","MokouMod:FlareStarter+1"],"picked":"MokouMod:ControlledCombustion+1","floor":40.0},{"not_picked":["MokouMod:FlickeringFlame","MokouMod:CrimsonFlare+1","MokouMod:AdaptivePyromancy"],"picked":"SKIP","floor":40.0},{"not_picked":["MokouMod:IgnitionBarrier+1","MokouMod:HeartofFire+1"],"picked":"MokouMod:BurningDraft+1","floor":42.0}],"player_experience":853015,"relics_obtained":[{"floor":7.0,"key":"CeramicFish"},{"floor":9.0,"key":"Juzu Bracelet"},{"floor":10.0,"key":"Matryoshka"},{"floor":12.0,"key":"Happy Flower"},{"floor":14.0,"key":"Odd Mushroom"},{"floor":24.0,"key":"Toxic Egg 2"},{"floor":24.0,"key":"Bronze Scales"},{"floor":26.0,"key":"War Paint"},{"floor":29.0,"key":"Gambling Chip"},{"floor":29.0,"key":"Darkstone Periapt"},{"floor":29.0,"key":"Vajra"},{"floor":30.0,"key":"Peace Pipe"},{"floor":31.0,"key":"Ginger"},{"floor":31.0,"key":"Turnip"},{"floor":31.0,"key":"Potion Belt"},{"floor":33.0,"key":"Thread and Needle"},{"floor":35.0,"key":"Pocketwatch"},{"floor":36.0,"key":"Ice Cream"},{"floor":39.0,"key":"Prayer Wheel"},{"floor":39.0,"key":"Medical Kit"},{"floor":42.0,"key":"Girya"},{"floor":42.0,"key":"Dead Branch"},{"floor":42.0,"key":"Smiling Mask"},{"floor":43.0,"key":"Toy Ornithopter"},{"floor":43.0,"key":"Pear"}],"event_choices":[{"damage_healed":0.0,"max_hp_gain":0.0,"max_hp_loss":0.0,"gold_gain":0.0,"event_name":"Lab","player_choice":"Got Potions","floor":2.0,"gold_loss":0.0,"damage_taken":0.0},{"damage_healed":0.0,"max_hp_gain":5.0,"max_hp_loss":0.0,"gold_gain":0.0,"event_name":"Big Fish","player_choice":"Donut","floor":4.0,"gold_loss":0.0,"damage_taken":0.0},{"damage_healed":0.0,"max_hp_gain":0.0,"max_hp_loss":0.0,"gold_gain":0.0,"event_name":"Mushrooms","player_choice":"Fought Mushrooms","floor":14.0,"gold_loss":0.0,"damage_taken":0.0},{"damage_healed":0.0,"max_hp_gain":0.0,"max_hp_loss":0.0,"gold_gain":0.0,"event_name":"Tomb of Lord Red Mask","player_choice":"Ignored","floor":37.0,"gold_loss":0.0,"damage_taken":0.0},{"damage_healed":0.0,"max_hp_gain":0.0,"max_hp_loss":4.0,"gold_gain":0.0,"event_name":"Winding Halls","player_choice":"Max HP","floor":41.0,"gold_loss":0.0,"damage_taken":0.0}],"is_beta":false,"boss_relics":[{"not_picked":["Fusion Hammer","Calling Bell"],"picked":"Black Star"},{"not_picked":["Velvet Choker","Coffee Dripper"],"picked":"Sozu"}],"items_purged_floors":[3,11,20,27,38],"is_endless":false,"potions_floor_spawned":[1,10,14,16,18,21,24,33,35,42],"killed_by":"Sphere and 2 Shapes","ascension_level":1}}