{"host":"4epvxsx6d4oxmc67","time":1613220519,"event":{"mods":["AchievementEnabler","BaseMod","Colored Map","Highlight Path","Minty Spire (QoL Compilation)"],"gold_per_floor":[212,212,230,249,260,260,295,314,314,314,332,332,342,7,7,110,110,127,226,226,151,133,133,147,147,147],"floor_reached":25,"language":"ENG","playtime":1194,"items_purged":[],"score":256,"play_id":"a758b603-a8d2-4678-9176-9e445cc716d7","local_time":"20210213124839","is_ascension_mode":true,"campfire_choices":[{"data":"Thunderclap","floor":6.0,"key":"SMITH"},{"data":"True Grit","floor":10.0,"key":"SMITH"},{"data":"Fiend Fire","floor":12.0,"key":"SMITH"},{"floor":15.0,"key":"REST"},{"floor":23.0,"key":"REST"}],"circlet_count":0,"master_deck":["Strike_R","Strike_R","Strike_R","Strike_R","Strike_R","Defend_R","Defend_R","Defend_R","Defend_R","Bash","Flame Barrier","Fiend Fire+1","Thunderclap+1","Rampage","Wild Strike","True Grit+1","Evolve","Flame Barrier+1","Inflame","Reaper","Impervious+1","Limit Break+1","Headbutt","Power Through+1"],"relics":["Black Blood","Bottled Lightning","Toxic Egg 2","Gremlin Horn"],"acts_visited":["Exordium","TheCity"],"potions_floor_usage":[24],"damage_taken":[{"damage":10.0,"enemies":"2 Louse","floor":1.0,"turns":3.0},{"damage":0.0,"enemies":"Cultist","floor":3.0,"turns":3.0},{"damage":7.0,"enemies":"Jaw Worm","floor":4.0,"turns":3.0},{"damage":12.0,"enemies":"Looter","floor":5.0,"turns":4.0},{"damage":30.0,"enemies":"3 Sentries","floor":7.0,"turns":10.0},{"damage":0.0,"enemies":"Large Slime","floor":8.0,"turns":4.0},{"damage":10.0,"enemies":"Lots of Slimes","floor":11.0,"turns":2.0},{"damage":20.0,"enemies":"Gremlin Gang","floor":13.0,"turns":5.0},{"damage":60.0,"enemies":"Slime Boss","floor":16.0,"turns":11.0},{"damage":42.0,"enemies":"Spheric Guardian","floor":18.0,"turns":10.0},{"damage":27.0,"enemies":"2 Thieves","floor":22.0,"turns":4.0},{"damage":20,"enemies":"Centurion and Healer","floor":24,"turns":7},{"damage":100,"enemies":"Book of Stabbing","floor":25,"turns":8}],"seed_played":"-1419411938536788952","potions_obtained":[{"floor":3.0,"key":"Swift Potion"},{"floor":7.0,"key":"ColorlessPotion"},{"floor":8.0,"key":"BloodPotion"},{"floor":11.0,"key":"DuplicationPotion"},{"floor":18.0,"key":"FairyPotion"},{"floor":22.0,"key":"ColorlessPotion"}],"is_trial":false,"path_per_floor":["M","?","M","M","M","R","E","M","T","R","M","R","M","$","R","B",null,"M","?","?","?","M","R","M","E"],"character_chosen":"IRONCLAD","items_purchased":["Inflame","Reaper","Impervious+1"],"campfire_rested":2,"item_purchase_floors":[14,14,14],"current_hp_per_floor":[76,76,80,79,73,73,49,55,55,55,51,51,37,37,61,23,66,36,36,36,36,21,45,61,0,0],"gold":147,"neow_bonus":"HUNDRED_GOLD","is_daily":false,"chose_seed":false,"campfire_upgraded":3,"win_rate":0.0,"timestamp":1613220519,"path_taken":["M","?","M","M","M","R","E","M","T","R","?","R","M","$","R","BOSS","M","?","?","?","M","R","M","E"],"items_purchased_type":["Card","Card","Card"],"build_version":"2020-12-22","purchased_purges":0,"victory":false,"max_hp_per_floor":[80,80,80,80,80,80,80,80,80,80,80,80,80,80,80,80,80,80,80,80,80,80,80,80,80,80],"card_choices":[{"not_picked":["Iron Wave","Flex"],"picked":"Flame Barrier","floor":1.0},{"not_picked":["Clothesline","Perfected Strike"],"picked":"Thunderclap","floor":3.0},{"not_picked":["Headbutt","Shockwave"],"picked":"Rampage","floor":4.0},{"not_picked":["Havoc","Body Slam","Warcry"],"picked":"SKIP","floor":5.0},{"not_picked":["Feel No Pain","Reckless Charge"],"picked":"Wild Strike","floor":7.0},{"not_picked":["Whirlwind","Body Slam"],"picked":"True Grit","floor":8.0},{"not_picked":["Twin Strike","Dropkick"],"picked":"Evolve","floor":11.0},{"not_picked":["Iron Wave","Rage+1"],"picked":"Flame Barrier+1","floor":13.0},{"not_picked":["Brutality","Feed"],"picked":"Limit Break+1","floor":16.0},{"not_picked":["Havoc+1","Perfected Strike+1","Anger"],"picked":"SKIP","floor":18.0},{"not_picked":["Sword Boomerang","Anger"],"picked":"Headbutt","floor":22.0},{"not_picked":["Pummel","Shrug It Off+1"],"picked":"Power Through+1","floor":24}],"player_experience":108846,"relics_obtained":[{"floor":7.0,"key":"Bottled Lightning"},{"floor":9.0,"key":"Toxic Egg 2"}],"event_choices":[{"damage_healed":0.0,"max_hp_gain":0.0,"max_hp_loss":0.0,"gold_gain":0.0,"event_name":"Match and Keep!","player_choice":"1 cards matched","floor":2.0,"gold_loss":0.0,"damage_taken":0.0,"cards_obtained":["Fiend Fire"]},{"damage_healed":0.0,"max_hp_gain":0.0,"max_hp_loss":0.0,"gold_gain":99.0,"event_name":"Nest","player_choice":"Stole From Cult","floor":19.0,"gold_loss":0.0,"damage_taken":0.0},{"damage_healed":0.0,"max_hp_gain":0.0,"max_hp_loss":0.0,"gold_gain":0.0,"event_name":"The Mausoleum","player_choice":"Opened","floor":20.0,"gold_loss":0.0,"damage_taken":0.0,"relics_obtained":["Gremlin Horn"],"cards_obtained":["Writhe"]},{"cards_removed":["Writhe"],"damage_healed":0.0,"max_hp_gain":0.0,"max_hp_loss":0.0,"gold_gain":0.0,"event_name":"Beggar","player_choice":"Gave Gold","floor":21.0,"gold_loss":75.0,"damage_taken":0.0}],"is_beta":false,"boss_relics":[{"not_picked":["Tiny House","Calling Bell"],"picked":"Black Blood"}],"items_purged_floors":[],"is_endless":false,"potions_floor_spawned":[3,7,8,11,18,22],"killed_by":"Book of Stabbing","ascension_level":5}}