{"host":"u7y9frlpoazak2mn","time":1613191239,"event":{"mods":["AchievementEnabler","Act Like it!","Aspiration","BaseMod","Beaked The Cultist","Better Altar","Better Match","Better Note","Better Sensory Stone","Better Skull","Better Third Choice","Colored Map","Colored Powertips","Displayed Cursed Tome","Downfall","Emptier Cage","Energized Spire","GifTheSpireLib","Hermit","Marked Mod","Mimic Mod","Minty Spire (QoL Compilation)","Permanent Neow","Prisma Mod","Rare Cards Sparkle","Relic Stats","StSLib","The Construct","Waifu the Spire"],"gold_per_floor":[117,117,128,10,23,23,34,48,72,86,86,11,46,46,46,144,144,155,165,25,35,51,51,51],"floor_reached":23,"language":"ENG","playtime":763,"items_purged":[],"score":224,"play_id":"19fb700f-70a5-4b92-9a43-8d42e2abf3db","local_time":"20210212234039","is_ascension_mode":true,"campfire_choices":[{"data":"Evolve","floor":6,"key":"SMITH"},{"floor":11,"key":"REST"},{"floor":15,"key":"REST"}],"circlet_count":0,"master_deck":["Strike_R","Strike_R","Strike_R","Strike_R","Strike_R","Defend_R","Defend_R","Defend_R","Defend_R","Bash","Mayhem","Dropkick","Perfected Strike","Wild Strike","Evolve+1","Sword Boomerang","Wild Strike","Reckless Charge","Pummel","Demon Form","Wild Strike","Double Tap","Twin Strike"],"relics":["Burning Blood","PreservedInsect","Nunchaku","Art of War","bronze:MakeshiftBattery"],"acts_visited":["Exordium","TheCity"],"potions_floor_usage":[7,8,13,16,22],"damage_taken":[{"damage":11,"enemies":"Jaw Worm","floor":1,"turns":5},{"damage":0,"enemies":"Cultist","floor":3,"turns":4},{"damage":0,"enemies":"2 Louse","floor":5,"turns":2},{"damage":27,"enemies":"Exordium Thugs","floor":7,"turns":4},{"damage":26,"enemies":"Gremlin Gang","floor":8,"turns":3},{"damage":11,"enemies":"Blue Slaver","floor":10,"turns":3},{"damage":17,"enemies":"Gremlin Nob","floor":13,"turns":3},{"damage":42,"enemies":"Hexaghost","floor":16,"turns":7},{"damage":46,"enemies":"2 Thieves","floor":18,"turns":4},{"damage":14,"enemies":"Chosen","floor":19,"turns":4},{"damage":9,"enemies":"Centurion and Healer","floor":21,"turns":4},{"damage":24,"enemies":"Snake Plant","floor":22,"turns":4},{"damage":14,"enemies":"Book of Stabbing","floor":23,"turns":1}],"seed_played":"8853296413614525203","potions_obtained":[{"floor":1,"key":"Explosive Potion"},{"floor":2,"key":"GamblersBrew"},{"floor":2,"key":"EssenceOfSteel"},{"floor":10,"key":"PowerPotion"},{"floor":21,"key":"ColorlessPotion"}],"is_trial":false,"path_per_floor":["M","?","M","$","M","R","M","M","T","M","R","?","E","$","R","B",null,"M","M","$","M","M","E"],"character_chosen":"IRONCLAD","items_purchased":["Wild Strike","Evolve","Double Tap"],"campfire_rested":2,"item_purchase_floors":[4,4,20],"current_hp_per_floor":[51,51,57,57,63,63,42,22,22,17,41,41,30,30,54,18,80,40,32,32,29,11,0,0],"gold":51,"neow_bonus":"RANDOM_COLORLESS_2","is_daily":false,"chose_seed":false,"campfire_upgraded":1,"win_rate":0.0,"timestamp":1613191239,"path_taken":["M","?","M","?","M","R","?","M","T","M","R","?","E","?","R","BOSS","M","M","$","M","M","E"],"items_purchased_type":["Card","Card","Card"],"build_version":"2020-12-22","purchased_purges":0,"victory":false,"max_hp_per_floor":[80,80,80,80,80,80,80,80,80,80,80,80,80,80,80,80,80,80,80,80,80,80,80,80],"relic_stats":{"Nunchaku":[7],"counters":[13,48],"PreservedInsect":62,"Art of War":[0],"obtain_stats":[{"Nunchaku":12,"PreservedInsect":9,"Art of War":13,"Burning Blood":0,"bronze:MakeshiftBattery":17},{"Nunchaku":6,"PreservedInsect":5,"Art of War":7,"Burning Blood":0,"bronze:MakeshiftBattery":8},{"Nunchaku":21,"PreservedInsect":18,"Art of War":24,"Burning Blood":0,"bronze:MakeshiftBattery":31}],"Burning Blood":72},"card_choices":[{"not_picked":["Magnetism","Secret Weapon"],"picked":"Mayhem","floor":0},{"not_picked":["Iron Wave","Blood for Blood"],"picked":"Dropkick","floor":1},{"not_picked":["Iron Wave","Rage"],"picked":"Perfected Strike","floor":3},{"not_picked":["Bloodletting","Burning Pact"],"picked":"Sword Boomerang","floor":5},{"not_picked":["Sword Boomerang","Headbutt"],"picked":"Wild Strike","floor":7},{"not_picked":["Battle Trance","Anger","Disarm"],"picked":"SKIP","floor":8},{"not_picked":["Dual Wield","Juggernaut"],"picked":"Reckless Charge","floor":10},{"not_picked":["Ghostly Armor","Thunderclap"],"picked":"Pummel","floor":13},{"not_picked":["Exhume","Berserk"],"picked":"Demon Form","floor":16},{"not_picked":["Rupture","Anger+1","Clothesline"],"picked":"SKIP","floor":18},{"not_picked":["Perfected Strike","Warcry"],"picked":"Wild Strike","floor":19},{"not_picked":["Feed","Hemokinesis+1","Havoc"],"picked":"SKIP","floor":21},{"not_picked":["Clothesline","Evolve"],"picked":"Twin Strike","floor":22}],"player_experience":442117,"relics_obtained":[{"floor":9,"key":"PreservedInsect"},{"floor":13,"key":"Art of War"}],"event_choices":[{"damage_healed":0,"gold_gain":0,"player_choice":"Got Potions","damage_taken":0,"max_hp_gain":0,"max_hp_loss":0,"event_name":"Lab","floor":2,"gold_loss":0},{"damage_healed":0,"gold_gain":0,"player_choice":"Paid Gold","damage_taken":0,"relics_obtained":["Nunchaku"],"max_hp_gain":0,"max_hp_loss":0,"event_name":"WeMeetAgain","floor":12,"gold_loss":75}],"is_beta":false,"boss_relics":[{"not_picked":["energizedSpire:HugeHouse","beaked:MawFillet"],"picked":"bronze:MakeshiftBattery"}],"items_purged_floors":[],"is_endless":false,"potions_floor_spawned":[1,10,21],"killed_by":"Book of Stabbing","ascension_level":3}}