{"host":"sav7uxregyirlf69","time":1613174804,"event":{"mods":["AchievementEnabler","BaseMod","Colored Map","DeckTracker","Keyboard Shortcuts","Minty Spire (QoL Compilation)","READ ME - Guardian Mod","StSLib","SuperFastMode"],"gold_per_floor":[114,114,114,22,37,64,64,76,76,102,102,120,120,135,135,213,213,226,237,118,150,150,150,183,194,194,214,214,233,233,250,250,326,326,337,337,337,383,383,413,238,263,263,263,279,292,303,336,336,336,336],"floor_reached":50,"language":"KOR","playtime":1751,"items_purged":["Terror","Poisoned Stab+1"],"score":1320,"play_id":"260bcadc-42c8-4012-b82c-0fb651b26974","local_time":"20210213090644","is_ascension_mode":true,"campfire_choices":[{"data":"Dagger Spray","floor":7.0,"key":"SMITH"},{"floor":11.0,"key":"REST"},{"data":"Footwork","floor":13.0,"key":"SMITH"},{"data":"Terror","floor":15.0,"key":"SMITH"},{"data":"Concentrate","floor":23.0,"key":"SMITH"},{"floor":28.0,"key":"REST"},{"floor":32.0,"key":"REST"},{"data":"Tactician","floor":44.0,"key":"SMITH"},{"floor":49,"key":"REST"}],"circlet_count":0,"master_deck":["AscendersBane","Survivor","Neutralize","Blade Dance","Footwork+1","Backflip","Noxious Fumes+1","Terror+1","Corpse Explosion","Accuracy+1","Prepared","Dodge and Roll","After Image+1","Reflex","Concentrate+1","Malaise","Backflip","Tactician+1","Calculated Gamble","Bullet Time","Footwork+1","Well Laid Plans+1","Adrenaline","Acrobatics","Flash of Steel","Dodge and Roll+1","Escape Plan","Footwork+1","Acrobatics","Prepared+1","Blade Dance+1"],"relics":["Ring of the Snake","NeowsBlessing","Whetstone","Pear","Frozen Egg 2","Pandora\u0027s Box","Red Mask","White Beast Statue","Prayer Wheel","SacredBark","Du-Vu Doll","Ornamental Fan","Shuriken","Art of War"],"acts_visited":["Exordium","TheCity","TheBeyond"],"potions_floor_usage":[46,47,48,50],"damage_taken":[{"damage":0.0,"enemies":"Cultist","floor":1.0,"turns":1.0},{"damage":0.0,"enemies":"Small Slimes","floor":5.0,"turns":1.0},{"damage":0.0,"enemies":"Lagavulin","floor":6.0,"turns":1.0},{"damage":2.0,"enemies":"Jaw Worm","floor":8.0,"turns":3.0},{"damage":19.0,"enemies":"3 Sentries","floor":10.0,"turns":8.0},{"damage":1.0,"enemies":"3 Louse","floor":12.0,"turns":2.0},{"damage":0.0,"enemies":"Large Slime","floor":14.0,"turns":5.0},{"damage":34.0,"enemies":"Hexaghost","floor":16.0,"turns":8.0},{"damage":6.0,"enemies":"Chosen","floor":18.0,"turns":6.0},{"damage":12.0,"enemies":"3 Byrds","floor":19.0,"turns":3.0},{"damage":21.0,"enemies":"Masked Bandits","floor":21.0,"turns":4.0},{"damage":2.0,"enemies":"Book of Stabbing","floor":24.0,"turns":7.0},{"damage":0.0,"enemies":"3 Cultists","floor":25.0,"turns":3.0},{"damage":1.0,"enemies":"Centurion and Healer","floor":27.0,"turns":5.0},{"damage":20.0,"enemies":"Cultist and Chosen","floor":29.0,"turns":6.0},{"damage":8.0,"enemies":"Snake Plant","floor":31.0,"turns":6.0},{"damage":5.0,"enemies":"Automaton","floor":33.0,"turns":7.0},{"damage":6.0,"enemies":"3 Darklings","floor":35.0,"turns":5.0},{"damage":29.0,"enemies":"2 Orb Walkers","floor":38.0,"turns":4.0},{"damage":0.0,"enemies":"Giant Head","floor":40.0,"turns":7.0},{"damage":18.0,"enemies":"Reptomancer","floor":42.0,"turns":8.0},{"damage":4.0,"enemies":"3 Shapes","floor":45.0,"turns":4.0},{"damage":3,"enemies":"Transient","floor":46,"turns":6},{"damage":16,"enemies":"Maw","floor":47,"turns":7},{"damage":17,"enemies":"Giant Head","floor":48,"turns":5},{"damage":33,"enemies":"Time Eater","floor":50,"turns":13}],"seed_played":"-5562664462296486402","potions_obtained":[{"floor":10.0,"key":"Swift Potion"},{"floor":16.0,"key":"Ancient Potion"},{"floor":19.0,"key":"BlessingOfTheForge"},{"floor":24.0,"key":"Dexterity Potion"},{"floor":25.0,"key":"SmokeBomb"},{"floor":27.0,"key":"EssenceOfSteel"},{"floor":31.0,"key":"SpeedPotion"},{"floor":35.0,"key":"Poison Potion"},{"floor":38.0,"key":"Energy Potion"},{"floor":40.0,"key":"DistilledChaos"},{"floor":42.0,"key":"PowerPotion"},{"floor":45,"key":"SpeedPotion"},{"floor":46,"key":"ColorlessPotion"},{"floor":47,"key":"Energy Potion"},{"floor":48,"key":"Weak Potion"}],"is_trial":false,"path_per_floor":["M","$","?","$","M","E","R","M","T","E","R","M","R","M","R","B",null,"M","M","$","?","?","R","E","M","T","M","R","M","?","M","R","B",null,"M","?","?","?","?","E","$","E","T","R","M","M","M","E","R","B"],"character_chosen":"THE_SILENT","items_purchased":["Footwork","Poisoned Stab","Tactician","Footwork+1"],"campfire_rested":4,"item_purchase_floors":[4,4,20,41],"current_hp_per_floor":[59,59,39,39,39,39,39,37,47,28,50,49,49,49,49,15,61,55,43,43,22,22,22,20,20,20,19,41,21,21,13,35,30,65,59,59,49,20,62,62,62,44,44,44,40,37,21,4,22,0,0],"gold":336,"neow_bonus":"THREE_ENEMY_KILL","is_daily":false,"chose_seed":false,"campfire_upgraded":5,"win_rate":0.0,"timestamp":1613174804,"path_taken":["M","?","?","$","M","E","R","M","T","E","R","M","R","M","R","BOSS","M","M","$","?","?","R","E","M","T","M","R","M","?","M","R","BOSS","M","?","?","?","?","E","$","E","T","R","?","M","M","E","R","BOSS"],"items_purchased_type":["Card","Card","Card","Card"],"build_version":"2020-12-22","purchased_purges":2,"victory":false,"max_hp_per_floor":[66,66,66,66,66,66,66,66,76,76,76,76,76,76,76,76,76,76,76,76,76,76,76,76,76,76,76,76,76,76,76,76,76,76,76,76,76,76,62,62,62,62,62,62,62,62,62,62,62,62,62],"card_choices":[{"not_picked":["Quick Slash","Poisoned Stab"],"picked":"Blade Dance","floor":1.0},{"not_picked":["Dodge and Roll","Acrobatics","Slice"],"picked":"SKIP","floor":5.0},{"not_picked":["Poisoned Stab","Dagger Throw"],"picked":"Dagger Spray","floor":6.0},{"not_picked":["Acrobatics","Slice"],"picked":"Backflip","floor":8.0},{"not_picked":["Prepared","Glass Knife"],"picked":"Noxious Fumes+1","floor":10.0},{"not_picked":["Finisher","Dagger Throw","Expertise"],"picked":"SKIP","floor":12.0},{"not_picked":["Deadly Poison","Infinite Blades+1"],"picked":"Terror","floor":14.0},{"not_picked":["Storm of Steel","Tools of the Trade+1"],"picked":"Corpse Explosion","floor":16.0},{"not_picked":["Backflip","Blade Dance","Dash"],"picked":"SKIP","floor":18.0},{"not_picked":["Blade Dance","Dash"],"picked":"Backflip","floor":18.0},{"not_picked":["Prepared","Noxious Fumes+1","Dagger Throw"],"picked":"SKIP","floor":19.0},{"not_picked":["Flying Knee","Leg Sweep"],"picked":"Calculated Gamble","floor":21.0},{"not_picked":["Tactician","Catalyst","Night Terror"],"picked":"SKIP","floor":24.0},{"not_picked":["Sucker Punch","Outmaneuver","Flechettes"],"picked":"SKIP","floor":25.0},{"not_picked":["Noxious Fumes+1","Flying Knee","Calculated Gamble"],"picked":"SKIP","floor":27.0},{"not_picked":["Prepared+1","Bane","Blade Dance"],"picked":"SKIP","floor":27.0},{"not_picked":["Underhanded Strike+1","Bouncing Flask"],"picked":"Footwork+1","floor":29.0},{"not_picked":["Dagger Spray","Prepared","Quick Slash"],"picked":"SKIP","floor":29.0},{"not_picked":["Backflip","Underhanded Strike"],"picked":"Well Laid Plans+1","floor":31.0},{"not_picked":["Acrobatics","Dodge and Roll","Sucker Punch"],"picked":"SKIP","floor":31.0},{"not_picked":["Corpse Explosion","Malaise"],"picked":"Adrenaline","floor":33.0},{"not_picked":["Backflip+1","Terror"],"picked":"Acrobatics","floor":35.0},{"not_picked":["Deflect","Prepared","Dagger Throw+1"],"picked":"SKIP","floor":35.0},{"not_picked":["Blind","Impatience"],"picked":"Flash of Steel","floor":37.0},{"not_picked":["Flying Knee","Deflect"],"picked":"Dodge and Roll+1","floor":38.0},{"not_picked":["Prepared","PiercingWail"],"picked":"Escape Plan","floor":40.0},{"not_picked":["Eviscerate","Tactician","Dagger Throw"],"picked":"SKIP","floor":42.0},{"not_picked":["Flechettes","Crippling Poison"],"picked":"Acrobatics","floor":45},{"not_picked":["Bouncing Flask+1","Blade Dance","Dodge and Roll"],"picked":"SKIP","floor":45},{"not_picked":["Footwork+1","Outmaneuver"],"picked":"Prepared+1","floor":46},{"not_picked":["Infinite Blades+1","Unload","Backflip+1"],"picked":"SKIP","floor":46},{"not_picked":["Setup","Eviscerate"],"picked":"Blade Dance+1","floor":47},{"not_picked":["Tactician","PiercingWail","Underhanded Strike"],"picked":"SKIP","floor":47},{"not_picked":["Blade Dance+1","Deflect","Prepared+1"],"picked":"SKIP","floor":48}],"player_experience":1559360,"relics_obtained":[{"floor":6.0,"key":"Whetstone"},{"floor":9.0,"key":"Pear"},{"floor":10.0,"key":"Frozen Egg 2"},{"floor":21.0,"key":"Red Mask"},{"floor":24.0,"key":"White Beast Statue"},{"floor":26.0,"key":"Prayer Wheel"},{"floor":38.0,"key":"Du-Vu Doll"},{"floor":40.0,"key":"Ornamental Fan"},{"floor":42.0,"key":"Shuriken"},{"floor":48,"key":"Art of War"}],"event_choices":[{"damage_healed":0.0,"max_hp_gain":0.0,"max_hp_loss":0.0,"gold_gain":0.0,"event_name":"Shining Light","player_choice":"Entered Light","floor":3.0,"gold_loss":0.0,"damage_taken":20.0,"cards_upgraded":["Defend_G","Strike_G"]},{"damage_healed":0.0,"max_hp_gain":0.0,"max_hp_loss":0.0,"gold_gain":0.0,"event_name":"Masked Bandits","player_choice":"Fought Bandits","floor":21.0,"gold_loss":0.0,"damage_taken":0.0},{"damage_healed":0.0,"max_hp_gain":0.0,"max_hp_loss":0.0,"gold_gain":0.0,"cards_transformed":["Expertise","Flying Knee"],"event_name":"Drug Dealer","player_choice":"Became Test Subject","floor":22.0,"gold_loss":0.0,"damage_taken":0.0,"cards_obtained":["Bullet Time","Riddle With Holes"]},{"cards_removed":["Riddle With Holes"],"damage_healed":0.0,"max_hp_gain":0.0,"max_hp_loss":0.0,"gold_gain":0.0,"event_name":"Back to Basics","player_choice":"Elegance","floor":30.0,"gold_loss":0.0,"damage_taken":0.0},{"cards_removed":["Dagger Spray"],"damage_healed":0.0,"max_hp_gain":0.0,"max_hp_loss":0.0,"gold_gain":0.0,"event_name":"Falling","player_choice":"Removed Attack","floor":36.0,"gold_loss":0.0,"damage_taken":0.0},{"damage_healed":0.0,"max_hp_gain":0.0,"max_hp_loss":0.0,"gold_gain":0.0,"event_name":"SensoryStone","player_choice":"Memory 3","floor":37.0,"gold_loss":0.0,"damage_taken":10.0},{"damage_healed":0.0,"max_hp_gain":0.0,"max_hp_loss":0.0,"gold_gain":0.0,"event_name":"Mysterious Sphere","player_choice":"Fight","floor":38.0,"gold_loss":0.0,"damage_taken":0.0},{"damage_healed":62.0,"max_hp_gain":0.0,"max_hp_loss":14.0,"gold_gain":0.0,"event_name":"The Moai Head","player_choice":"Heal","floor":39.0,"gold_loss":0.0,"damage_taken":0.0}],"is_beta":false,"boss_relics":[{"not_picked":["Runic Pyramid","Sozu"],"picked":"Pandora\u0027s Box"},{"not_picked":["Tiny House","Ring of the Serpent"],"picked":"SacredBark"}],"items_purged_floors":[20,41],"is_endless":false,"potions_floor_spawned":[10,16,19,24,25,27,29,31,33,35,38,40,42,45,46,47,48],"killed_by":"Time Eater","ascension_level":20}}