{"host":"qc8gw3x1c8jlo9fx","time":1613196286,"event":{"mods":["AchievementEnabler","BaseMod","Better Note","BetterRewards","Conspire","Hubris","Infinite Spire","Jedi Mod","Minty Spire (QoL Compilation)","Reliquary","Replay The Spire","StSLib","The IronCluck"],"gold_per_floor":[161,177,177,189,204,204,220,232,232,242,18,38,38,50,50,145,145,158,158,158,158,144,144,176,176,176,176,176,176,195,195,195,205,205,205,205],"floor_reached":35,"language":"ENG","playtime":1479,"items_purged":[],"score":271,"play_id":"676d47d5-f30e-431f-8dd6-48ca462602f2","local_time":"20210212230446","is_ascension_mode":false,"campfire_choices":[{"floor":6,"key":"REST"},{"floor":15,"key":"REST"},{"floor":23,"key":"REST"},{"floor":27,"key":"REST"},{"floor":29,"key":"REST"},{"floor":32,"key":"REST"},{"floor":34,"key":"DIG"}],"circlet_count":0,"master_deck":["Strike_G","Strike_G","Strike_G","Strike_G","Strike_G+1","Defend_G","Defend_G","Defend_G","Defend_G","Defend_G","Survivor","Neutralize","All Out Attack","Prepared","Noxious Fumes+1","conspire:PoisonWeapons+1","Distraction","Bane","Deadly Poison","Dagger Spray","Infinite Blades","Footwork","Hidden Blade","Phantasmal Killer","Catalyst","Outmaneuver","jedi:brewingpoison","Bane","Choke"],"relics":["Tiny House","Oddly Smooth Stone","reliquary:RedCape","GremlinMask","Juzu Bracelet","Basket Of Snakes","Torii","conspire:SpecialSausage","jedi:sprinkler"],"acts_visited":["Exordium","TheCity"],"potions_floor_usage":[12,16,16,16,22,24],"damage_taken":[{"damage":4,"enemies":"Jaw Worm","floor":1,"turns":5},{"damage":0,"enemies":"Cultist","floor":2,"turns":4},{"damage":2,"enemies":"Small Slimes","floor":4,"turns":4},{"damage":23,"enemies":"Exordium Thugs","floor":5,"turns":6},{"damage":10,"enemies":"Looter","floor":7,"turns":3},{"damage":16,"enemies":"Large Slime","floor":8,"turns":5},{"damage":3,"enemies":"2 Fungi Beasts","floor":10,"turns":4},{"damage":8,"enemies":"Blue Slaver","floor":12,"turns":4},{"damage":2,"enemies":"Looter","floor":14,"turns":4},{"damage":29,"enemies":"Fading Forest","floor":16,"turns":11},{"damage":0,"enemies":"Chosen","floor":18,"turns":4},{"damage":20,"enemies":"2 Thieves","floor":22,"turns":4},{"damage":73,"enemies":"Slavers","floor":24,"turns":5},{"damage":36,"enemies":"Snake Plant","floor":30,"turns":3},{"damage":29,"enemies":"Snecko","floor":33,"turns":6},{"damage":6,"enemies":"Automaton","floor":35,"turns":2}],"seed_played":"-7466671710288365319","potions_obtained":[{"floor":0,"key":"Poison Potion"},{"floor":4,"key":"Block Potion"},{"floor":5,"key":"EssenceOfSteel"},{"floor":7,"key":"SteroidPotion"},{"floor":14,"key":"Weak Potion"},{"floor":18,"key":"CunningPotion"},{"floor":22,"key":"Poison Potion"}],"is_trial":false,"path_per_floor":["M","M","?","M","M","R","M","M","T","M","$","M","?","M","R","B",null,"M","?","?","?","M","R","E","PTL","PTL","R","T","R","M","AVR","R","M","R","B"],"character_chosen":"THE_SILENT","items_purchased":["Oddly Smooth Stone","Infinite Blades"],"campfire_rested":6,"item_purchase_floors":[11,11],"current_hp_per_floor":[71,71,71,69,46,68,58,42,42,39,39,31,31,29,51,32,75,75,75,75,75,55,75,2,2,2,24,24,46,10,10,32,3,3,0,0],"gold":205,"neow_bonus":"BOSS_RELIC","is_daily":false,"chose_seed":false,"campfire_upgraded":0,"win_rate":0.0,"timestamp":1613196286,"path_taken":["M","M","?","M","?","R","?","M","T","M","?","?","?","M","R","BOSS","M","?","?","?","M","R","E","PTL","PTL","R","T","R","M","AVR","R","M","R","BOSS"],"items_purchased_type":["Relic","Card"],"build_version":"2020-12-22","purchased_purges":0,"victory":false,"max_hp_per_floor":[75,75,75,75,75,75,75,75,75,75,75,75,75,75,75,75,75,75,75,75,75,75,75,75,75,75,75,75,75,75,75,75,75,75,75,75],"card_choices":[{"not_picked":["Dodge and Roll","Prepared"],"picked":"All Out Attack","floor":0},{"not_picked":["Expertise","Masterful Stab"],"picked":"Prepared","floor":1},{"not_picked":["Dodge and Roll","PiercingWail"],"picked":"Noxious Fumes","floor":2},{"not_picked":["Masterful Stab","Blade Dance"],"picked":"conspire:PoisonWeapons","floor":4},{"not_picked":["jedi:acidrain","conspire:PoisonWeapons"],"picked":"Distraction","floor":5},{"not_picked":["Sucker Punch","ReplayTheSpireMod:Exploit Weakness"],"picked":"Bane","floor":7},{"not_picked":["Underhanded Strike","Cloak And Dagger"],"picked":"Deadly Poison","floor":8},{"not_picked":["Tactician","Endless Agony"],"picked":"Dagger Spray","floor":10},{"not_picked":["Masterful Stab","Caltrops"],"picked":"Footwork","floor":12},{"not_picked":["ReplayTheSpireMod:The Works","Dodge and Roll"],"picked":"Hidden Blade","floor":14},{"not_picked":["Venomology","Burst"],"picked":"Phantasmal Killer","floor":16},{"not_picked":["Slice","Toxin Wave"],"picked":"Catalyst","floor":18},{"not_picked":["Calculated Gamble","ReplayTheSpireMod:Tripwire"],"picked":"Outmaneuver","floor":22},{"not_picked":["Reflex","Distraction"],"picked":"jedi:brewingpoison","floor":24},{"not_picked":["Caltrops","conspire:DoublingDagger"],"picked":"Bane","floor":30},{"not_picked":["hubris:SlightOfHand","Quick Slash"],"picked":"Choke","floor":33}],"player_experience":215261,"relics_obtained":[{"floor":24,"key":"Juzu Bracelet"},{"floor":28,"key":"Basket Of Snakes"},{"floor":34,"key":"jedi:sprinkler"}],"event_choices":[{"damage_healed":0,"gold_gain":0,"player_choice":"Forge","damage_taken":0,"max_hp_gain":0,"max_hp_loss":0,"event_name":"Accursed Blacksmith","floor":3,"gold_loss":0,"cards_upgraded":["Noxious Fumes"]},{"damage_healed":0,"gold_gain":0,"player_choice":"Bought 0 Potions","damage_taken":0,"max_hp_gain":0,"max_hp_loss":0,"event_name":"The Woman in Blue","floor":19,"gold_loss":0},{"damage_healed":0,"gold_gain":0,"player_choice":"Trade","damage_taken":0,"relics_obtained":["GremlinMask"],"max_hp_gain":0,"max_hp_loss":0,"event_name":"FaceTrader","floor":20,"gold_loss":0},{"damage_healed":0,"gold_gain":0,"player_choice":"Upgraded","damage_taken":0,"max_hp_gain":0,"max_hp_loss":0,"event_name":"Upgrade Shrine","floor":21,"gold_loss":0,"cards_upgraded":["conspire:PoisonWeapons"]}],"is_beta":false,"boss_relics":[{"not_picked":["Replay:Drink Me","reliquary:KinkedSpring"],"picked":"reliquary:RedCape"}],"items_purged_floors":[],"is_endless":false,"potions_floor_spawned":[4,5,7,8,14,18,22],"killed_by":"Automaton","ascension_level":0}}