{"host":"vex7walpoxzv48nx","time":1613256661,"event":{"mods":["AchievementEnabler","BaseMod","Highlight Path","Minty Spire (QoL Compilation)","Permanent Neow","Quick Restart","StSLib","UnlockEverythingMod"],"gold_per_floor":[119,135,145,218,235,235,251,251,330,345,345,359,359,379,379,483,483,499,188,202,222,242,242,242,242,242,242,341,341,291,44,44,147,147,159,172,11,23,33,33,33,45,45,45,45,45],"floor_reached":45,"language":"ENG","playtime":3479,"items_purged":["BattleHymn","SignatureMove"],"score":436,"play_id":"893d6c15-2d0e-47a7-a4e9-50596a4c8154","local_time":"20210213235101","is_ascension_mode":false,"campfire_choices":[{"data":"Eruption","floor":6.0,"key":"SMITH"},{"data":"Vigilance","floor":8.0,"key":"SMITH"},{"data":"Brilliance","floor":11.0,"key":"SMITH"},{"data":"BowlingBash","floor":13.0,"key":"SMITH"},{"data":"DeceiveReality","floor":15.0,"key":"SMITH"},{"data":"EmptyMind","floor":23.0,"key":"SMITH"},{"data":"Devotion","floor":25.0,"key":"SMITH"},{"data":"CutThroughFate","floor":27.0,"key":"SMITH"},{"data":"Alpha","floor":32.0,"key":"SMITH"},{"data":"Devotion","floor":40,"key":"SMITH"},{"floor":44,"key":"REST"}],"circlet_count":0,"master_deck":["Eruption+1","Vigilance+1","BowlingBash+1","Brilliance+1","DeceiveReality+1","EmptyMind+1","Devotion+1","Finesse","CutThroughFate+1","Devotion+1","Alpha+1","Brilliance","Tantrum","Devotion","CutThroughFate","Evaluate+1"],"relics":["Pandora\u0027s Box"],"acts_visited":["Exordium","TheCity","TheBeyond"],"potions_floor_usage":[38,41],"damage_taken":[{"damage":30.0,"enemies":"Cultist","floor":1.0,"turns":4.0},{"damage":0.0,"enemies":"2 Louse","floor":2.0,"turns":2.0},{"damage":3.0,"enemies":"Jaw Worm","floor":3.0,"turns":2.0},{"damage":0.0,"enemies":"2 Fungi Beasts","floor":5.0,"turns":2.0},{"damage":3.0,"enemies":"Large Slime","floor":7.0,"turns":2.0},{"damage":4.0,"enemies":"Gremlin Gang","floor":10.0,"turns":2.0},{"damage":0.0,"enemies":"Red Slaver","floor":12.0,"turns":1.0},{"damage":1.0,"enemies":"Lots of Slimes","floor":14.0,"turns":3.0},{"damage":1.0,"enemies":"Hexaghost","floor":16.0,"turns":7.0},{"damage":1.0,"enemies":"2 Thieves","floor":18.0,"turns":3.0},{"damage":3.0,"enemies":"Shell Parasite","floor":20.0,"turns":5.0},{"damage":0.0,"enemies":"Snake Plant","floor":21.0,"turns":2.0},{"damage":4.0,"enemies":"Centurion and Healer","floor":22.0,"turns":4.0},{"damage":9.0,"enemies":"Collector","floor":33.0,"turns":4.0},{"damage":0.0,"enemies":"3 Shapes","floor":35.0,"turns":4.0},{"damage":2,"enemies":"Orb Walker","floor":36,"turns":4},{"damage":8,"enemies":"Sphere and 2 Shapes","floor":38,"turns":4},{"damage":9,"enemies":"Maw","floor":39,"turns":5},{"damage":0,"enemies":"4 Shapes","floor":41,"turns":1},{"damage":46,"enemies":"Writhing Mass","floor":42,"turns":6},{"damage":10,"enemies":"Sphere and 2 Shapes","floor":45,"turns":3}],"seed_played":"1087842614413724440","potions_obtained":[{"floor":3.0,"key":"SpeedPotion"},{"floor":7.0,"key":"SteroidPotion"},{"floor":10.0,"key":"LiquidBronze"},{"floor":12.0,"key":"Block Potion"},{"floor":33.0,"key":"Strength Potion"},{"floor":38,"key":"SmokeBomb"}],"is_trial":false,"path_per_floor":["M","M","M","?","M","R","M","R","T","M","R","M","R","M","R","B",null,"M","$","M","M","M","R","?","R","T","R","?","?","?","$","R","B",null,"M","M","$","M","M","R","M","M","T","R","M"],"character_chosen":"WATCHER","items_purchased":["Finesse","CutThroughFate","Halt","Energy Potion","DuplicationPotion","Alpha","Devotion"],"campfire_rested":1,"item_purchase_floors":[19,19,19,19,31,31,37],"current_hp_per_floor":[42,42,39,39,39,39,36,36,36,32,32,32,32,31,31,30,72,71,71,68,68,64,64,64,64,64,64,64,64,64,64,64,55,72,72,70,70,62,53,53,53,7,7,28,18,18],"gold":45,"neow_bonus":"BOSS_RELIC","is_daily":false,"chose_seed":false,"campfire_upgraded":10,"win_rate":0.0,"timestamp":1613256661,"path_taken":["M","M","?","?","M","R","M","R","T","M","R","M","R","M","R","BOSS","M","$","M","M","M","R","?","R","T","R","?","?","?","$","R","BOSS","M","M","$","M","M","R","M","M","T","R","?"],"items_purchased_type":["Card","Card","Card","Potion","Potion","Card","Card"],"build_version":"2020-12-22","purchased_purges":2,"victory":false,"max_hp_per_floor":[72,72,72,72,72,72,72,72,72,72,72,72,72,72,72,72,72,72,72,72,72,72,72,72,72,72,72,72,72,72,72,72,72,72,72,72,72,72,72,72,72,72,72,72,72,72],"card_choices":[{"not_picked":["Prostrate","Crescendo"],"picked":"BowlingBash","floor":1.0},{"not_picked":["CutThroughFate","FlyingSleeves"],"picked":"BattleHymn","floor":2.0},{"not_picked":["ThirdEye","ReachHeaven"],"picked":"Brilliance","floor":3.0},{"not_picked":["BowlingBash","Prostrate","CrushJoints"],"picked":"SKIP","floor":5.0},{"not_picked":["Study","FearNoEvil"],"picked":"DeceiveReality","floor":7.0},{"not_picked":["ThirdEye","EmptyBody","LikeWater"],"picked":"SKIP","floor":10.0},{"not_picked":["Perseverance","JustLucky"],"picked":"EmptyMind","floor":12.0},{"not_picked":["Ragnarok","Evaluate","EmptyBody"],"picked":"SKIP","floor":14.0},{"not_picked":["Wish","Judgement"],"picked":"Devotion","floor":16.0},{"not_picked":["Evaluate","ThirdEye","ForeignInfluence"],"picked":"SKIP","floor":18.0},{"not_picked":["ThirdEye+1","CutThroughFate","Swivel+1"],"picked":"SKIP","floor":20.0},{"not_picked":["BowlingBash","CrushJoints"],"picked":"Prostrate","floor":21.0},{"not_picked":["Swivel","Crescendo","Consecrate"],"picked":"SKIP","floor":22.0},{"not_picked":["Alpha","DevaForm"],"picked":"Brilliance","floor":33.0},{"not_picked":["Crescendo","BowlingBash"],"picked":"Tantrum","floor":35.0},{"not_picked":["JustLucky+1","PathToVictory+1","EmptyBody"],"picked":"SKIP","floor":36},{"not_picked":["Crescendo","Nirvana+1"],"picked":"CutThroughFate","floor":38},{"not_picked":["Fasting2+1","FlyingSleeves+1","Prostrate+1"],"picked":"SKIP","floor":39},{"not_picked":["Prostrate+1","SashWhip+1"],"picked":"Evaluate+1","floor":42}],"player_experience":229902,"relics_obtained":[],"event_choices":[{"damage_healed":0.0,"max_hp_gain":0.0,"max_hp_loss":0.0,"gold_gain":73.0,"event_name":"Golden Wing","player_choice":"Gained Gold","floor":4.0,"gold_loss":0.0,"damage_taken":0.0},{"damage_healed":0.0,"max_hp_gain":0.0,"max_hp_loss":0.0,"gold_gain":0.0,"event_name":"Vampires","player_choice":"Ignored","floor":24.0,"gold_loss":0.0,"damage_taken":0.0},{"damage_healed":0.0,"max_hp_gain":0.0,"max_hp_loss":0.0,"gold_gain":99.0,"event_name":"Nest","player_choice":"Stole From Cult","floor":28.0,"gold_loss":0.0,"damage_taken":0.0},{"damage_healed":0.0,"max_hp_gain":0.0,"max_hp_loss":0.0,"gold_gain":0.0,"cards_transformed":["Halt","Prostrate"],"event_name":"Drug Dealer","player_choice":"Became Test Subject","floor":29.0,"gold_loss":0.0,"damage_taken":0.0,"cards_obtained":["SignatureMove","Devotion"]},{"damage_healed":0.0,"max_hp_gain":0.0,"max_hp_loss":0.0,"gold_gain":0.0,"event_name":"The Joust","player_choice":"Bet on Murderer","floor":30.0,"gold_loss":50.0,"damage_taken":0.0}],"is_beta":false,"boss_relics":[{"not_picked":["Philosopher\u0027s Stone","Runic Pyramid","Sozu"]},{"not_picked":["Philosopher\u0027s Stone","Runic Pyramid","Sozu"]}],"items_purged_floors":[19,31],"is_endless":false,"potions_floor_spawned":[3,7,10,12,18,21,33,38,41],"killed_by":"Sphere and 2 Shapes","ascension_level":0}}