{"host":"xsuxkwaivmtd234a","time":1613229344,"event":{"mods":["BaseMod","Colored Map","Filter the Spire","Minty Spire (QoL Compilation)","Relic Stats","StSLib"],"gold_per_floor":[109,124,138,17,31,31,62,62,140,140,155,188,188,219,219,324,324,338,348,258,31,51,81,81,95,95,122,135,135,163,178,178,278,278,294,161,211,261,261,261,287,9,9,19,50,64,77,77,77,77,77,77,3,37,37],"floor_reached":56,"language":"ENG","playtime":2976,"items_purged":["Strike_R","Strike_R"],"score":1731,"play_id":"a5d6cb8b-539b-4c19-8f17-9fe0295e82d7","local_time":"20210213101544","is_ascension_mode":true,"campfire_choices":[{"data":"Bash","floor":6.0,"key":"SMITH"},{"floor":8.0,"key":"REST"},{"floor":13.0,"key":"REST"},{"data":"Heavy Blade","floor":15.0,"key":"SMITH"},{"floor":24.0,"key":"REST"},{"floor":29.0,"key":"REST"},{"data":"Limit Break","floor":32.0,"key":"SMITH"},{"data":"Shockwave","floor":40.0,"key":"SMITH"},{"floor":49,"key":"RECALL"},{"data":"Demon Form","floor":52,"key":"SMITH"}],"circlet_count":0,"master_deck":["Strike_R+1","Strike_R","Defend_R","Defend_R","Defend_R","Defend_R","Bash+1","Anger","Heavy Blade+1","Immolate","Spot Weakness","Second Wind","Clothesline","Limit Break+1","CurseOfTheBell","Seeing Red","Shockwave+1","Flame Barrier","Shrug It Off+1","Heavy Blade+1","True Grit+1","Corruption","Apotheosis","Bludgeon","Entrench","Shrug It Off+1","Demon Form+1","Shrug It Off+1","Barricade"],"relics":["Black Star","Lizard Tail","Centennial Puzzle","Eternal Feather","Pen Nib","Bronze Scales","Ginger","Blue Candle","Calling Bell","Smiling Mask","Singing Bowl","Pocketwatch","Membership Card","Blood Vial","Red Skull","Anchor","White Beast Statue","Calipers","Prayer Wheel","InkBottle","Self Forming Clay","Snecko Eye","Incense Burner","Thread and Needle","Sundial","Orichalcum","PreservedInsect","Orrery","Strawberry","StrikeDummy","Akabeko","OrangePellets","Happy Flower","Bottled Lightning"],"acts_visited":["Exordium","TheCity","TheBeyond","TheEnding"],"potions_floor_usage":[46,55,55],"damage_taken":[{"damage":1.0,"enemies":"Cultist","floor":1.0,"turns":3.0},{"damage":9.0,"enemies":"Jaw Worm","floor":2.0,"turns":3.0},{"damage":3.0,"enemies":"Small Slimes","floor":3.0,"turns":3.0},{"damage":16.0,"enemies":"Looter","floor":5.0,"turns":4.0},{"damage":23.0,"enemies":"Lagavulin","floor":7.0,"turns":5.0},{"damage":9.0,"enemies":"2 Fungi Beasts","floor":11.0,"turns":2.0},{"damage":30.0,"enemies":"Gremlin Nob","floor":12.0,"turns":4.0},{"damage":10.0,"enemies":"Lagavulin","floor":14.0,"turns":7.0},{"damage":30.0,"enemies":"Slime Boss","floor":16.0,"turns":6.0},{"damage":25.0,"enemies":"Spheric Guardian","floor":18.0,"turns":4.0},{"damage":17.0,"enemies":"2 Thieves","floor":19.0,"turns":3.0},{"damage":7.0,"enemies":"Snake Plant","floor":22.0,"turns":2.0},{"damage":42.0,"enemies":"Slavers","floor":23.0,"turns":5.0},{"damage":16.0,"enemies":"Centurion and Healer","floor":25.0,"turns":4.0},{"damage":10.0,"enemies":"Book of Stabbing","floor":27.0,"turns":3.0},{"damage":11.0,"enemies":"Sentry and Sphere","floor":28.0,"turns":3.0},{"damage":10.0,"enemies":"Gremlin Leader","floor":30.0,"turns":5.0},{"damage":8.0,"enemies":"Snake Plant","floor":31.0,"turns":2.0},{"damage":58.0,"enemies":"Collector","floor":33.0,"turns":8.0},{"damage":0.0,"enemies":"3 Shapes","floor":35.0,"turns":3.0},{"damage":0.0,"enemies":"2 Orb Walkers","floor":37.0,"turns":3.0},{"damage":0.0,"enemies":"Mind Bloom Boss Battle","floor":38.0,"turns":5.0},{"damage":0.0,"enemies":"Reptomancer","floor":41.0,"turns":3.0},{"damage":11.0,"enemies":"3 Darklings","floor":44.0,"turns":3.0},{"damage":0.0,"enemies":"Nemesis","floor":45.0,"turns":3.0},{"damage":18,"enemies":"Transient","floor":46,"turns":5},{"damage":0,"enemies":"Maw","floor":47,"turns":4},{"damage":0,"enemies":"Time Eater","floor":50,"turns":6},{"damage":58,"enemies":"Shield and Spear","floor":54,"turns":5},{"damage":1,"enemies":"The Heart","floor":55,"turns":9}],"seed_played":"-3512577870407438719","potions_obtained":[{"floor":3.0,"key":"EssenceOfSteel"},{"floor":12.0,"key":"PowerPotion"},{"floor":14.0,"key":"ElixirPotion"},{"floor":19.0,"key":"Block Potion"},{"floor":22.0,"key":"Block Potion"},{"floor":25.0,"key":"PowerPotion"},{"floor":27.0,"key":"Explosive Potion"},{"floor":28.0,"key":"Swift Potion"},{"floor":30.0,"key":"Strength Potion"},{"floor":31.0,"key":"EssenceOfSteel"},{"floor":33.0,"key":"SkillPotion"},{"floor":35.0,"key":"Dexterity Potion"},{"floor":37.0,"key":"Regen Potion"},{"floor":41.0,"key":"SmokeBomb"},{"floor":46,"key":"SmokeBomb"},{"floor":47,"key":"Energy Potion"},{"floor":54,"key":"LiquidBronze"}],"is_trial":false,"path_per_floor":["M","M","M","$","M","R","E","R","T","?","M","E","R","E","R","B",null,"M","M","?","$","M","E","R","M","T","E","M","R","E","M","R","B",null,"M","$","?","?","?","R","E","$","T","M","E","M","M","T","R","B",null,"R","$","E","B",null],"character_chosen":"IRONCLAD","items_purchased":["Immolate","Explosive Potion","Membership Card","Blood Vial","Apotheosis","PreservedInsect","Orrery","Demon Form","OrangePellets"],"campfire_rested":4,"item_purchase_floors":[4,4,21,21,36,42,42,42,53],"current_hp_per_floor":[79,70,67,67,51,51,28,52,52,52,43,13,46,36,45,15,64,39,24,24,24,19,23,59,47,47,41,34,72,64,60,72,16,72,78,78,80,84,84,91,93,99,99,90,99,102,108,108,116,116,116,116,116,60,61],"gold":37,"neow_bonus":"BOSS_RELIC","is_daily":false,"chose_seed":false,"campfire_upgraded":5,"win_rate":0.0,"timestamp":1613229344,"path_taken":["M","?","M","?","M","R","E","R","T","?","M","E","R","E","R","BOSS","M","M","?","$","?","E","R","M","T","E","M","R","E","M","R","BOSS","M","$","?","?","?","R","E","$","T","M","E","M","?","?","R","BOSS","R","$","E","BOSS"],"items_purchased_type":["Card","Potion","Relic","Relic","Card","Relic","Relic","Card","Relic"],"build_version":"2020-12-22","purchased_purges":2,"victory":true,"max_hp_per_floor":[80,80,80,80,80,80,80,80,80,80,80,80,80,80,80,80,80,80,82,82,82,82,82,82,84,84,86,88,88,88,90,90,90,90,94,94,94,96,91,91,93,99,99,101,108,112,116,116,116,116,116,116,116,118,118],"relic_stats":{"Singing Bowl":36,"Happy Flower":[3],"counters":[30,125],"Self Forming Clay":[45],"Blue Candle":[0],"Eternal Feather":69,"Pen Nib":[14],"PreservedInsect":126,"Ginger":[10],"Orichalcum":[0],"Smiling Mask":-12,"Blood Vial":30,"OrangePellets":[2],"Lizard Tail":41,"Centennial Puzzle":[52],"Sundial":[4],"Bronze Scales":[324],"Snecko Eye":[71,64,75,86],"Prayer Wheel":6,"Black Star":9,"obtain_stats":[{"Calipers":27,"Singing Bowl":17,"Incense Burner":37,"Ginger":14,"Smiling Mask":17,"Burning Blood":0,"Blood Vial":21,"Lizard Tail":7,"Centennial Puzzle":7,"Sundial":41,"Strawberry":45,"Prayer Wheel":27,"Red Skull":23,"InkBottle":30,"Happy Flower":54,"Self Forming Clay":30,"Blue Candle":14,"Eternal Feather":9,"Thread and Needle":38,"Pen Nib":12,"PreservedInsect":42,"Orichalcum":41,"White Beast Statue":26,"Akabeko":48,"Calling Bell":17,"OrangePellets":53,"Anchor":23,"Bronze Scales":12,"Snecko Eye":34,"Orrery":42,"Black Star":0,"Membership Card":21,"Bottled Lightning":54,"StrikeDummy":45,"Pocketwatch":17},{"Calipers":15,"Singing Bowl":9,"Incense Burner":21,"Ginger":8,"Smiling Mask":9,"Burning Blood":0,"Blood Vial":11,"Lizard Tail":5,"Centennial Puzzle":5,"Sundial":23,"Strawberry":25,"Prayer Wheel":15,"Red Skull":13,"InkBottle":17,"Happy Flower":29,"Self Forming Clay":17,"Blue Candle":8,"Eternal Feather":5,"Thread and Needle":22,"Pen Nib":7,"PreservedInsect":23,"Orichalcum":23,"White Beast Statue":14,"Akabeko":27,"Calling Bell":9,"OrangePellets":28,"Anchor":13,"Bronze Scales":7,"Snecko Eye":19,"Orrery":23,"Black Star":0,"Membership Card":11,"Bottled Lightning":29,"StrikeDummy":25,"Pocketwatch":9},{"Calipers":58,"Singing Bowl":37,"Incense Burner":82,"Ginger":31,"Smiling Mask":37,"Burning Blood":0,"Blood Vial":44,"Lizard Tail":18,"Centennial Puzzle":18,"Sundial":90,"Strawberry":96,"Prayer Wheel":58,"Red Skull":51,"InkBottle":66,"Happy Flower":116,"Self Forming Clay":66,"Blue Candle":31,"Eternal Feather":18,"Thread and Needle":87,"Pen Nib":24,"PreservedInsect":90,"Orichalcum":90,"White Beast Statue":55,"Akabeko":105,"Calling Bell":37,"OrangePellets":111,"Anchor":51,"Bronze Scales":24,"Snecko Eye":76,"Orrery":90,"Black Star":0,"Membership Card":44,"Bottled Lightning":116,"StrikeDummy":96,"Pocketwatch":37}],"InkBottle":[22],"Pocketwatch":[89]},"card_choices":[{"not_picked":["Flex","Pommel Strike","True Grit"],"picked":"SKIP","floor":1.0},{"not_picked":["Sword Boomerang","Infernal Blade"],"picked":"Anger","floor":2.0},{"not_picked":["Infernal Blade","True Grit"],"picked":"Heavy Blade","floor":3.0},{"not_picked":["Rampage","Armaments"],"picked":"Spot Weakness","floor":5.0},{"not_picked":["Body Slam","Shrug It Off"],"picked":"Second Wind","floor":7.0},{"not_picked":["Juggernaut","Warcry"],"picked":"Clothesline","floor":11.0},{"not_picked":["Shrug It Off","Bloodletting","Reckless Charge"],"picked":"SKIP","floor":12.0},{"not_picked":["Rage","Armaments","Clash"],"picked":"SKIP","floor":14.0},{"not_picked":["Corruption","Demon Form"],"picked":"Limit Break","floor":16.0},{"not_picked":["Iron Wave+1","Headbutt"],"picked":"Seeing Red","floor":18.0},{"not_picked":["Headbutt","Perfected Strike","Double Tap"],"picked":"Singing Bowl","floor":19.0},{"not_picked":["Thunderclap","Warcry"],"picked":"Shockwave","floor":22.0},{"not_picked":["Metallicize","Rupture"],"picked":"Flame Barrier","floor":23.0},{"not_picked":["Twin Strike","Headbutt+1","Clothesline"],"picked":"Singing Bowl","floor":25.0},{"not_picked":["Thunderclap+1","Burning Pact","Rampage"],"picked":"Singing Bowl","floor":27.0},{"not_picked":["Inflame","Disarm"],"picked":"Shrug It Off+1","floor":28.0},{"not_picked":["Armaments","Clash+1","Iron Wave"],"picked":"Singing Bowl","floor":28.0},{"not_picked":["Rampage","Bludgeon"],"picked":"Heavy Blade+1","floor":30.0},{"not_picked":["Perfected Strike+1","Thunderclap+1","Rage"],"picked":"Singing Bowl","floor":31.0},{"not_picked":["Body Slam+1","Warcry+1"],"picked":"True Grit+1","floor":31.0},{"not_picked":["Berserk","Offering"],"picked":"Corruption","floor":33.0},{"not_picked":["Body Slam","Searing Blow","Iron Wave+1"],"picked":"Singing Bowl","floor":35.0},{"not_picked":["Twin Strike+1","Ghostly Armor","Rampage"],"picked":"Singing Bowl","floor":35.0},{"not_picked":["Cleave","Armaments"],"picked":"Bludgeon","floor":37.0},{"not_picked":["Flex+1","Evolve+1","Warcry"],"picked":"Singing Bowl","floor":38.0},{"not_picked":["Metallicize+1","Armaments","Carnage+1"],"picked":"Singing Bowl","floor":41.0},{"not_picked":["Perfected Strike+1","Armaments+1","Shrug It Off"],"picked":"Singing Bowl","floor":42.0},{"not_picked":["Rupture","Burning Pact"],"picked":"Entrench","floor":42.0},{"not_picked":["True Grit","Shockwave","Pommel Strike"],"picked":"Singing Bowl","floor":42.0},{"not_picked":["Warcry","Sever Soul"],"picked":"Shrug It Off+1","floor":42.0},{"not_picked":["Feed","Pummel","Havoc"],"picked":"Singing Bowl","floor":42.0},{"not_picked":["Burning Pact+1","Hemokinesis","Thunderclap+1"],"picked":"Singing Bowl","floor":44.0},{"not_picked":["Intimidate","Second Wind"],"picked":"Shrug It Off+1","floor":44.0},{"not_picked":["Body Slam","Rampage"],"picked":"Barricade","floor":45.0},{"not_picked":["Armaments+1","Flex","Reckless Charge"],"picked":"Singing Bowl","floor":46},{"not_picked":["Pummel+1","Heavy Blade","Pommel Strike+1"],"picked":"Singing Bowl","floor":46},{"not_picked":["Perfected Strike","Rampage+1","Carnage+1"],"picked":"Singing Bowl","floor":47},{"not_picked":["Thunderclap+1","Clash+1","Sword Boomerang"],"picked":"Singing Bowl","floor":47},{"not_picked":["Corruption","Dual Wield","Clash"],"picked":"Singing Bowl","floor":54}],"player_experience":1246414,"relics_obtained":[{"floor":7.0,"key":"Lizard Tail"},{"floor":7.0,"key":"Centennial Puzzle"},{"floor":9.0,"key":"Eternal Feather"},{"floor":12.0,"key":"Pen Nib"},{"floor":12.0,"key":"Bronze Scales"},{"floor":14.0,"key":"Ginger"},{"floor":14.0,"key":"Blue Candle"},{"floor":17.0,"key":"Smiling Mask"},{"floor":17.0,"key":"Singing Bowl"},{"floor":17.0,"key":"Pocketwatch"},{"floor":23.0,"key":"Red Skull"},{"floor":23.0,"key":"Anchor"},{"floor":26.0,"key":"White Beast Statue"},{"floor":27.0,"key":"Calipers"},{"floor":27.0,"key":"Prayer Wheel"},{"floor":30.0,"key":"InkBottle"},{"floor":30.0,"key":"Self Forming Clay"},{"floor":37.0,"key":"Incense Burner"},{"floor":38.0,"key":"Thread and Needle"},{"floor":41.0,"key":"Sundial"},{"floor":41.0,"key":"Orichalcum"},{"floor":45.0,"key":"Strawberry"},{"floor":45.0,"key":"StrikeDummy"},{"floor":48,"key":"Akabeko"},{"floor":54,"key":"Happy Flower"},{"floor":54,"key":"Bottled Lightning"}],"event_choices":[{"damage_healed":0.0,"max_hp_gain":0.0,"max_hp_loss":0.0,"gold_gain":0.0,"event_name":"Liars Game","player_choice":"Ignored","floor":10.0,"gold_loss":0.0,"damage_taken":0.0},{"cards_removed":["Strike_R"],"damage_healed":0.0,"max_hp_gain":0.0,"max_hp_loss":0.0,"gold_gain":0.0,"event_name":"Designer","player_choice":"Upgrade and Remove","floor":20.0,"gold_loss":90.0,"damage_taken":0.0,"cards_upgraded":["Strike_R"]},{"damage_healed":0.0,"max_hp_gain":0.0,"max_hp_loss":0.0,"gold_gain":0.0,"event_name":"Mysterious Sphere","player_choice":"Fight","floor":37.0,"gold_loss":0.0,"damage_taken":0.0},{"damage_healed":0.0,"max_hp_gain":0.0,"max_hp_loss":0.0,"gold_gain":0.0,"event_name":"MindBloom","player_choice":"Fight","floor":38.0,"gold_loss":0.0,"damage_taken":0.0},{"damage_healed":0.0,"max_hp_gain":0.0,"max_hp_loss":5.0,"gold_gain":0.0,"event_name":"Winding Halls","player_choice":"Max HP","floor":39.0,"gold_loss":0.0,"damage_taken":0.0}],"is_beta":false,"boss_relics":[{"not_picked":["Philosopher\u0027s Stone","Ectoplasm"],"picked":"Calling Bell"},{"not_picked":["SlaversCollar","SacredBark"],"picked":"Snecko Eye"}],"items_purged_floors":[36,42],"is_endless":false,"potions_floor_spawned":[3,12,14,19,22,25,27,28,30,31,33,35,37,38,41,44,45,46,47,54],"ascension_level":5}}