{"host":"prxrhpgaxnj4om9r","time":1613191979,"event":{"mods":["AchievementEnabler","BaseMod","DeckTracker","Minty Spire (QoL Compilation)"],"gold_per_floor":[109,184,201,219,229,229,254,254,254,254,254,271,287,310,310,415,415,415,60,60,60,60,60,60,60,60,60,60,60,60,60,60,60,60,60,60,60,60,60,60,60,60,60,60,60,8,8,8,8,8,8],"floor_reached":50,"language":"KOR","playtime":2394,"items_purged":[],"score":542,"play_id":"33536d96-b56d-4ba5-9148-40bc31e1e3b8","local_time":"20210213135259","is_ascension_mode":false,"campfire_choices":[{"data":"Blur","floor":6,"key":"SMITH"},{"floor":8,"key":"REST"},{"floor":15,"key":"REST"},{"floor":23,"key":"DIG"},{"floor":30,"key":"RECALL"},{"floor":32,"key":"REST"},{"floor":40,"key":"DIG"},{"floor":44,"key":"DIG"},{"floor":49,"key":"REST"}],"circlet_count":0,"master_deck":["Strike_G","Strike_G","Strike_G","Strike_G+1","Strike_G","Defend_G","Defend_G+1","Defend_G","Defend_G","Survivor","Neutralize+1","Blur+1","Sucker Punch","Masterful Stab","Backflip","Deadly Poison","Flying Knee+1","All Out Attack+1","Die Die Die+1","Crippling Poison+1","Dagger Throw+1","RitualDagger+1","Dagger Spray+1","Dagger Spray+1","Bane+1","Dramatic Entrance+1","Deadly Poison+1","Choke+1","Unload+1","Acrobatics+1","Underhanded Strike+1","Noxious Fumes+1","Dodge and Roll+1","Eviscerate+1","Panache","Madness","Madness"],"relics":["Ring of the Snake","Molten Egg 2","Shovel","Odd Mushroom","Ectoplasm","Ginger","Red Mask","Tough Bandages","Blood Vial","SacredBark","Gremlin Horn","Nunchaku","Snake Skull","Bird Faced Urn","Oddly Smooth Stone"],"acts_visited":["Exordium","TheCity","TheBeyond"],"potions_floor_usage":[7,14,16,21,24,24,31,33,42,45,45,50],"damage_taken":[{"damage":1,"enemies":"Cultist","floor":1,"turns":5},{"damage":0,"enemies":"Jaw Worm","floor":3,"turns":3},{"damage":0,"enemies":"2 Louse","floor":4,"turns":2},{"damage":9,"enemies":"Looter","floor":5,"turns":3},{"damage":28,"enemies":"Lagavulin","floor":7,"turns":6},{"damage":5,"enemies":"3 Louse","floor":12,"turns":3},{"damage":0,"enemies":"Blue Slaver","floor":13,"turns":4},{"damage":8,"enemies":"The Mushroom Lair","floor":14,"turns":5},{"damage":20,"enemies":"Hexaghost","floor":16,"turns":14},{"damage":5,"enemies":"3 Byrds","floor":18,"turns":5},{"damage":3,"enemies":"Masked Bandits","floor":21,"turns":3},{"damage":2,"enemies":"Shell Parasite","floor":22,"turns":4},{"damage":5,"enemies":"Book of Stabbing","floor":24,"turns":5},{"damage":5,"enemies":"Sentry and Sphere","floor":27,"turns":3},{"damage":9,"enemies":"Snake Plant","floor":29,"turns":3},{"damage":6,"enemies":"Centurion and Healer","floor":31,"turns":2},{"damage":52,"enemies":"Automaton","floor":33,"turns":9},{"damage":12,"enemies":"Orb Walker","floor":35,"turns":3},{"damage":0,"enemies":"3 Shapes","floor":37,"turns":1},{"damage":24,"enemies":"Transient","floor":38,"turns":5},{"damage":0,"enemies":"Sphere and 2 Shapes","floor":41,"turns":3},{"damage":0,"enemies":"Jaw Worm Horde","floor":42,"turns":1},{"damage":8,"enemies":"Nemesis","floor":45,"turns":5},{"damage":107,"enemies":"Awakened One","floor":50,"turns":13}],"seed_played":"7385643412803710530","potions_obtained":[{"floor":1,"key":"FearPotion"},{"floor":7,"key":"GamblersBrew"},{"floor":12,"key":"Block Potion"},{"floor":16,"key":"Strength Potion"},{"floor":18,"key":"Swift Potion"},{"floor":21,"key":"Weak Potion"},{"floor":22,"key":"GhostInAJar"},{"floor":27,"key":"Fire Potion"},{"floor":33,"key":"DistilledChaos"},{"floor":37,"key":"FairyPotion"},{"floor":38,"key":"GamblersBrew"},{"floor":41,"key":"CunningPotion"},{"floor":42,"key":"Poison Potion"}],"is_trial":false,"path_per_floor":["M","?","M","M","M","R","E","R","T","?","?","M","M","?","R","B",null,"M","$","?","?","M","R","E","?","T","M","$","M","R","M","R","B",null,"M","?","M","M","?","R","M","M","T","R","E","$","?","?","R","B"],"character_chosen":"THE_SILENT","items_purchased":["Ginger","Dagger Throw+1","Strength Potion"],"campfire_rested":4,"item_purchase_floors":[19,19,46],"current_hp_per_floor":[69,58,58,58,49,49,21,42,42,28,28,23,23,15,36,16,70,65,65,59,56,54,54,49,49,49,46,46,39,39,35,56,6,70,58,58,60,38,38,38,40,42,42,42,38,38,38,29,50,0,0],"gold":8,"neow_bonus":"UPGRADE_CARD","is_daily":false,"chose_seed":false,"campfire_upgraded":1,"win_rate":0.0,"timestamp":1613191979,"path_taken":["M","?","M","M","M","R","E","R","T","?","?","M","?","?","R","BOSS","M","$","?","?","M","R","E","?","T","M","$","M","R","?","R","BOSS","M","?","?","M","?","R","M","M","T","R","E","?","?","?","R","BOSS"],"items_purchased_type":["Relic","Card","Potion"],"build_version":"2020-12-22","purchased_purges":0,"victory":false,"max_hp_per_floor":[70,70,70,70,70,70,70,70,70,70,70,70,70,70,70,70,70,70,70,70,70,70,70,70,70,70,70,70,70,70,70,70,70,70,70,70,70,70,70,70,70,70,70,70,70,70,70,70,70,70,70],"card_choices":[{"not_picked":["Bane","Quick Slash"],"picked":"Blur","floor":1},{"not_picked":["Catalyst","Footwork"],"picked":"Riddle With Holes","floor":3},{"not_picked":["Setup","Bouncing Flask"],"picked":"Sucker Punch","floor":4},{"not_picked":["Dagger Throw","Dagger Spray"],"picked":"Masterful Stab","floor":5},{"not_picked":["Endless Agony+1","Deadly Poison"],"picked":"Backflip","floor":7},{"not_picked":["Prepared","Backflip"],"picked":"Deadly Poison","floor":12},{"not_picked":["Outmaneuver","Reflex"],"picked":"Flying Knee+1","floor":13},{"not_picked":["Envenom","Prepared"],"picked":"All Out Attack+1","floor":14},{"not_picked":["Adrenaline","After Image"],"picked":"Die Die Die+1","floor":16},{"not_picked":["Distraction","Dash+1"],"picked":"Crippling Poison+1","floor":18},{"not_picked":["Poisoned Stab+1","Dagger Throw+1"],"picked":"Dagger Spray+1","floor":21},{"not_picked":["Calculated Gamble","Blade Dance"],"picked":"Dagger Spray+1","floor":22},{"not_picked":["Skewer+1","Prepared"],"picked":"Bane+1","floor":24},{"not_picked":["Distraction","Flechettes+1"],"picked":"Deadly Poison+1","floor":27},{"not_picked":["Slice+1","Envenom"],"picked":"Choke+1","floor":29},{"not_picked":["Dodge and Roll","PiercingWail","Accuracy"],"picked":"SKIP","floor":31},{"not_picked":["Burst","Malaise"],"picked":"Unload+1","floor":33},{"not_picked":["Infinite Blades","Deadly Poison","Prepared+1"],"picked":"SKIP","floor":35},{"not_picked":["Blade Dance+1","Terror+1"],"picked":"Acrobatics+1","floor":37},{"not_picked":["Terror","Poisoned Stab+1"],"picked":"Underhanded Strike+1","floor":38},{"not_picked":["Deadly Poison","Backflip"],"picked":"Noxious Fumes+1","floor":41},{"not_picked":["Quick Slash+1","Bouncing Flask"],"picked":"Dodge and Roll+1","floor":42},{"not_picked":["Dagger Spray+1","Tactician"],"picked":"Eviscerate+1","floor":45},{"not_picked":["Dark Shackles","Blind"],"picked":"Panache","floor":47}],"player_experience":416058,"relics_obtained":[{"floor":7,"key":"Molten Egg 2"},{"floor":9,"key":"Shovel"},{"floor":14,"key":"Odd Mushroom"},{"floor":21,"key":"Red Mask"},{"floor":23,"key":"Tough Bandages"},{"floor":24,"key":"Blood Vial"},{"floor":40,"key":"Nunchaku"},{"floor":43,"key":"Snake Skull"},{"floor":44,"key":"Bird Faced Urn"},{"floor":45,"key":"Oddly Smooth Stone"}],"event_choices":[{"damage_healed":0,"gold_gain":75,"player_choice":"Gather Gold","damage_taken":11,"max_hp_gain":0,"max_hp_loss":0,"event_name":"World of Goop","floor":2,"gold_loss":0},{"damage_healed":0,"gold_gain":0,"player_choice":"Entered Light","damage_taken":14,"max_hp_gain":0,"max_hp_loss":0,"event_name":"Shining Light","floor":10,"gold_loss":0,"cards_upgraded":["Strike_G","Defend_G"]},{"cards_removed":["Defend_G"],"damage_healed":0,"gold_gain":0,"player_choice":"Purged","damage_taken":0,"max_hp_gain":0,"max_hp_loss":0,"event_name":"Purifier","floor":11,"gold_loss":0},{"damage_healed":0,"gold_gain":0,"player_choice":"Fought Mushrooms","damage_taken":0,"max_hp_gain":0,"max_hp_loss":0,"event_name":"Mushrooms","floor":14,"gold_loss":0},{"damage_healed":0,"gold_gain":0,"player_choice":"Joined the Cult","damage_taken":6,"max_hp_gain":0,"max_hp_loss":0,"event_name":"Nest","floor":20,"gold_loss":0,"cards_obtained":["RitualDagger"]},{"damage_healed":0,"gold_gain":0,"player_choice":"Fought Bandits","damage_taken":0,"max_hp_gain":0,"max_hp_loss":0,"event_name":"Masked Bandits","floor":21,"gold_loss":0},{"damage_healed":0,"gold_gain":0,"player_choice":"1 cards matched","damage_taken":0,"max_hp_gain":0,"max_hp_loss":0,"event_name":"Match and Keep!","floor":25,"gold_loss":0,"cards_obtained":["Dramatic Entrance"]},{"damage_healed":0,"gold_gain":300,"player_choice":"Gold","damage_taken":0,"max_hp_gain":0,"max_hp_loss":0,"event_name":"Wheel of Change","floor":36,"gold_loss":0},{"cards_removed":["Riddle With Holes"],"damage_healed":0,"gold_gain":0,"player_choice":"Gave Card","damage_taken":0,"relics_obtained":["Gremlin Horn"],"max_hp_gain":0,"max_hp_loss":0,"event_name":"WeMeetAgain","floor":39,"gold_loss":0},{"damage_healed":0,"gold_gain":0,"player_choice":"Memory 1","damage_taken":0,"max_hp_gain":0,"max_hp_loss":0,"event_name":"SensoryStone","floor":47,"gold_loss":0},{"damage_healed":0,"gold_gain":0,"player_choice":"Embrace Madness","damage_taken":9,"max_hp_gain":0,"max_hp_loss":0,"event_name":"Winding Halls","floor":48,"gold_loss":0,"cards_obtained":["Madness","Madness"]}],"is_beta":false,"boss_relics":[{"not_picked":["Coffee Dripper","Cursed Key"],"picked":"Ectoplasm"},{"not_picked":["Black Star","Fusion Hammer"],"picked":"SacredBark"}],"items_purged_floors":[],"is_endless":false,"potions_floor_spawned":[1,7,12,16,18,21,22,27,33,37,38,41,42],"killed_by":"Awakened One","ascension_level":0}}