{"host":"15f3wpiimhe5yrng","time":1613233196,"event":{"mods":["BaseMod","Better Altar","Better Match","Better Note","Better Sensory Stone","Better Skull","Better Third Choice","BetterRewards","Bossed Relics","Colored Map","Downfall","GifTheSpireLib","Good Game Mod","Minty Spire (QoL Compilation)","Permanent Neow","Spire Arcade","StSLib","The Disciple","The Marked","The Servant 0.9.4"],"gold_per_floor":[99,114,304,320,340,290,313,327,327,361,361,375,375,401,424,436,436],"floor_reached":16,"language":"ENG","playtime":732,"items_purged":[],"score":168,"play_id":"e0a9b60e-76e8-4daf-a753-c3d0d78ea944","local_time":"20210213171956","is_ascension_mode":true,"campfire_choices":[{"data":"Mayhem","floor":1,"key":"SMITH"},{"data":"Leap","floor":9,"key":"SMITH"},{"floor":13,"key":"REST"}],"circlet_count":0,"master_deck":["AscendersBane","Strike_B","Strike_B","Strike_B","Defend_B","Defend_B","Defend_B","Zap","Dualcast","Mayhem+1","Heatsinks","Genetic Algorithm","Doom and Gloom","Leap+1","Sweeping Beam","Genetic Algorithm","Loop","Leap","Storm"],"relics":["REME:ComplimentaryCards","Black Star","Akabeko","Blood Vial","Lantern","Mango","MawBank"],"acts_visited":["Exordium"],"potions_floor_usage":[4,10,12,12,14,16],"damage_taken":[{"damage":11,"enemies":"Cultist","floor":2,"turns":5},{"damage":3,"enemies":"Small Slimes","floor":4,"turns":3},{"damage":9,"enemies":"Jaw Worm","floor":5,"turns":6},{"damage":12,"enemies":"Looter","floor":8,"turns":4},{"damage":18,"enemies":"Lagavulin","floor":10,"turns":5},{"damage":9,"enemies":"Lots of Slimes","floor":12,"turns":4},{"damage":28,"enemies":"3 Sentries","floor":14,"turns":7},{"damage":15,"enemies":"Exordium Thugs","floor":15,"turns":4},{"damage":36,"enemies":"The Guardian","floor":16,"turns":2}],"seed_played":"6328349611416111419","potions_obtained":[{"floor":2,"key":"Explosive Potion"},{"floor":3,"key":"PowerPotion"},{"floor":5,"key":"BlessingOfTheForge"},{"floor":8,"key":"EssenceOfSteel"},{"floor":12,"key":"AttackPotion"},{"floor":14,"key":"hexamod:SoulburnPotion"}],"is_trial":false,"path_per_floor":["R","M","?","M","M","?","T","M","R","E","?","M","R","E","M","B"],"character_chosen":"DEFECT","items_purchased":[],"campfire_rested":1,"item_purchase_floors":[],"current_hp_per_floor":[68,57,57,54,45,45,45,33,33,15,15,8,30,18,5,0,0],"gold":436,"neow_bonus":"BOSS_RELIC","is_daily":false,"chose_seed":false,"campfire_upgraded":2,"win_rate":0.0,"timestamp":1613233196,"path_taken":["R","M","?","M","M","?","T","?","R","E","?","?","R","E","M","BOSS"],"items_purchased_type":[],"build_version":"2020-12-22","purchased_purges":0,"victory":false,"max_hp_per_floor":[75,75,75,75,75,75,75,75,75,75,75,75,75,89,89,89,89],"card_choices":[{"not_picked":["Force Field","Scrape"],"picked":"Heatsinks","floor":2},{"not_picked":["Redo","Streamline"],"picked":"Genetic Algorithm","floor":4},{"not_picked":["Stack","Redo"],"picked":"Doom and Gloom","floor":5},{"not_picked":["Go for the Eyes","Conserve Battery"],"picked":"Leap","floor":8},{"not_picked":["Turbo","Stack"],"picked":"Sweeping Beam","floor":10},{"not_picked":["Chaos","Blizzard"],"picked":"Loop","floor":12},{"not_picked":["Chill","Consume"],"picked":"Leap","floor":14},{"not_picked":["Melter","Compile Driver"],"picked":"Storm","floor":15}],"player_experience":149139,"relics_obtained":[{"floor":7,"key":"Akabeko"},{"floor":10,"key":"Blood Vial"},{"floor":10,"key":"Lantern"},{"floor":14,"key":"Mango"},{"floor":14,"key":"MawBank"}],"event_choices":[{"cards_removed":["Defend_B"],"damage_healed":0,"gold_gain":0,"player_choice":"Card Removal","damage_taken":0,"max_hp_gain":0,"max_hp_loss":0,"event_name":"The Cleric","floor":6,"gold_loss":50},{"damage_healed":0,"gold_gain":0,"cards_transformed":["Strike_B"],"player_choice":"Transformed","damage_taken":0,"max_hp_gain":0,"max_hp_loss":0,"event_name":"Transmorgrifier","floor":11,"gold_loss":0,"cards_obtained":["Genetic Algorithm"]}],"is_beta":false,"boss_relics":[],"items_purged_floors":[],"is_endless":false,"potions_floor_spawned":[2,5,8,12,14],"killed_by":"The Guardian","ascension_level":10}}