{"host":"684z1xpuwaoqmmh1","time":1613229056,"event":{"mods":["A Magickal Journey","BaseMod","Downfall","Hermit","Jorbs\u0027s Wanderer Trilogy","Marisa????????","Minty Spire (QoL Compilation)","Robot Space Explorer","Shade Mod","StSLib","The Bug Knight","The Dragon Tamer","The Elementalist","The Hayseed","The Hierophant","The Marked","The Mystic","The Runesmith","The Saiyan","The Senshi","The Spell Scribe","The Vixen","TheBandit","TheFirefly"],"gold_per_floor":[111,36,186,186,205,231,231,257,257,257,284,303,15,25,25,25,25],"floor_reached":16,"language":"ENG","playtime":425,"items_purged":["Doubt"],"score":253,"play_id":"df54855a-7924-4f97-8b1f-3fd50596aa57","local_time":"20210213171056","is_ascension_mode":true,"campfire_choices":[{"floor":7,"key":"REST"},{"floor":10,"key":"REST"},{"data":"theSenshi:SailorNeptuneAssists","floor":15,"key":"SMITH"}],"circlet_count":0,"master_deck":["AscendersBane","theSenshi:SailorKick","theSenshi:SailorKick","theSenshi:SailorKick","theSenshi:SailorBlock","theSenshi:SailorBlock","theSenshi:SailorBlock","theSenshi:SailorBlock","theSenshi:RoseThrow","theSenshi:MoonPrismPowerMakeUp","theSenshi:SailorChibiMoonAssists","theSenshi:SailorUranusAssists","theSenshi:SailorNeptuneAssists+1","theSenshi:MarsPride","theSenshi:JupitersPower","theSenshi:KlutzyLuck"],"relics":["theSenshi:TransformationBroochRelic","NeowsBlessing","Darkstone Periapt","bronze:BronzeIdol","Lantern","Centennial Puzzle","Bronze Scales","Art of War"],"acts_visited":["Exordium"],"potions_floor_usage":[8],"damage_taken":[{"damage":0,"enemies":"Small Slimes","floor":1,"turns":1},{"damage":0,"enemies":"Jaw Worm","floor":5,"turns":1},{"damage":0,"enemies":"3 Sentries","floor":6,"turns":2},{"damage":40,"enemies":"Gremlin Nob","floor":8,"turns":5},{"damage":5,"enemies":"2 Louse","floor":12,"turns":2},{"damage":5,"enemies":"Exordium Wildlife","floor":14,"turns":4},{"damage":42,"enemies":"Slime Boss","floor":16,"turns":14}],"seed_played":"-7800068205155950429","potions_obtained":[{"floor":6,"key":"Strength Potion"},{"floor":12,"key":"Swift Potion"},{"floor":14,"key":"Ancient Potion"}],"is_trial":false,"path_per_floor":["M","?","?","?","M","E","R","E","T","R","T","M","$","M","R","B"],"character_chosen":"THE_SENSHI","items_purchased":["theSenshi:KlutzyLuck","Art of War"],"campfire_rested":2,"item_purchase_floors":[13,13],"current_hp_per_floor":[68,68,68,33,33,33,55,15,15,37,37,32,32,27,27,0,0],"gold":25,"neow_bonus":"THREE_ENEMY_KILL","is_daily":false,"chose_seed":false,"campfire_upgraded":1,"win_rate":0.0,"timestamp":1613229056,"path_taken":["M","?","?","?","?","E","R","E","T","R","?","M","$","M","R","BOSS"],"items_purchased_type":["Card","Relic"],"build_version":"2020-12-22","purchased_purges":1,"victory":false,"max_hp_per_floor":[75,75,75,75,75,75,75,75,75,75,75,75,75,75,75,75,75],"card_choices":[{"not_picked":["theSenshi:YouCanTalk","theSenshi:DramaticEntrance"],"picked":"theSenshi:SailorChibiMoonAssists","floor":1},{"not_picked":["theSenshi:LunasBite","theSenshi:TuxedoSmokingBomber"],"picked":"theSenshi:SailorUranusAssists","floor":5},{"not_picked":["theSenshi:MoonKick","theSenshi:MoonPower"],"picked":"theSenshi:SailorNeptuneAssists","floor":6},{"not_picked":["theSenshi:Sidestep","theSenshi:YouCanTalk"],"picked":"theSenshi:MarsPride","floor":8},{"not_picked":["theSenshi:MoonCosmicPowerMakeUp","theSenshi:SailorMarsAssists"],"picked":"theSenshi:JupitersPower","floor":12},{"not_picked":["theSenshi:MoonPower","theSenshi:TuxedoSmokingBomber","theSenshi:SailorStarFighterAssists"],"picked":"SKIP","floor":14}],"player_experience":3274990,"relics_obtained":[{"floor":6,"key":"bronze:BronzeIdol"},{"floor":8,"key":"Lantern"},{"floor":9,"key":"Centennial Puzzle"},{"floor":11,"key":"Bronze Scales"}],"event_choices":[{"cards_removed":["theSenshi:SailorKick"],"damage_healed":0,"gold_gain":0,"player_choice":"Card Removal","damage_taken":0,"max_hp_gain":0,"max_hp_loss":0,"event_name":"The Cleric","floor":2,"gold_loss":75},{"damage_healed":0,"gold_gain":150,"player_choice":"AGREE","damage_taken":0,"max_hp_gain":0,"max_hp_loss":0,"event_name":"Liars Game","floor":3,"gold_loss":0,"cards_obtained":["Doubt"]},{"damage_healed":0,"gold_gain":0,"player_choice":"Success","damage_taken":35,"relics_obtained":["Darkstone Periapt"],"max_hp_gain":0,"max_hp_loss":0,"event_name":"Scrap Ooze","floor":4,"gold_loss":0}],"is_beta":false,"boss_relics":[],"items_purged_floors":[13],"is_endless":false,"potions_floor_spawned":[6,12,14],"killed_by":"Slime Boss","ascension_level":18}}