{"host":"xsuxkwaivmtd234a","time":1613235807,"event":{"mods":["BaseMod","Colored Map","Filter the Spire","Minty Spire (QoL Compilation)","Relic Stats","StSLib"],"gold_per_floor":[115,129,141,141,155,194,194,227,253,253,274,287,287,307,307,426,426,450,365,365,365,377,377,388,418,418,418,418,430,440,440,440,542,542,554,554,565,172,172,203,203,230,230,230,280,280,298,310,310,310,310,310,10,41,41],"floor_reached":56,"language":"ENG","playtime":6169,"items_purged":["Cleave"],"score":1471,"play_id":"5c8273c0-dd4d-471e-ac16-8e442e027ce4","local_time":"20210213120327","is_ascension_mode":true,"campfire_choices":[{"data":"Uppercut","floor":7.0,"key":"SMITH"},{"data":"Feed","floor":13.0,"key":"SMITH"},{"data":"Shockwave","floor":15.0,"key":"SMITH"},{"floor":23.0,"key":"REST"},{"floor":27.0,"key":"REST"},{"data":"Armaments","floor":32.0,"key":"SMITH"},{"floor":41,"key":"REST"},{"floor":44,"key":"RECALL"},{"data":"Intimidate","floor":46,"key":"SMITH"},{"floor":49,"key":"REST"},{"data":"Inflame","floor":52,"key":"SMITH"}],"circlet_count":0,"master_deck":["Bash","Feed+1","Dual Wield","Uppercut+1","Shockwave+1","Evolve","Sword Boomerang","Inflame+1","Exhume","Armaments+1","Exhume","Bloodletting","Ghostly Armor","Sentinel","Headbutt","Intimidate+1","Dropkick","Necronomicurse","Flame Barrier","Pummel+1","Barricade+1","Disarm+1","Body Slam+1","Metallicize+1","Master of Strategy","Metallicize+1","Feel No Pain+1","Flame Barrier","Shrug It Off+1","Rupture+1","Offering"],"relics":["Burning Blood","Bloody Idol","Strawberry","Akabeko","Red Skull","FaceOfCleric","Pandora\u0027s Box","Anchor","Necronomicon","Question Card","Frozen Egg 2","Blood Vial","SlaversCollar","Self Forming Clay","Darkstone Periapt","Smiling Mask","Incense Burner","ClockworkSouvenir","Orichalcum"],"acts_visited":["Exordium","TheCity","TheBeyond","TheEnding"],"potions_floor_usage":[37,40,40,48,50,55],"damage_taken":[{"damage":9.0,"enemies":"Jaw Worm","floor":1.0,"turns":6.0},{"damage":11.0,"enemies":"Cultist","floor":2.0,"turns":4.0},{"damage":1.0,"enemies":"2 Louse","floor":3.0,"turns":2.0},{"damage":14.0,"enemies":"Looter","floor":5.0,"turns":4.0},{"damage":10.0,"enemies":"Gremlin Nob","floor":6.0,"turns":3.0},{"damage":48.0,"enemies":"3 Sentries","floor":8.0,"turns":6.0},{"damage":7.0,"enemies":"Large Slime","floor":11.0,"turns":6.0},{"damage":0.0,"enemies":"Gremlin Gang","floor":12.0,"turns":1.0},{"damage":0.0,"enemies":"Red Slaver","floor":14.0,"turns":1.0},{"damage":55.0,"enemies":"Hexaghost","floor":16.0,"turns":10.0},{"damage":42.0,"enemies":"Spheric Guardian","floor":18.0,"turns":5.0},{"damage":10.0,"enemies":"Shell Parasite","floor":22.0,"turns":4.0},{"damage":12.0,"enemies":"Centurion and Healer","floor":24.0,"turns":7.0},{"damage":44.0,"enemies":"Slavers","floor":25.0,"turns":5.0},{"damage":29.0,"enemies":"Shelled Parasite and Fungi","floor":29.0,"turns":4.0},{"damage":2.0,"enemies":"Cultist and Chosen","floor":30.0,"turns":6.0},{"damage":85.0,"enemies":"Champ","floor":33.0,"turns":10.0},{"damage":1.0,"enemies":"Orb Walker","floor":35.0,"turns":2.0},{"damage":12,"enemies":"3 Shapes","floor":37,"turns":10},{"damage":67,"enemies":"Reptomancer","floor":40,"turns":7},{"damage":6,"enemies":"Nemesis","floor":42,"turns":9},{"damage":14,"enemies":"Mind Bloom Boss Battle","floor":45,"turns":9},{"damage":44,"enemies":"Writhing Mass","floor":47,"turns":11},{"damage":57,"enemies":"Transient","floor":48,"turns":5},{"damage":16,"enemies":"Donu and Deca","floor":50,"turns":13},{"damage":48,"enemies":"Shield and Spear","floor":54,"turns":10},{"damage":48,"enemies":"The Heart","floor":55,"turns":10}],"seed_played":"-8456471501744536607","potions_obtained":[{"floor":2.0,"key":"AttackPotion"},{"floor":3.0,"key":"SkillPotion"},{"floor":8.0,"key":"AttackPotion"},{"floor":14.0,"key":"SkillPotion"},{"floor":18.0,"key":"SpeedPotion"},{"floor":29.0,"key":"Explosive Potion"},{"floor":30.0,"key":"Fire Potion"},{"floor":35.0,"key":"Energy Potion"},{"floor":37,"key":"FearPotion"},{"floor":48,"key":"DistilledChaos"},{"floor":54,"key":"SpeedPotion"}],"is_trial":false,"path_per_floor":["M","M","M","?","M","E","R","E","T","?","M","M","R","M","R","B",null,"M","?","?","?","M","R","M","E","T","R","T","M","M","?","R","B",null,"M","?","M","$","?","E","R","E","T","R","?","R","M","M","R","B",null,"R","$","E","B",null],"character_chosen":"IRONCLAD","items_purchased":["Self Forming Clay","Metallicize+1","ClockworkSouvenir","Rupture+1","ElixirPotion"],"campfire_rested":4,"item_purchase_floors":[38,38,53,53,53],"current_hp_per_floor":[72,70,78,75,70,73,73,34,34,34,40,47,47,58,58,14,83,48,48,48,32,38,71,75,47,47,83,83,72,88,88,88,21,108,125,125,135,135,135,82,127,139,139,139,143,143,117,74,124,125,164,164,164,134,95],"gold":41,"neow_bonus":"THREE_RARE_CARDS","is_daily":false,"chose_seed":false,"campfire_upgraded":6,"win_rate":0.0,"timestamp":1613235807,"path_taken":["M","M","M","?","M","E","R","E","T","?","M","M","R","?","R","BOSS","M","?","?","?","M","R","M","E","T","R","?","?","M","?","R","BOSS","M","?","M","$","?","E","R","E","T","R","?","R","M","M","R","BOSS","R","$","E","BOSS"],"items_purchased_type":["Relic","Card","Relic","Card","Potion"],"build_version":"2020-12-22","purchased_purges":1,"victory":true,"max_hp_per_floor":[75,78,81,75,78,85,85,88,88,88,95,96,96,101,101,106,106,107,107,107,107,112,112,117,122,122,122,122,127,132,132,132,137,137,142,142,151,151,151,152,152,157,157,157,162,162,167,168,168,177,177,177,177,182,183],"relic_stats":{"Darkstone Periapt":0,"counters":[27,170],"Self Forming Clay":[156],"Orichalcum":[0],"Question Card":12,"Smiling Mask":0,"Burning Blood":162,"Blood Vial":26,"FaceOfCleric":21,"Bloody Idol":70,"Pandora\u0027s Box":["Armaments","Cleave","Exhume","Bloodletting","Ghostly Armor","Sentinel","Headbutt","Intimidate","Fire Breathing"],"Necronomicon":[41],"obtain_stats":[{"Darkstone Periapt":40,"Golden Idol":4,"Self Forming Clay":38,"Incense Burner":45,"Frozen Egg 2":26,"Orichalcum":54,"Question Card":25,"Smiling Mask":42,"Burning Blood":0,"Akabeko":8,"ClockworkSouvenir":53,"Blood Vial":28,"SlaversCollar":34,"Anchor":19,"FaceOfCleric":10,"Strawberry":6,"Bloody Idol":20,"Pandora\u0027s Box":17,"Necronomicon":21,"Red Skull":9},{"Darkstone Periapt":20,"Golden Idol":3,"Self Forming Clay":19,"Incense Burner":22,"Frozen Egg 2":14,"Orichalcum":26,"Question Card":14,"Smiling Mask":21,"Burning Blood":0,"Akabeko":6,"ClockworkSouvenir":25,"Blood Vial":14,"SlaversCollar":17,"Anchor":11,"FaceOfCleric":6,"Strawberry":5,"Bloody Idol":11,"Pandora\u0027s Box":10,"Necronomicon":11,"Red Skull":6},{"Darkstone Periapt":103,"Golden Idol":12,"Self Forming Clay":96,"Incense Burner":121,"Frozen Egg 2":64,"Orichalcum":160,"Question Card":64,"Smiling Mask":112,"Burning Blood":0,"Akabeko":25,"ClockworkSouvenir":150,"Blood Vial":64,"SlaversCollar":84,"Anchor":48,"FaceOfCleric":25,"Strawberry":19,"Bloody Idol":48,"Pandora\u0027s Box":43,"Necronomicon":48,"Red Skull":25}]},"card_choices":[{"not_picked":["Demon Form","Limit Break"],"picked":"Feed","floor":0.0},{"not_picked":["Shrug It Off","Spot Weakness"],"picked":"Dual Wield","floor":1.0},{"not_picked":["Shrug It Off","Sentinel"],"picked":"Uppercut","floor":2.0},{"not_picked":["Uppercut","Pommel Strike"],"picked":"Combust","floor":3.0},{"not_picked":["Shrug It Off","Thunderclap","Dark Embrace"],"picked":"SKIP","floor":5.0},{"not_picked":["Second Wind","Reckless Charge"],"picked":"Shockwave","floor":6.0},{"not_picked":["Twin Strike","Searing Blow"],"picked":"Evolve","floor":8.0},{"not_picked":["Wild Strike","Blood for Blood"],"picked":"Sword Boomerang","floor":11.0},{"not_picked":["Clothesline","Clash","Infernal Blade"],"picked":"SKIP","floor":12.0},{"not_picked":["Burning Pact","Headbutt"],"picked":"Inflame","floor":14.0},{"not_picked":["Berserk","Double Tap"],"picked":"Exhume","floor":16.0},{"not_picked":["Havoc","Iron Wave"],"picked":"Dropkick","floor":18.0},{"not_picked":["Anger","Heavy Blade"],"picked":"Flame Barrier","floor":22.0},{"not_picked":["Flex","Heavy Blade","Body Slam"],"picked":"SKIP","floor":24.0},{"not_picked":["Pommel Strike","Bludgeon"],"picked":"Pummel+1","floor":25.0},{"not_picked":["Reckless Charge","Clash","Perfected Strike","Clothesline"],"picked":"SKIP","floor":29.0},{"not_picked":["Warcry","Havoc","Wild Strike+1","Cleave"],"picked":"SKIP","floor":30.0},{"not_picked":["Bludgeon","Feed","Immolate"],"picked":"Barricade+1","floor":33.0},{"not_picked":["Twin Strike","Wild Strike+1","Sword Boomerang"],"picked":"Disarm+1","floor":35.0},{"not_picked":["Rage+1","Clothesline+1","Headbutt+1"],"picked":"Body Slam+1","floor":37},{"not_picked":["Finesse","Secret Technique","HandOfGreed"],"picked":"Master of Strategy","floor":39},{"not_picked":["Searing Blow+1","Sword Boomerang+1","Anger"],"picked":"Metallicize+1","floor":40},{"not_picked":["Headbutt","Evolve+1","Flex+1"],"picked":"Feel No Pain+1","floor":42},{"not_picked":["Twin Strike","Shockwave+1","Armaments+1"],"picked":"Flame Barrier","floor":45},{"not_picked":["Evolve+1","Burning Pact+1","Whirlwind+1"],"picked":"Shrug It Off+1","floor":47},{"not_picked":["Burning Pact","True Grit","Body Slam","Sword Boomerang+1"],"picked":"SKIP","floor":48},{"not_picked":["Thunderclap","Evolve+1","Rampage"],"picked":"Offering","floor":54}],"player_experience":1249390,"relics_obtained":[{"floor":6.0,"key":"Strawberry"},{"floor":8.0,"key":"Akabeko"},{"floor":9.0,"key":"Red Skull"},{"floor":21.0,"key":"Necronomicon"},{"floor":25.0,"key":"Question Card"},{"floor":26.0,"key":"Frozen Egg 2"},{"floor":28.0,"key":"Blood Vial"},{"floor":40,"key":"Darkstone Periapt"},{"floor":42,"key":"Smiling Mask"},{"floor":45,"key":"Incense Burner"},{"floor":54,"key":"Orichalcum"}],"event_choices":[{"damage_healed":0.0,"max_hp_gain":0.0,"max_hp_loss":6.0,"gold_gain":0.0,"event_name":"Golden Idol","player_choice":"Lose Max HP","floor":4.0,"gold_loss":0.0,"damage_taken":0.0,"relics_obtained":["Golden Idol"]},{"damage_healed":0.0,"max_hp_gain":0.0,"max_hp_loss":0.0,"gold_gain":0.0,"event_name":"FaceTrader","player_choice":"Trade","floor":10.0,"gold_loss":0.0,"damage_taken":0.0,"relics_obtained":["FaceOfCleric"]},{"damage_healed":0.0,"max_hp_gain":0.0,"max_hp_loss":0.0,"gold_gain":0.0,"event_name":"Addict","player_choice":"Obtained Relic","floor":19.0,"gold_loss":85.0,"damage_taken":0.0,"relics_obtained":["Anchor"]},{"damage_healed":0.0,"max_hp_gain":0.0,"max_hp_loss":0.0,"gold_gain":0.0,"event_name":"Forgotten Altar","player_choice":"Gave Idol","floor":20.0,"relics_lost":["Golden Idol"],"gold_loss":0.0,"damage_taken":0.0,"relics_obtained":["Bloody Idol"]},{"damage_healed":0.0,"max_hp_gain":0.0,"max_hp_loss":0.0,"gold_gain":0.0,"event_name":"Cursed Tome","player_choice":"Obtained Book","floor":21.0,"gold_loss":0.0,"damage_taken":16.0},{"cards_removed":["Combust"],"damage_healed":0.0,"max_hp_gain":0.0,"max_hp_loss":0.0,"gold_gain":0.0,"event_name":"Purifier","player_choice":"Purged","floor":31.0,"gold_loss":0.0,"damage_taken":0.0},{"cards_removed":["Fire Breathing"],"damage_healed":0.0,"max_hp_gain":0.0,"max_hp_loss":0.0,"gold_gain":0.0,"event_name":"Falling","player_choice":"Removed Power","floor":36.0,"gold_loss":0.0,"damage_taken":0.0},{"damage_healed":0,"gold_gain":0,"player_choice":"Memory 1","damage_taken":0,"max_hp_gain":0,"max_hp_loss":0,"event_name":"SensoryStone","floor":39,"gold_loss":0},{"damage_healed":0,"gold_gain":0,"player_choice":"Fight","damage_taken":0,"max_hp_gain":0,"max_hp_loss":0,"event_name":"MindBloom","floor":45,"gold_loss":0}],"is_beta":false,"boss_relics":[{"not_picked":["Sozu","Fusion Hammer"],"picked":"Pandora\u0027s Box"},{"not_picked":["SacredBark","Cursed Key"],"picked":"SlaversCollar"}],"items_purged_floors":[38],"is_endless":false,"potions_floor_spawned":[2,3,8,14,18,29,30,35,37,48,54],"ascension_level":5}}