{"host":"u0qetpmu4y58k1tf","time":1613243579,"event":{"mods":["100% Spire Juice","AchievementEnabler","Act Like it!","BaseMod","CapriCore","Colored Map","Colored Powertips","Hermit","Koishi","Marisa£¨Ùöéë¡¡Øª×âÞÞ£©","Minty Spire (QoL Compilation)","Quick Restart","Reliquary","Replay The Spire","StSLib","Td1madao Mod","The Bug Knight","The Cursed","The Gatherer","The Hierophant","The Immortal","The Jungle","The Runesmith","WarShipGirlsR/??á´Ò³R mod"],"gold_per_floor":[111,111,3,22,22,55,75,131,131,131,142,142,71,86,86,189,189,207,51,51,151,18,18,18,48,71,96,106,106,132,152,152,248,248,266,266],"floor_reached":35,"language":"KOR","playtime":2457,"items_purged":["rmod:strick","Shame","Injury"],"score":493,"play_id":"1401d8fa-e4bf-4335-8b67-a67e6e36452d","local_time":"20210214041259","is_ascension_mode":false,"campfire_choices":[{"data":"rmod:basicallowance","floor":10,"key":"SMITH"},{"data":"rmod:ammunitionsupply","floor":12,"key":"SMITH"},{"floor":15,"key":"REST"},{"data":"rmod:expeditionaryescort","floor":23,"key":"SMITH"},{"data":"rmod:seals","floor":29,"key":"SMITH"},{"floor":32,"key":"REST"}],"circlet_count":0,"master_deck":["rmod:strick","rmod:strick","rmod:defend","rmod:defend","rmod:defend","rmod:defend","rmod:basicallowance+1","rmod:maingunfire","rmod:goodsister","rmod:mineteam+1","rmod:luckystar","rmod:ammunitionsupply+1","rmod:seals+1","rmod:firesupport","rmod:bulid","rmod:u235","rmod:ridicule","rmod:supportaircraftcarrier","rmod:expeditionaryescort+1","rmod:fuelsupply","rmod:expedition","rmod:fletcherpendant+1","rmod:bulid+1","rmod:steelsupply+1","rmod:mineteam","rmod:fletcherpendant","rmod:ridicule","rmod:intelligenceanalysis+1"],"relics":["rmod:firstchargereward","NeowsBlessing","CaptainsWheel","Oddly Smooth Stone","Replay:Bottled Steam","rmod:monthlycard","theJungle:SneckoAutograph","reliquary:Knoch","Replay:Rubber Ducky","ReplayTheSpireMod:CursedCoin","reliquary:SilkGlove","Snecko Eye"],"acts_visited":["Exordium","Exordium","TheBeyond"],"potions_floor_usage":[11,18,25,28],"damage_taken":[{"damage":0,"enemies":"Small Slimes","floor":1,"turns":1},{"damage":0,"enemies":"2 Louse","floor":4,"turns":1},{"damage":0,"enemies":"3 Sentries","floor":6,"turns":2},{"damage":11,"enemies":"Jaw Worm","floor":7,"turns":3},{"damage":35,"enemies":"3 Sentries","floor":8,"turns":8},{"damage":0,"enemies":"Looter","floor":11,"turns":2},{"damage":3,"enemies":"Blue Slaver","floor":14,"turns":4},{"damage":35,"enemies":"The Guardian","floor":16,"turns":9},{"damage":24,"enemies":"theJungle:Flameango_and_Byrd","floor":18,"turns":5},{"damage":18,"enemies":"theJungle:2_Phrogs","floor":25,"turns":7},{"damage":6,"enemies":"theJungle:5_Spyders","floor":28,"turns":7},{"damage":6,"enemies":"theJungle:MamaSnecko","floor":30,"turns":4},{"damage":25,"enemies":"theJungle:Snecko_Cultist_And_Trap","floor":31,"turns":5},{"damage":0,"enemies":"theJungle:QueenSpyder","floor":33,"turns":9},{"damage":6,"enemies":"Orb Walker","floor":35,"turns":5}],"seed_played":"-4821188491449548723","potions_obtained":[{"floor":6,"key":"FairyPotion"},{"floor":7,"key":"Elixir"},{"floor":8,"key":"Fire Potion"},{"floor":16,"key":"Block Potion"},{"floor":18,"key":"Fire Potion"},{"floor":25,"key":"FearPotion"},{"floor":31,"key":"GamblersBrew"}],"is_trial":false,"path_per_floor":["M","?","$","M","$","E","M","?","T","R","M","R","$","M","R","B",null,"M","$","?","?","$","R","?","E","T","$","M","R","E","M","R","B",null,"M"],"character_chosen":"PRAEFECT","items_purchased":["rmod:mineteam+1","rmod:luckystar","rmod:ridicule","rmod:expedition","rmod:fletcherpendant+1","ReplayTheSpireMod:CursedCoin"],"campfire_rested":2,"item_purchase_floors":[3,3,13,19,22,27],"current_hp_per_floor":[75,68,68,68,68,68,57,22,22,22,22,22,22,19,41,6,75,51,51,51,46,46,46,56,38,38,38,32,32,26,1,23,23,75,69,69],"gold":266,"neow_bonus":"THREE_ENEMY_KILL","is_daily":false,"chose_seed":false,"campfire_upgraded":4,"win_rate":0.0,"timestamp":1613243579,"path_taken":["M","?","$","M","$","E","M","?","T","R","M","R","?","M","R","BOSS","M","$","?","?","$","R","?","E","T","?","M","R","E","M","R","BOSS","M"],"items_purchased_type":["Card","Card","Card","Card","Card","Relic"],"build_version":"2020-12-22","purchased_purges":3,"victory":false,"max_hp_per_floor":[75,75,75,75,75,75,75,75,75,75,75,75,75,75,75,75,75,75,75,75,75,75,75,75,75,75,75,75,75,75,75,75,75,75,75,75],"card_choices":[{"not_picked":["rmod:circuitoustactics","rmod:smokecover"],"picked":"rmod:goodsister","floor":1},{"not_picked":["rmod:unsinkable","rmod:gendarmerie"],"picked":"rmod:ammunitionsupply","floor":4},{"not_picked":["rmod:supportescort","rmod:diamondstrike"],"picked":"rmod:seals","floor":6},{"not_picked":["rmod:intelligenceanalysis","rmod:supportescort"],"picked":"rmod:firesupport","floor":7},{"not_picked":["rmod:intelligenceanalysis","rmod:goodfighter"],"picked":"rmod:bulid","floor":8},{"not_picked":["rmod:garrisonisland","rmod:supportescort"],"picked":"rmod:u235","floor":11},{"not_picked":["rmod:fuelsupply","rmod:spoils"],"picked":"rmod:supportaircraftcarrier","floor":14},{"not_picked":["rmod:fletcher","rmod:timeschanged"],"picked":"rmod:expeditionaryescort","floor":16},{"not_picked":["rmod:diamondstrike+1","rmod:luckystar"],"picked":"rmod:fuelsupply","floor":18},{"not_picked":["rmod:supportescort","rmod:tearstotiara+1"],"picked":"rmod:bulid+1","floor":25},{"not_picked":["rmod:gendarmerie","rmod:diaomin"],"picked":"rmod:steelsupply+1","floor":28},{"not_picked":["rmod:luckystar+1","rmod:ammunitionsupply"],"picked":"rmod:mineteam","floor":30},{"not_picked":["rmod:robin","rmod:generalist"],"picked":"rmod:fletcherpendant","floor":31},{"not_picked":["rmod:highspeedmaneuver","rmod:seals"],"picked":"rmod:ridicule","floor":33},{"not_picked":["rmod:tearstotiara","rmod:circuitoustactics+1"],"picked":"rmod:intelligenceanalysis+1","floor":35}],"player_experience":123343,"relics_obtained":[{"floor":6,"key":"CaptainsWheel"},{"floor":8,"key":"Oddly Smooth Stone"},{"floor":9,"key":"Replay:Bottled Steam"},{"floor":25,"key":"Replay:Rubber Ducky"},{"floor":30,"key":"reliquary:SilkGlove"}],"event_choices":[{"cards_removed":["rmod:strick"],"damage_healed":0,"gold_gain":0,"player_choice":"Card Removal","damage_taken":7,"max_hp_gain":0,"max_hp_loss":0,"event_name":"Golden Wing","floor":2,"gold_loss":0},{"damage_healed":0,"gold_gain":0,"player_choice":"Searched \u00272\u0027 times","damage_taken":0,"max_hp_gain":0,"max_hp_loss":0,"event_name":"Dead Adventurer","floor":8,"gold_loss":0}],"is_beta":false,"boss_relics":[{"not_picked":["Replay:Fungal Core","Empty Cage"],"picked":"rmod:monthlycard"},{"not_picked":["Runesmith:UraniumAnvil","reliquary:KinkedSpring"],"picked":"Snecko Eye"}],"items_purged_floors":[19,22,27],"is_endless":false,"potions_floor_spawned":[6,7,8,16,18,25,31],"killed_by":"Orb Walker","ascension_level":0}}