{"host":"8vqkh0x3c7vpgzzm","time":1613245745,"event":{"mods":["AchievementEnabler","BaseMod","Colored Map","Colored Powertips","Curses Come First","DeckTracker","Highlight Path","Minty Spire (QoL Compilation)","Permanent Neow","Quick Restart","Random Character Mod","Rare Cards Sparkle","Relic Sorter","Relic Stats","StSLib","SuperFastMode","Unceasing Turn Reminder","egg","everything is the same but u backflip on backflip"],"gold_per_floor":[15,28,28,43,43,43,69,69,69,104,104,114,114,114,114,114,114],"floor_reached":16,"language":"ENG","playtime":366,"items_purged":[],"score":196,"play_id":"03ad7749-4af0-43e9-9877-9b008d9d935e","local_time":"20210213204905","is_ascension_mode":true,"campfire_choices":[{"data":"Armaments","floor":6,"key":"SMITH"},{"data":"Bash","floor":8,"key":"SMITH"},{"data":"Body Slam","floor":11,"key":"SMITH"},{"floor":15,"key":"REST"}],"circlet_count":0,"master_deck":["AscendersBane","Strike_R+1","Strike_R","Strike_R+1","Defend_R","Defend_R","Defend_R","Bash+1","Inflame","Armaments+1","Flame Barrier","Body Slam+1","Dual Wield"],"relics":["Burning Blood","Bag of Marbles","Paper Frog","Blood Vial"],"acts_visited":["Exordium"],"potions_floor_usage":[10,16],"damage_taken":[{"damage":9,"enemies":"Jaw Worm","floor":1,"turns":5},{"damage":7,"enemies":"Cultist","floor":2,"turns":4},{"damage":14,"enemies":"Small Slimes","floor":4,"turns":4},{"damage":35,"enemies":"3 Sentries","floor":10,"turns":10},{"damage":1,"enemies":"Blue Slaver","floor":12,"turns":3},{"damage":28,"enemies":"Slime Boss","floor":16,"turns":3}],"seed_played":"-5544581351878660953","potions_obtained":[{"floor":2,"key":"Swift Potion"},{"floor":4,"key":"SpeedPotion"}],"is_trial":false,"path_per_floor":["M","M","?","M","?","R","T","R","T","E","R","M","?","?","R","B"],"character_chosen":"IRONCLAD","items_purchased":[],"campfire_rested":1,"item_purchase_floors":[],"current_hp_per_floor":[65,64,64,56,56,56,56,56,56,27,27,34,11,4,26,0,0],"gold":114,"neow_bonus":"REMOVE_TWO","is_daily":false,"chose_seed":false,"campfire_upgraded":3,"win_rate":0.0,"timestamp":1613245745,"path_taken":["M","M","?","?","?","R","?","R","T","E","R","M","?","?","R","BOSS"],"items_purchased_type":[],"build_version":"2020-12-22","purchased_purges":0,"victory":false,"max_hp_per_floor":[75,75,75,75,75,75,75,75,75,75,75,75,75,75,75,75,75],"relic_stats":{"Blood Vial":4,"counters":[6,29],"obtain_stats":[{"Blood Vial":10,"Bag of Marbles":7,"Burning Blood":0,"Paper Frog":9},{"Blood Vial":4,"Bag of Marbles":3,"Burning Blood":0,"Paper Frog":3},{"Blood Vial":23,"Bag of Marbles":13,"Burning Blood":0,"Paper Frog":13}],"Burning Blood":30},"card_choices":[{"not_picked":["Pommel Strike","Intimidate"],"picked":"Inflame","floor":1},{"not_picked":["Havoc","Sever Soul"],"picked":"Armaments","floor":2},{"not_picked":["Clash","Combust"],"picked":"Flame Barrier","floor":4},{"not_picked":["Thunderclap","Clash"],"picked":"Body Slam","floor":10},{"not_picked":["Burning Pact","Fire Breathing"],"picked":"Dual Wield","floor":12}],"player_experience":541721,"relics_obtained":[{"floor":7,"key":"Bag of Marbles"},{"floor":9,"key":"Paper Frog"},{"floor":10,"key":"Blood Vial"}],"event_choices":[{"damage_healed":0,"gold_gain":0,"player_choice":"Cursed","damage_taken":0,"max_hp_gain":0,"max_hp_loss":0,"event_name":"Wheel of Change","floor":3,"gold_loss":0,"cards_obtained":["Decay"]},{"cards_removed":["Decay"],"damage_healed":0,"gold_gain":0,"player_choice":"Forget","damage_taken":0,"max_hp_gain":0,"max_hp_loss":0,"event_name":"Living Wall","floor":5,"gold_loss":0},{"damage_healed":0,"gold_gain":0,"player_choice":"Entered Light","damage_taken":23,"max_hp_gain":0,"max_hp_loss":0,"event_name":"Shining Light","floor":13,"gold_loss":0,"cards_upgraded":["Strike_R","Strike_R"]},{"cards_removed":["Strike_R"],"damage_healed":0,"gold_gain":0,"player_choice":"Card Removal","damage_taken":7,"max_hp_gain":0,"max_hp_loss":0,"event_name":"Golden Wing","floor":14,"gold_loss":0}],"is_beta":false,"boss_relics":[],"items_purged_floors":[],"is_endless":false,"potions_floor_spawned":[2,4],"killed_by":"Slime Boss","ascension_level":20}}