{"host":"ix07nhfx4o3nf6kx","time":1613219143,"event":{"mods":["BaseMod","Hermit","Minty Spire (QoL Compilation)","StSLib","The Bug Knight","The Cursed","The Dragon Tamer","The Hierophant","The Jungle","The Runesmith"],"gold_per_floor":[118,118,16,52,17,17,17,56,101,133,183,183,183,183],"floor_reached":13,"language":"KOR","playtime":432,"items_purged":[],"score":75,"play_id":"178e3727-6547-4c2f-9211-812ff97c1889","local_time":"20210213212543","is_ascension_mode":false,"campfire_choices":[{"data":"hierophant:ChurchCoffers","floor":7,"key":"SMITH"}],"circlet_count":0,"master_deck":["hierophant:Strike_Hierophant","hierophant:Strike_Hierophant","hierophant:Strike_Hierophant","hierophant:Strike_Hierophant","hierophant:Punish","hierophant:Defend_Hierophant","hierophant:Defend_Hierophant","hierophant:Defend_Hierophant","hierophant:Defend_Hierophant","hierophant:ChurchCoffers+1","hierophant:Endure","Regret","hierophant:Repentance","hierophant:RustyCrate","hierophant:Doubloon","hierophant:Doubloon","hierophant:Exaltation","hierophant:HolyVerse","hierophant:Doubloon","hierophant:RecallFunds+1","hierophant:FaithHealing"],"relics":["hierophant:PropheticMaskRelic","White Beast Statue","Bag of Marbles"],"acts_visited":["Exordium"],"potions_floor_usage":[],"damage_taken":[{"damage":5,"enemies":"Cultist","floor":1,"turns":4},{"damage":10,"enemies":"Small Slimes","floor":4,"turns":4},{"damage":10,"enemies":"Jaw Worm","floor":8,"turns":5},{"damage":35,"enemies":"Large Slime","floor":10,"turns":7},{"damage":20,"enemies":"Red Slaver","floor":11,"turns":5},{"damage":0,"enemies":"Lagavulin","floor":13,"turns":1}],"seed_played":"7775732275446351181","potions_obtained":[{"floor":4,"key":"LiquidMemories"},{"floor":8,"key":"Weak Potion"},{"floor":10,"key":"LiquidBronze"}],"is_trial":false,"path_per_floor":["M","?","$","M","?","$","R","M","T","M","M","?","E"],"character_chosen":"HIEROPHANT","items_purchased":["hierophant:Repentance","hierophant:RustyCrate"],"campfire_rested":0,"item_purchase_floors":[3,3],"current_hp_per_floor":[77,77,77,67,82,82,82,72,72,37,17,17,17,17],"gold":183,"neow_bonus":"TEN_PERCENT_HP_BONUS","is_daily":false,"chose_seed":false,"campfire_upgraded":1,"win_rate":0.0,"timestamp":1613219143,"path_taken":["M","?","$","M","?","?","R","M","T","M","M","?","E"],"items_purchased_type":["Card","Card"],"build_version":"2020-12-22","purchased_purges":0,"victory":false,"max_hp_per_floor":[82,82,82,82,82,82,82,82,82,82,82,82,82,82],"card_choices":[{"not_picked":["hierophant:Remorse","hierophant:RustyCrate"],"picked":"hierophant:Endure","floor":1},{"not_picked":["hierophant:DisplayOfPower","hierophant:Shelter"],"picked":"hierophant:Exaltation","floor":4},{"not_picked":["hierophant:FaithHealing","hierophant:Encroach"],"picked":"hierophant:HolyVerse","floor":8},{"not_picked":["hierophant:SealAway","hierophant:Empathy"],"picked":"hierophant:RecallFunds","floor":10},{"not_picked":["hierophant:HammerAndAnvil","hierophant:RustyCrate"],"picked":"hierophant:FaithHealing","floor":11}],"player_experience":270426,"relics_obtained":[{"floor":9,"key":"Bag of Marbles"}],"event_choices":[{"damage_healed":0,"gold_gain":0,"player_choice":"Box","damage_taken":0,"relics_obtained":["White Beast Statue"],"max_hp_gain":0,"max_hp_loss":0,"event_name":"Big Fish","floor":2,"gold_loss":0,"cards_obtained":["Regret"]},{"damage_healed":20,"gold_gain":0,"player_choice":"Healed","damage_taken":0,"max_hp_gain":0,"max_hp_loss":0,"event_name":"The Cleric","floor":5,"gold_loss":35},{"damage_healed":0,"gold_gain":0,"player_choice":"Upgraded","damage_taken":0,"max_hp_gain":0,"max_hp_loss":0,"event_name":"Upgrade Shrine","floor":12,"gold_loss":0,"cards_upgraded":["hierophant:RecallFunds"]}],"is_beta":false,"boss_relics":[],"items_purged_floors":[],"is_endless":false,"potions_floor_spawned":[4,8,10,11],"killed_by":"Lagavulin","ascension_level":0}}