{"host":"8ztb9kwpjc2zof9s","time":1613207978,"event":{"mods":["BaseMod","Block Reminder","Curses Come First","Minty Spire (QoL Compilation)","Relic Stats","StSLib"],"gold_per_floor":[113,38,38,38,113,140,140,175,223,223,223,239,239,272,272,377,377,394,409,324,324,343,343,343],"floor_reached":23,"language":"ENG","playtime":683,"items_purged":["Strike_G"],"score":395,"play_id":"b7881ffd-f174-412c-bf6c-ea42186b4ac0","local_time":"20210213011938","is_ascension_mode":true,"campfire_choices":[{"floor":7,"key":"REST"},{"floor":11,"key":"REST"},{"floor":15,"key":"REST"}],"circlet_count":0,"master_deck":["AscendersBane","Strike_G+1","Strike_G","Strike_G","Defend_G","Defend_G","Defend_G","Defend_G","Defend_G","Survivor","Neutralize","Leg Sweep","Deadly Poison+1","PiercingWail","Cloak And Dagger","Blade Dance","Leg Sweep"],"relics":["Ring of the Snake","NeowsBlessing","Dream Catcher","Lantern","MealTicket","Whetstone","Shuriken","Matryoshka"],"acts_visited":["Exordium","TheCity"],"potions_floor_usage":[14,18,22,23],"damage_taken":[{"damage":0,"enemies":"Jaw Worm","floor":1,"turns":1},{"damage":0,"enemies":"Lagavulin","floor":6,"turns":1},{"damage":0,"enemies":"3 Sentries","floor":8,"turns":2},{"damage":0,"enemies":"Small Slimes","floor":12,"turns":6},{"damage":53,"enemies":"Gremlin Nob","floor":14,"turns":6},{"damage":23,"enemies":"The Guardian","floor":16,"turns":13},{"damage":17,"enemies":"2 Thieves","floor":18,"turns":4},{"damage":4,"enemies":"3 Byrds","floor":19,"turns":7},{"damage":26,"enemies":"Snake Plant","floor":22,"turns":6},{"damage":45,"enemies":"Slavers","floor":23,"turns":4}],"seed_played":"2286658715158715112","potions_obtained":[{"floor":1,"key":"Weak Potion"},{"floor":8,"key":"FairyPotion"},{"floor":16,"key":"CunningPotion"},{"floor":19,"key":"FearPotion"},{"floor":22,"key":"SpeedPotion"}],"is_trial":false,"path_per_floor":["M","$","?","?","?","E","R","E","T","?","R","M","?","E","R","B",null,"M","M","?","?","M","E"],"character_chosen":"THE_SILENT","items_purchased":[],"campfire_rested":3,"item_purchase_floors":[],"current_hp_per_floor":[63,63,45,45,34,34,55,55,55,60,75,75,75,22,44,21,62,45,41,41,41,15,0,0],"gold":343,"neow_bonus":"THREE_ENEMY_KILL","is_daily":false,"chose_seed":false,"campfire_upgraded":0,"win_rate":0.0,"timestamp":1613207978,"path_taken":["M","$","?","?","?","E","R","E","T","?","R","M","?","E","R","BOSS","M","M","?","?","M","E"],"items_purchased_type":[],"build_version":"2020-12-22","purchased_purges":1,"victory":false,"max_hp_per_floor":[70,70,70,70,70,70,70,70,70,75,75,75,75,75,75,75,75,75,75,75,75,75,75,75],"relic_stats":{"Dream Catcher":3,"counters":[10,50],"Shuriken":[13],"MealTicket":0,"Whetstone":["Strike_G","Strike_G"],"obtain_stats":[{"Dream Catcher":3,"Lantern":6,"Matryoshka":20,"NeowsBlessing":0,"Shuriken":14,"MealTicket":8,"Whetstone":9,"Ring of the Snake":0},{"Dream Catcher":1,"Lantern":2,"Matryoshka":8,"NeowsBlessing":0,"Shuriken":5,"MealTicket":3,"Whetstone":3,"Ring of the Snake":0},{"Dream Catcher":1,"Lantern":2,"Matryoshka":40,"NeowsBlessing":0,"Shuriken":16,"MealTicket":4,"Whetstone":4,"Ring of the Snake":0}],"Ring of the Snake":[20]},"card_choices":[{"not_picked":["Catalyst","Backstab"],"picked":"Leg Sweep","floor":1},{"not_picked":["Underhanded Strike","Setup","Concentrate"],"picked":"SKIP","floor":6},{"not_picked":["Dodge and Roll","Acrobatics"],"picked":"Deadly Poison","floor":7},{"not_picked":["Skewer","Grand Finale","Flying Knee"],"picked":"SKIP","floor":8},{"not_picked":["Catalyst","Outmaneuver"],"picked":"PiercingWail","floor":11},{"not_picked":["Distraction","Dodge and Roll"],"picked":"Cloak And Dagger","floor":12},{"not_picked":["Prepared","Quick Slash","Finisher"],"picked":"SKIP","floor":14},{"not_picked":["Venomology","Prepared"],"picked":"Blade Dance","floor":15},{"not_picked":["Dagger Throw+1","Choke","Expertise"],"picked":"SKIP","floor":18},{"not_picked":["Deflect+1","Outmaneuver"],"picked":"Leg Sweep","floor":19},{"not_picked":["Quick Slash","Reflex","Slice"],"picked":"SKIP","floor":22}],"player_experience":318968,"relics_obtained":[{"floor":6,"key":"Lantern"},{"floor":8,"key":"MealTicket"},{"floor":9,"key":"Whetstone"},{"floor":14,"key":"Shuriken"}],"event_choices":[{"damage_healed":0,"gold_gain":0,"player_choice":"Success","damage_taken":18,"relics_obtained":["Dream Catcher"],"max_hp_gain":0,"max_hp_loss":0,"event_name":"Scrap Ooze","floor":3,"gold_loss":0},{"damage_healed":0,"gold_gain":0,"player_choice":"Leave","damage_taken":0,"max_hp_gain":0,"max_hp_loss":0,"event_name":"The Cleric","floor":4,"gold_loss":0},{"damage_healed":0,"gold_gain":75,"player_choice":"Gather Gold","damage_taken":11,"max_hp_gain":0,"max_hp_loss":0,"event_name":"World of Goop","floor":5,"gold_loss":0},{"damage_healed":0,"gold_gain":0,"player_choice":"Donut","damage_taken":0,"max_hp_gain":5,"max_hp_loss":0,"event_name":"Big Fish","floor":10,"gold_loss":0},{"damage_healed":0,"gold_gain":0,"player_choice":"Grow","damage_taken":0,"max_hp_gain":0,"max_hp_loss":0,"event_name":"Living Wall","floor":13,"gold_loss":0,"cards_upgraded":["Deadly Poison"]},{"damage_healed":0,"gold_gain":0,"player_choice":"Obtained Relic","damage_taken":0,"relics_obtained":["Matryoshka"],"max_hp_gain":0,"max_hp_loss":0,"event_name":"Addict","floor":20,"gold_loss":85},{"cards_removed":["Strike_G"],"damage_healed":0,"gold_gain":0,"player_choice":"Offered Basic","damage_taken":0,"max_hp_gain":0,"max_hp_loss":0,"event_name":"Bonfire Elementals","floor":21,"gold_loss":0}],"is_beta":false,"boss_relics":[{"not_picked":["Snecko Eye","Coffee Dripper","Fusion Hammer"]}],"items_purged_floors":[2],"is_endless":false,"potions_floor_spawned":[1,8,12,16,19,22],"killed_by":"Slavers","ascension_level":11}}