{"host":"i09pxcjttd31eh4q","time":1613196526,"event":{"mods":["AchievementEnabler","BaseMod","Colored Map","Keyboard Shortcuts","Minty Spire (QoL Compilation)","StSLib","SuperFastMode"],"gold_per_floor":[115,115,126,47,47,47,79,79,79,90,105,124,124,139,139,212,212,229,114,127,143,154,154,173,186,210,210,226,126,143,176,176,254,254,274,149,166,16,36,66,66,100,100,100,110,136,160,173,173,173,173],"floor_reached":50,"language":"KOR","playtime":1767,"items_purged":["Strike_P","Defend_P","Defend_P","Defend_P"],"score":1301,"play_id":"bbd89650-0c79-4325-94c1-881eae149177","local_time":"20210213150846","is_ascension_mode":true,"campfire_choices":[{"data":"Eruption","floor":6.0,"key":"SMITH"},{"data":"MentalFortress","floor":8.0,"key":"SMITH"},{"data":"TalkToTheHand","floor":15.0,"key":"SMITH"},{"data":"MentalFortress","floor":23.0,"key":"SMITH"},{"data":"Scrawl","floor":32.0,"key":"SMITH"},{"data":"Scrawl","floor":41.0,"key":"SMITH"},{"floor":49,"key":"RECALL"}],"circlet_count":0,"master_deck":["AscendersBane","Strike_P","Strike_P","Strike_P","Eruption+1","Vigilance","FlurryOfBlows+1","FlurryOfBlows","MentalFortress+1","InnerPeace+1","FearNoEvil","TalkToTheHand+1","Scrawl+1","EmptyFist","MentalFortress+1","Scrawl+1","MentalFortress+1","Vault"],"relics":["HolyWater","NeowsBlessing","FaceOfCleric","Happy Flower","Strawberry","MealTicket","Tiny Chest","Red Mask","SacredBark","Art of War","Bronze Scales","Blue Candle","Vajra"],"acts_visited":["Exordium","TheCity","TheBeyond"],"potions_floor_usage":[45,46,50],"damage_taken":[{"damage":0.0,"enemies":"Jaw Worm","floor":1.0,"turns":1.0},{"damage":0.0,"enemies":"Cultist","floor":3.0,"turns":1.0},{"damage":0.0,"enemies":"3 Sentries","floor":7.0,"turns":2.0},{"damage":0.0,"enemies":"2 Louse","floor":10.0,"turns":2.0},{"damage":7.0,"enemies":"Looter","floor":11.0,"turns":3.0},{"damage":21.0,"enemies":"Exordium Wildlife","floor":12.0,"turns":6.0},{"damage":1.0,"enemies":"Red Slaver","floor":14.0,"turns":2.0},{"damage":3.0,"enemies":"Slime Boss","floor":16.0,"turns":7.0},{"damage":16.0,"enemies":"Chosen","floor":18.0,"turns":6.0},{"damage":18.0,"enemies":"2 Thieves","floor":20.0,"turns":3.0},{"damage":6.0,"enemies":"Chosen and Byrds","floor":21.0,"turns":6.0},{"damage":11.0,"enemies":"Snake Plant","floor":22.0,"turns":6.0},{"damage":0.0,"enemies":"Snecko","floor":24.0,"turns":5.0},{"damage":0.0,"enemies":"Centurion and Healer","floor":25.0,"turns":6.0},{"damage":0.0,"enemies":"Chosen and Byrds","floor":28.0,"turns":5.0},{"damage":0.0,"enemies":"Snake Plant","floor":30.0,"turns":4.0},{"damage":0.0,"enemies":"Masked Bandits","floor":31.0,"turns":2.0},{"damage":48.0,"enemies":"Champ","floor":33.0,"turns":11.0},{"damage":1.0,"enemies":"Orb Walker","floor":35.0,"turns":4.0},{"damage":0.0,"enemies":"3 Darklings","floor":37.0,"turns":3.0},{"damage":20.0,"enemies":"Spire Growth","floor":39.0,"turns":5.0},{"damage":0.0,"enemies":"Giant Head","floor":40.0,"turns":6.0},{"damage":0.0,"enemies":"Reptomancer","floor":42.0,"turns":7.0},{"damage":6,"enemies":"Writhing Mass","floor":45,"turns":8},{"damage":45,"enemies":"Nemesis","floor":46,"turns":8},{"damage":22,"enemies":"3 Darklings","floor":48,"turns":5},{"damage":18,"enemies":"Time Eater","floor":50,"turns":7}],"seed_played":"-7995139641034406425","potions_obtained":[{"floor":7.0,"key":"PowerPotion"},{"floor":10.0,"key":"Weak Potion"},{"floor":20.0,"key":"Strength Potion"},{"floor":21.0,"key":"Block Potion"},{"floor":25.0,"key":"Dexterity Potion"},{"floor":35.0,"key":"AttackPotion"},{"floor":45,"key":"LiquidMemories"},{"floor":46,"key":"SkillPotion"}],"is_trial":false,"path_per_floor":["M","?","M","$","?","R","E","R","T","M","M","M","?","M","R","B",null,"M","$","M","M","M","R","M","M","T","?","M","$","M","?","R","B",null,"M","$","M","$","M","E","R","E","T","$","M","E","T","M","R","B"],"character_chosen":"WATCHER","items_purchased":["MentalFortress","MentalFortress"],"campfire_rested":0,"item_purchase_floors":[4,19],"current_hp_per_floor":[61,61,62,62,57,57,65,65,65,66,60,40,16,16,16,14,65,50,65,48,43,33,33,34,35,35,35,36,51,52,53,53,6,71,71,86,87,94,75,76,76,77,77,92,87,43,43,22,22,4,4],"gold":173,"neow_bonus":"THREE_ENEMY_KILL","is_daily":false,"chose_seed":false,"campfire_upgraded":6,"win_rate":0.0,"timestamp":1613196526,"path_taken":["M","?","?","$","?","R","E","R","T","M","M","M","?","M","R","BOSS","M","$","M","M","M","R","M","M","T","?","M","$","?","?","R","BOSS","M","$","M","$","M","E","R","E","T","$","M","E","?","M","R","BOSS"],"items_purchased_type":["Card","Card"],"build_version":"2020-12-22","purchased_purges":4,"victory":false,"max_hp_per_floor":[68,68,69,69,69,69,77,77,77,78,79,80,80,81,81,82,82,83,83,84,85,86,86,87,88,88,88,89,89,90,91,91,92,92,93,93,94,94,95,96,96,97,97,97,98,99,99,100,100,100,100],"card_choices":[{"not_picked":["Consecrate","Prostrate"],"picked":"FlurryOfBlows","floor":1.0},{"not_picked":["CutThroughFate","Prostrate"],"picked":"FlurryOfBlows","floor":3.0},{"not_picked":["JustLucky","Prostrate"],"picked":"InnerPeace","floor":7.0},{"not_picked":["SashWhip","Worship"],"picked":"FearNoEvil","floor":10.0},{"not_picked":["Crescendo","EmptyBody","Establishment"],"picked":"SKIP","floor":11.0},{"not_picked":["Crescendo","EmptyBody","Establishment"],"picked":"SKIP","floor":11.0},{"not_picked":["ClearTheMind","JustLucky","FearNoEvil"],"picked":"SKIP","floor":12.0},{"not_picked":["CrushJoints","JustLucky"],"picked":"TalkToTheHand","floor":14.0},{"not_picked":["MasterReality","Blasphemy"],"picked":"Scrawl","floor":16.0},{"not_picked":["Conclude+1","ClearTheMind+1"],"picked":"EmptyFist","floor":18.0},{"not_picked":["PathToVictory","Conclude","Vengeance"],"picked":"SKIP","floor":20.0},{"not_picked":["Crescendo","EmptyMind","Evaluate"],"picked":"SKIP","floor":21.0},{"not_picked":["BowlingBash","SandsOfTime"],"picked":"Scrawl","floor":22.0},{"not_picked":["EmptyBody","MentalFortress+1","CrushJoints+1"],"picked":"SKIP","floor":24.0},{"not_picked":["EmptyBody","MentalFortress+1","CrushJoints+1"],"picked":"SKIP","floor":24.0},{"not_picked":["EmptyBody","MentalFortress+1","CrushJoints+1"],"picked":"SKIP","floor":24.0},{"not_picked":["EmptyBody","CrushJoints+1"],"picked":"MentalFortress+1","floor":24.0},{"not_picked":["EmptyFist","Weave","Pray"],"picked":"SKIP","floor":25.0},{"not_picked":["Indignation","Nirvana+1","CrushJoints"],"picked":"SKIP","floor":28.0},{"not_picked":["EmptyBody","PathToVictory","WaveOfTheHand"],"picked":"SKIP","floor":30.0},{"not_picked":["MasterReality","ConjureBlade"],"picked":"Vault","floor":33.0},{"not_picked":["Swivel","Crescendo","Vengeance"],"picked":"SKIP","floor":35.0},{"not_picked":["Collect","WindmillStrike","FollowUp"],"picked":"SKIP","floor":37.0},{"not_picked":["FlurryOfBlows","Swivel","ClearTheMind"],"picked":"SKIP","floor":39.0},{"not_picked":["Collect","Wallop","CrushJoints+1"],"picked":"SKIP","floor":40.0},{"not_picked":["Weave+1","Indignation","InnerPeace"],"picked":"SKIP","floor":42.0},{"not_picked":["Protect","Meditate+1","Crescendo+1"],"picked":"SKIP","floor":45},{"not_picked":["LikeWater","WaveOfTheHand+1","Scrawl"],"picked":"SKIP","floor":46},{"not_picked":["FlurryOfBlows","WreathOfFlame+1","FollowUp"],"picked":"SKIP","floor":48}],"player_experience":905450,"relics_obtained":[{"floor":7.0,"key":"Strawberry"},{"floor":9.0,"key":"MealTicket"},{"floor":26.0,"key":"Tiny Chest"},{"floor":31.0,"key":"Red Mask"},{"floor":40.0,"key":"Art of War"},{"floor":42.0,"key":"Bronze Scales"},{"floor":46,"key":"Blue Candle"},{"floor":47,"key":"Vajra"}],"event_choices":[{"damage_healed":0.0,"max_hp_gain":0.0,"max_hp_loss":0.0,"gold_gain":0.0,"event_name":"FaceTrader","player_choice":"Trade","floor":2.0,"gold_loss":0.0,"damage_taken":0.0,"relics_obtained":["FaceOfCleric"]},{"damage_healed":0.0,"max_hp_gain":0.0,"max_hp_loss":0.0,"gold_gain":0.0,"event_name":"Scrap Ooze","player_choice":"Success","floor":5.0,"gold_loss":0.0,"damage_taken":5.0,"relics_obtained":["Happy Flower"]},{"damage_healed":0.0,"max_hp_gain":0.0,"max_hp_loss":0.0,"gold_gain":0.0,"event_name":"Shining Light","player_choice":"Entered Light","floor":13.0,"gold_loss":0.0,"damage_taken":24.0,"cards_upgraded":["InnerPeace","FlurryOfBlows"]},{"cards_removed":["Defend_P"],"damage_healed":0.0,"max_hp_gain":0.0,"max_hp_loss":0.0,"gold_gain":0.0,"event_name":"Wheel of Change","player_choice":"Card Removal","floor":27.0,"gold_loss":0.0,"damage_taken":0.0},{"damage_healed":0.0,"max_hp_gain":0.0,"max_hp_loss":0.0,"gold_gain":0.0,"event_name":"Masked Bandits","player_choice":"Fought Bandits","floor":31.0,"gold_loss":0.0,"damage_taken":0.0}],"is_beta":false,"boss_relics":[{"not_picked":["Tiny House","SlaversCollar"],"picked":"HolyWater"},{"not_picked":["Snecko Eye","Cursed Key"],"picked":"SacredBark"}],"items_purged_floors":[19,29,36,38],"is_endless":false,"potions_floor_spawned":[7,10,11,14,20,21,25,35,39,42,45,46],"killed_by":"Time Eater","ascension_level":20}}