{"host":"zrerxgu8lagrk16e","time":1613180825,"event":{"mods":["AchievementEnabler","BaseMod","Better Altar","Better Match","Better Note","Better Sensory Stone","Better Skull","Better Third Choice","BetterRewards","Colored Map","Colored Powertips","Minty Spire (QoL Compilation)","Quick Restart","Relic Stats","StSLib","slay the spire mod where everything is the same but ironclad has a cowboy hat"],"gold_per_floor":[111,111,125,91,91,126,142,175,175,189,267,15,31,49,49,169,169,194,95,10,10,31,75,75,119,119,119,38,38,38,64,64,168,168,179,179,197,249,55,55,81,41,41,52,71,0,0,19,19,19,19,19,19,47,47,47],"floor_reached":55,"language":"ENG","playtime":2201,"items_purged":[],"score":1233,"play_id":"199e580a-c53d-40a2-8a16-c8eb04487021","local_time":"20210212204705","is_ascension_mode":true,"campfire_choices":[{"floor":15.0,"key":"REST"},{"floor":27.0,"key":"REST"},{"floor":32.0,"key":"REST"},{"floor":40.0,"key":"REST"},{"floor":49.0,"key":"RECALL"},{"floor":52,"key":"REST"}],"circlet_count":0,"master_deck":["Strike_R+1","Strike_R","Strike_R","Strike_R","Strike_R","Defend_R","Defend_R","Defend_R","Defend_R","Bash","Apotheosis+1","Pummel","Shockwave","Uppercut","Infernal Blade","Flame Barrier","Pummel","Twin Strike","Pommel Strike","Cleave","Immolate","Rupture","Inflame","Twin Strike","Perfected Strike+1","Thunderclap","Demon Form","Combust","Twin Strike","Offering","Twin Strike","Demon Form","Shockwave+1","Whirlwind","Rupture","Clothesline","Exhume","Bludgeon","Wild Strike+1","Perfected Strike+1","Limit Break","Heavy Blade+1","Madness","Madness","Sword Boomerang+1","Clothesline+1","Brutality"],"relics":["Black Blood","Turnip","Peace Pipe","Bloody Idol","Unceasing Top","Odd Mushroom","Champion Belt","Anchor","Bottled Lightning","Gremlin Horn","Oddly Smooth Stone","Gambling Chip","Lizard Tail","Blood Vial","Ancient Tea Set","Whetstone","Snecko Eye","Prayer Wheel","Orrery","Ornamental Fan","Juzu Bracelet","Red Mask","Toy Ornithopter"],"acts_visited":["TheCity","TheBeyond","TheEnding"],"potions_floor_usage":[50,54],"damage_taken":[{"damage":4.0,"enemies":"Jaw Worm","floor":1.0,"turns":3.0},{"damage":0.0,"enemies":"Cultist","floor":3.0,"turns":3.0},{"damage":22.0,"enemies":"3 Sentries","floor":6.0,"turns":7.0},{"damage":5.0,"enemies":"Small Slimes","floor":7.0,"turns":3.0},{"damage":31.0,"enemies":"The Mushroom Lair","floor":8.0,"turns":5.0},{"damage":9.0,"enemies":"Blue Slaver","floor":10.0,"turns":2.0},{"damage":13.0,"enemies":"Gremlin Nob","floor":11.0,"turns":4.0},{"damage":0.0,"enemies":"3 Louse","floor":13.0,"turns":2.0},{"damage":9.0,"enemies":"Exordium Wildlife","floor":14.0,"turns":4.0},{"damage":14.0,"enemies":"Hexaghost","floor":16.0,"turns":8.0},{"damage":5.0,"enemies":"Spheric Guardian","floor":18.0,"turns":3.0},{"damage":12.0,"enemies":"2 Thieves","floor":22.0,"turns":2.0},{"damage":27.0,"enemies":"Slavers","floor":23.0,"turns":3.0},{"damage":26.0,"enemies":"Book of Stabbing","floor":25.0,"turns":6.0},{"damage":8.0,"enemies":"Gremlin Leader","floor":31.0,"turns":4.0},{"damage":63.0,"enemies":"Automaton","floor":33.0,"turns":7.0},{"damage":4.0,"enemies":"3 Shapes","floor":35.0,"turns":2.0},{"damage":0.0,"enemies":"Orb Walker","floor":37.0,"turns":2.0},{"damage":38.0,"enemies":"2 Orb Walkers","floor":38.0,"turns":3.0},{"damage":34.0,"enemies":"Reptomancer","floor":41.0,"turns":4.0},{"damage":7.0,"enemies":"Sphere and 2 Shapes","floor":44.0,"turns":3.0},{"damage":17.0,"enemies":"Transient","floor":45.0,"turns":5.0},{"damage":0.0,"enemies":"Jaw Worm Horde","floor":48.0,"turns":2.0},{"damage":46,"enemies":"Donu and Deca","floor":50,"turns":5},{"damage":44,"enemies":"Shield and Spear","floor":54,"turns":6},{"damage":65,"enemies":"The Heart","floor":55,"turns":5}],"seed_played":"-6410643007352201177","potions_obtained":[{"floor":1.0,"key":"DistilledChaos"},{"floor":10.0,"key":"Explosive Potion"},{"floor":13.0,"key":"SneckoOil"},{"floor":14.0,"key":"Block Potion"},{"floor":16.0,"key":"ElixirPotion"},{"floor":22.0,"key":"EssenceOfSteel"},{"floor":38.0,"key":"Ancient Potion"},{"floor":41.0,"key":"Ancient Potion"},{"floor":42.0,"key":"BloodPotion"},{"floor":42.0,"key":"FearPotion"},{"floor":42.0,"key":"DuplicationPotion"}],"is_trial":false,"path_per_floor":["M","?","M","$","?","E","M","?","T","M","?","$","M","M","R","B",null,"M","$","?","?","M","E","?","E","T","R","$","?","T","E","R","B",null,"M","?","M","?","$","R","E","?","T","M","M","?","?","M","R","B",null,"R","$","E","B"],"character_chosen":"IRONCLAD","items_purchased":["Apotheosis","Peace Pipe","Uppercut","Bottled Lightning","Inflame","Twin Strike","Combust","Rupture","Orrery"],"campfire_rested":5,"item_purchase_floors":[0,0,4,12,19,19,28,39,39],"current_hp_per_floor":[51,51,57,57,57,41,42,17,17,14,7,7,13,10,32,24,62,69,69,69,55,55,40,40,26,26,48,48,28,28,39,61,54,69,74,60,74,53,53,74,57,57,57,69,71,71,62,74,74,40,66,74,74,61,0,0],"gold":47,"neow_bonus":"","is_daily":false,"chose_seed":false,"campfire_upgraded":0,"win_rate":0.0,"timestamp":1613180825,"path_taken":["M","?","M","?","?","E","M","?","T","?","?","?","M","M","R","BOSS","M","$","?","?","?","E","?","E","T","R","?","?","?","E","R","BOSS","M","?","M","?","$","R","E","?","T","M","M","?","?","M","R","BOSS","R","$","E","BOSS"],"items_purchased_type":["Card","Relic","Card","Relic","Card","Card","Card","Card","Relic"],"build_version":"2020-12-22","purchased_purges":0,"victory":false,"max_hp_per_floor":[80,80,80,80,74,74,74,74,74,74,74,74,74,74,74,74,74,74,74,74,74,74,74,74,74,74,74,74,74,74,74,74,74,74,74,74,74,74,74,74,74,74,74,74,74,74,74,74,74,74,74,74,74,74,74,74],"relic_stats":{"Gremlin Horn":[20,20],"counters":[57,201],"Black Blood":413,"Juzu Bracelet":1,"Whetstone":["Perfected Strike","Strike_R"],"Peace Pipe":0,"Blood Vial":16,"Lizard Tail":65,"Ornamental Fan":[52],"Bloody Idol":35,"Gambling Chip":[52],"Snecko Eye":[75,70,78,88],"Prayer Wheel":3,"Turnip":[15],"Champion Belt":[40],"obtain_stats":[{"Darkstone Periapt":25,"Regal Pillow":8,"Gremlin Horn":20,"Black Blood":17,"Juzu Bracelet":43,"Ginger":12,"Whetstone":31,"Smiling Mask":27,"Boot":47,"Ancient Tea Set":30,"Burning Blood":0,"Blood Vial":29,"Lizard Tail":45,"Gambling Chip":38,"Prayer Wheel":38,"Fusion Hammer":17,"Red Mask":46,"Girya":26,"Golden Idol":5,"Oddly Smooth Stone":21,"War Paint":6,"Odd Mushroom":8,"Akabeko":30,"Peace Pipe":0,"Bottled Flame":42,"Anchor":11,"Busted Crown":34,"Ornamental Fan":41,"Bloody Idol":29,"Snecko Eye":34,"Orrery":39,"Turnip":0,"Bag of Marbles":9,"Art of War":40,"Membership Card":48,"Champion Belt":9,"Bottled Lightning":12,"Unceasing Top":6,"Toy Ornithopter":54},{"Darkstone Periapt":15,"Regal Pillow":5,"Gremlin Horn":42,"Black Blood":41,"Juzu Bracelet":51,"Ginger":7,"Whetstone":46,"Smiling Mask":16,"Boot":30,"Ancient Tea Set":45,"Burning Blood":0,"Blood Vial":45,"Lizard Tail":29,"Gambling Chip":24,"Prayer Wheel":50,"Fusion Hammer":9,"Red Mask":53,"Girya":15,"Golden Idol":33,"Oddly Smooth Stone":42,"War Paint":3,"Odd Mushroom":36,"Akabeko":19,"Peace Pipe":31,"Bottled Flame":27,"Anchor":38,"Busted Crown":21,"Ornamental Fan":51,"Bloody Idol":45,"Snecko Eye":47,"Orrery":50,"Turnip":31,"Bag of Marbles":5,"Art of War":26,"Membership Card":30,"Champion Belt":36,"Bottled Lightning":38,"Unceasing Top":34,"Toy Ornithopter":56},{"Darkstone Periapt":46,"Regal Pillow":16,"Gremlin Horn":142,"Black Blood":139,"Juzu Bracelet":175,"Ginger":20,"Whetstone":157,"Smiling Mask":50,"Boot":91,"Ancient Tea Set":153,"Burning Blood":0,"Blood Vial":153,"Lizard Tail":86,"Gambling Chip":73,"Prayer Wheel":171,"Fusion Hammer":29,"Red Mask":183,"Girya":46,"Golden Idol":104,"Oddly Smooth Stone":142,"War Paint":9,"Odd Mushroom":119,"Akabeko":59,"Peace Pipe":98,"Bottled Flame":81,"Anchor":125,"Busted Crown":68,"Ornamental Fan":175,"Bloody Idol":153,"Snecko Eye":164,"Orrery":171,"Turnip":98,"Bag of Marbles":16,"Art of War":79,"Membership Card":91,"Champion Belt":119,"Bottled Lightning":125,"Unceasing Top":111,"Toy Ornithopter":196}],"Unceasing Top":[1],"Toy Ornithopter":0},"card_choices":[{"not_picked":["Flex","Heavy Blade"],"picked":"Pummel","floor":1.0},{"not_picked":["Flex","Warcry"],"picked":"Shockwave","floor":3.0},{"not_picked":["Body Slam","Havoc","Pommel Strike"],"picked":"SKIP","floor":6.0},{"not_picked":["Juggernaut","Headbutt"],"picked":"Infernal Blade","floor":7.0},{"not_picked":["Heavy Blade","Shrug It Off"],"picked":"Flame Barrier","floor":8.0},{"not_picked":["True Grit","Warcry"],"picked":"Pummel","floor":10.0},{"not_picked":["Body Slam","Cleave"],"picked":"Twin Strike","floor":11.0},{"not_picked":["Whirlwind","Disarm"],"picked":"Pommel Strike","floor":13.0},{"not_picked":["Armaments","Shockwave"],"picked":"Cleave","floor":14.0},{"not_picked":["Bludgeon","Exhume"],"picked":"Immolate","floor":16.0},{"not_picked":["Thunderclap","Sword Boomerang"],"picked":"Rupture","floor":18.0},{"not_picked":["Thunderclap","Flame Barrier"],"picked":"Perfected Strike","floor":22.0},{"not_picked":["Fire Breathing","Anger"],"picked":"Thunderclap","floor":23.0},{"not_picked":["Clash","Battle Trance"],"picked":"Demon Form","floor":25.0},{"not_picked":["Second Wind","Pommel Strike"],"picked":"Twin Strike","floor":31.0},{"not_picked":["Brutality","Barricade"],"picked":"Offering","floor":33.0},{"not_picked":["Wild Strike+1","Body Slam+1"],"picked":"Twin Strike","floor":35.0},{"not_picked":["Flex","Headbutt+1"],"picked":"Shockwave+1","floor":37.0},{"not_picked":["Heavy Blade","Flex"],"picked":"Whirlwind","floor":38.0},{"not_picked":["Twin Strike","Anger"],"picked":"Clothesline","floor":39.0},{"not_picked":["Whirlwind+1","Fire Breathing"],"picked":"Exhume","floor":39.0},{"not_picked":["Anger","Clothesline+1"],"picked":"Bludgeon","floor":41.0},{"not_picked":["Combust","Havoc"],"picked":"Wild Strike+1","floor":44.0},{"not_picked":["Sword Boomerang","Flex+1"],"picked":"Perfected Strike+1","floor":44.0},{"not_picked":["Bloodletting","Reckless Charge+1"],"picked":"Limit Break","floor":45.0},{"not_picked":["Burning Pact","Havoc"],"picked":"Heavy Blade+1","floor":45.0},{"not_picked":["Clash","Whirlwind+1"],"picked":"Sword Boomerang+1","floor":48.0},{"not_picked":["Body Slam","Shrug It Off"],"picked":"Clothesline+1","floor":48.0},{"not_picked":["Dropkick+1","Rage"],"picked":"Brutality","floor":54}],"player_experience":217909,"relics_obtained":[{"floor":6.0,"key":"Unceasing Top"},{"floor":8.0,"key":"Odd Mushroom"},{"floor":9.0,"key":"Champion Belt"},{"floor":11.0,"key":"Anchor"},{"floor":23.0,"key":"Gambling Chip"},{"floor":25.0,"key":"Lizard Tail"},{"floor":30.0,"key":"Ancient Tea Set"},{"floor":31.0,"key":"Whetstone"},{"floor":38.0,"key":"Prayer Wheel"},{"floor":41.0,"key":"Ornamental Fan"},{"floor":43.0,"key":"Juzu Bracelet"},{"floor":54,"key":"Toy Ornithopter"}],"event_choices":[{"damage_healed":0.0,"max_hp_gain":0.0,"max_hp_loss":0.0,"gold_gain":0.0,"event_name":"Accursed Blacksmith","player_choice":"Forge","floor":2.0,"gold_loss":0.0,"damage_taken":0.0,"cards_upgraded":["Apotheosis"]},{"damage_healed":0.0,"max_hp_gain":0.0,"max_hp_loss":6.0,"gold_gain":0.0,"event_name":"Golden Idol","player_choice":"Lose Max HP","floor":5.0,"gold_loss":0.0,"damage_taken":0.0,"relics_obtained":["Golden Idol"]},{"damage_healed":0.0,"max_hp_gain":0.0,"max_hp_loss":0.0,"gold_gain":0.0,"event_name":"Mushrooms","player_choice":"Fought Mushrooms","floor":8.0,"gold_loss":0.0,"damage_taken":0.0},{"damage_healed":0.0,"max_hp_gain":0.0,"max_hp_loss":0.0,"gold_gain":0.0,"event_name":"Dead Adventurer","player_choice":"Searched \u00272\u0027 times","floor":11.0,"gold_loss":0.0,"damage_taken":0.0},{"damage_healed":0.0,"max_hp_gain":0.0,"max_hp_loss":0.0,"gold_gain":0.0,"event_name":"Addict","player_choice":"Obtained Relic","floor":20.0,"gold_loss":85.0,"damage_taken":0.0,"relics_obtained":["Gremlin Horn"]},{"damage_healed":0.0,"max_hp_gain":0.0,"max_hp_loss":0.0,"gold_gain":0.0,"event_name":"betterSkull:BetterSkull","player_choice":"RE ","floor":21.0,"gold_loss":0.0,"damage_taken":16.0,"cards_upgraded":[],"relics_obtained":["Oddly Smooth Stone"]},{"damage_healed":0.0,"max_hp_gain":0.0,"max_hp_loss":0.0,"gold_gain":0.0,"event_name":"Beggar","player_choice":"Ignored","floor":24.0,"gold_loss":0.0,"damage_taken":0.0},{"damage_healed":0.0,"max_hp_gain":48.0,"max_hp_loss":28.0,"gold_gain":0.0,"event_name":"betterAltar:BetterAltar","player_choice":" GoldIdol Vial ","floor":29.0,"potions_obtained":[],"relics_lost":["Golden Idol"],"gold_loss":0.0,"damage_taken":20.0,"relics_obtained":["Bloody Idol","Blood Vial"]},{"damage_healed":0.0,"max_hp_gain":0.0,"max_hp_loss":14.0,"gold_gain":3.0,"event_name":"betterStone:BetterStone","player_choice":"2","floor":36.0,"gold_loss":0.0,"damage_taken":0.0},{"damage_healed":0.0,"max_hp_gain":0.0,"max_hp_loss":0.0,"gold_gain":0.0,"event_name":"Mysterious Sphere","player_choice":"Fight","floor":38.0,"gold_loss":0.0,"damage_taken":0.0},{"damage_healed":0.0,"max_hp_gain":0.0,"max_hp_loss":0.0,"gold_gain":0.0,"event_name":"The Woman in Blue","player_choice":"Bought 3 Potions","floor":42.0,"gold_loss":0.0,"damage_taken":0.0},{"damage_healed":0.0,"max_hp_gain":0.0,"max_hp_loss":0.0,"gold_gain":0.0,"event_name":"Tomb of Lord Red Mask","player_choice":"Paid","floor":46.0,"gold_loss":71.0,"damage_taken":0.0,"relics_obtained":["Red Mask"]},{"damage_healed":0.0,"max_hp_gain":0.0,"max_hp_loss":0.0,"gold_gain":0.0,"event_name":"Winding Halls","player_choice":"Embrace Madness","floor":47.0,"gold_loss":0.0,"damage_taken":9.0,"cards_obtained":["Madness","Madness"]}],"is_beta":false,"boss_relics":[{"not_picked":["Cursed Key","Runic Cube"],"picked":"Black Blood"},{"not_picked":["Mark of Pain","Velvet Choker"],"picked":"Snecko Eye"}],"items_purged_floors":[],"is_endless":false,"potions_floor_spawned":[1,10,13,14,16,22,38,41],"killed_by":"The Heart","ascension_level":5}}