{"host":"3zmssa4s99zhxek5","time":1613197283,"event":{"mods":["AchievementEnabler","BaseMod","Minty Spire (QoL Compilation)","Permanent Neow","Relic Stats"],"gold_per_floor":[14,29,40,60,60,101,101,132,132,132,163,183,203,219,219,315,315,328,328,328,348,372,410,431,431,431],"floor_reached":25,"language":"KOR","playtime":2503,"items_purged":[],"score":519,"play_id":"8ee89230-bf68-4863-9f4a-34c7bdeb0380","local_time":"20210213152123","is_ascension_mode":true,"campfire_choices":[{"data":"Feed","floor":7.0,"key":"SMITH"},{"floor":10.0,"key":"REST"},{"data":"Armaments","floor":15,"key":"SMITH"}],"circlet_count":0,"master_deck":["AscendersBane","Strike_R","Strike_R","Strike_R","Strike_R","Defend_R","Defend_R","Defend_R","Bash","Clash","Burning Pact","Blood for Blood","Power Through","Disarm","Evolve","Feed+1","Disarm","Headbutt","Wild Strike","True Grit","Armaments+1","Fiend Fire","Clothesline+1","Writhe","Evolve+1","Shrug It Off","Seeing Red"],"relics":["Burning Blood","Golden Idol","Frozen Egg 2","Magic Flower","CaptainsWheel","Bird Faced Urn","Fusion Hammer","Omamori","NlothsMask","Blood Vial"],"acts_visited":["Exordium","TheCity"],"potions_floor_usage":[16,18,24,25],"damage_taken":[{"damage":8.0,"enemies":"2 Louse","floor":1.0,"turns":3.0},{"damage":7.0,"enemies":"Small Slimes","floor":2.0,"turns":3.0},{"damage":7.0,"enemies":"Cultist","floor":3.0,"turns":4.0},{"damage":10.0,"enemies":"2 Fungi Beasts","floor":4.0,"turns":5.0},{"damage":33.0,"enemies":"Lagavulin","floor":6.0,"turns":9.0},{"damage":26.0,"enemies":"Gremlin Nob","floor":8.0,"turns":4.0},{"damage":28.0,"enemies":"Lagavulin","floor":11.0,"turns":11.0},{"damage":3.0,"enemies":"Large Slime","floor":12.0,"turns":6.0},{"damage":20.0,"enemies":"Blue Slaver","floor":13.0,"turns":6.0},{"damage":0,"enemies":"Looter","floor":14,"turns":3},{"damage":33,"enemies":"The Guardian","floor":16,"turns":13},{"damage":6,"enemies":"Chosen","floor":18,"turns":7},{"damage":18,"enemies":"Shell Parasite","floor":21,"turns":5},{"damage":12,"enemies":"Snecko","floor":22,"turns":9},{"damage":20,"enemies":"Book of Stabbing","floor":23,"turns":10},{"damage":54,"enemies":"3 Cultists","floor":24,"turns":7},{"damage":77,"enemies":"Slavers","floor":25,"turns":6}],"seed_played":"-2434381255836272270","potions_obtained":[{"floor":2.0,"key":"Weak Potion"},{"floor":3.0,"key":"Strength Potion"},{"floor":6.0,"key":"SpeedPotion"},{"floor":12.0,"key":"SteroidPotion"},{"floor":13.0,"key":"SpeedPotion"},{"floor":14,"key":"Strength Potion"},{"floor":18,"key":"Block Potion"},{"floor":21,"key":"AttackPotion"}],"is_trial":false,"path_per_floor":["M","M","M","M","?","E","R","E","T","R","E","M","M","M","R","B",null,"M","?","?","M","M","E","M","E"],"character_chosen":"IRONCLAD","items_purchased":[],"campfire_rested":1,"item_purchase_floors":[],"current_hp_per_floor":[66,65,64,60,60,33,33,13,13,33,14,29,24,39,39,24,69,81,81,81,81,90,91,61,0,0],"gold":431,"neow_bonus":"TRANSFORM_TWO_CARDS","is_daily":false,"chose_seed":false,"campfire_upgraded":2,"win_rate":0.0,"timestamp":1613197283,"path_taken":["M","M","M","M","?","E","R","E","T","R","E","M","M","M","R","BOSS","M","?","?","?","M","E","M","E"],"items_purchased_type":[],"build_version":"2020-12-22","purchased_purges":0,"victory":false,"max_hp_per_floor":[75,75,75,75,68,68,68,68,68,68,68,72,76,80,80,84,84,88,88,88,92,96,100,104,104,104],"relic_stats":{"Blood Vial":6,"counters":[17,111],"Golden Idol":74,"Bird Faced Urn":[36],"Magic Flower":[62],"obtain_stats":[{"Blood Vial":23,"CaptainsWheel":9,"Golden Idol":5,"Bird Faced Urn":11,"Magic Flower":8,"Fusion Hammer":17,"Omamori":19,"Frozen Egg 2":6,"Burning Blood":0,"NlothsMask":20},{"Blood Vial":15,"CaptainsWheel":6,"Golden Idol":4,"Bird Faced Urn":7,"Magic Flower":6,"Fusion Hammer":11,"Omamori":12,"Frozen Egg 2":5,"Burning Blood":0,"NlothsMask":12},{"Blood Vial":98,"CaptainsWheel":28,"Golden Idol":15,"Bird Faced Urn":39,"Magic Flower":28,"Fusion Hammer":67,"Omamori":74,"Frozen Egg 2":24,"Burning Blood":0,"NlothsMask":74}],"Burning Blood":126},"card_choices":[{"not_picked":["Headbutt","Pummel"],"picked":"Blood for Blood","floor":1.0},{"not_picked":["Reckless Charge","Clash"],"picked":"Power Through","floor":2.0},{"not_picked":["Dropkick","Anger"],"picked":"Disarm","floor":3.0},{"not_picked":["Clash","Flex"],"picked":"Evolve","floor":4.0},{"not_picked":["Havoc","Cleave"],"picked":"Feed","floor":6.0},{"not_picked":["Iron Wave","Thunderclap"],"picked":"Disarm","floor":8.0},{"not_picked":["Entrench","Rupture+1"],"picked":"Headbutt","floor":11.0},{"not_picked":["Second Wind","Heavy Blade"],"picked":"Wild Strike","floor":12.0},{"not_picked":["Pummel","Power Through"],"picked":"True Grit","floor":13.0},{"not_picked":["Sword Boomerang","Pummel"],"picked":"Armaments","floor":14},{"not_picked":["Feed","Exhume"],"picked":"Fiend Fire","floor":16},{"not_picked":["Entrench","True Grit"],"picked":"Clothesline+1","floor":18},{"not_picked":["Hemokinesis","Warcry"],"picked":"Evolve+1","floor":21},{"not_picked":["Anger","Pommel Strike"],"picked":"Shrug It Off","floor":22},{"not_picked":["Twin Strike","Warcry"],"picked":"Seeing Red","floor":23},{"not_picked":["Battle Trance","Havoc","Rupture+1"],"picked":"SKIP","floor":24},{"not_picked":["Battle Trance","Havoc","Rupture+1"],"picked":"SKIP","floor":24}],"player_experience":1627576,"relics_obtained":[{"floor":6.0,"key":"Frozen Egg 2"},{"floor":8.0,"key":"Magic Flower"},{"floor":9.0,"key":"CaptainsWheel"},{"floor":11.0,"key":"Bird Faced Urn"},{"floor":23,"key":"Blood Vial"}],"event_choices":[{"damage_healed":0.0,"max_hp_gain":0.0,"max_hp_loss":7.0,"gold_gain":0.0,"event_name":"Golden Idol","player_choice":"Lose Max HP","floor":5.0,"gold_loss":0.0,"damage_taken":0.0,"relics_obtained":["Golden Idol"]},{"damage_healed":0,"gold_gain":0,"player_choice":"Opened","damage_taken":0,"relics_obtained":["Omamori"],"max_hp_gain":0,"max_hp_loss":0,"event_name":"The Mausoleum","floor":19,"gold_loss":0,"cards_obtained":["Writhe"]},{"damage_healed":0,"gold_gain":0,"player_choice":"Trade","damage_taken":0,"relics_obtained":["NlothsMask"],"max_hp_gain":0,"max_hp_loss":0,"event_name":"FaceTrader","floor":20,"gold_loss":0}],"is_beta":false,"boss_relics":[{"not_picked":["Black Star","Runic Cube"],"picked":"Fusion Hammer"}],"items_purged_floors":[],"is_endless":false,"potions_floor_spawned":[2,3,6,12,13,14,18,21],"killed_by":"Slavers","ascension_level":20}}