{"host":"677pyieivi7bw41p","time":1613249483,"event":{"mods":["BaseMod","Minty Spire (QoL Compilation)"],"gold_per_floor":[114,64,13,32,47,47,74,74,101,112,124,144,144,171,171,274,274,290,290,300,313,64,91,91,106,155,3,3,22,22,40,40,136,136,150,197,72,87,137,137,137,471,471,481,481,481,511,35,35,35,35],"floor_reached":50,"language":"ENG","playtime":5571,"items_purged":["Strike_G","Strike_G","Strike_G"],"score":597,"play_id":"31e9984a-e21c-4fdf-8c0a-257aa6571d2d","local_time":"20210213145123","is_ascension_mode":false,"campfire_choices":[{"data":"Neutralize","floor":6.0,"key":"SMITH"},{"data":"Sucker Punch","floor":8.0,"key":"SMITH"},{"data":"Choke","floor":13.0,"key":"SMITH"},{"data":"Backflip","floor":15.0,"key":"SMITH"},{"data":"Wraith Form v2","floor":24.0,"key":"SMITH"},{"floor":28.0,"key":"REST"},{"floor":32.0,"key":"REST"},{"floor":40,"key":"REST"},{"floor":45,"key":"REST"},{"floor":49,"key":"REST"}],"circlet_count":0,"master_deck":["Defend_G+1","Defend_G","Defend_G","Defend_G+1","Defend_G","Survivor","Neutralize+1","Sucker Punch+1","Heel Hook","Backflip+1","Storm of Steel","Choke+1","Distraction","Prepared","Phantasmal Killer","Prepared","Dodge and Roll","Dodge and Roll","Wraith Form v2+1","Dagger Spray+1","Prepared","Neutralize+1","Adrenaline","Deflect+1","Terror","Calculated Gamble","Escape Plan+1","Prepared","Heel Hook+1","Burst","Accuracy","Phantasmal Killer","Secret Weapon"],"relics":["Ring of the Snake","War Paint","Blue Candle","Oddly Smooth Stone","Nunchaku","Runic Pyramid","CaptainsWheel","Smiling Mask","Medical Kit","Philosopher\u0027s Stone","Prayer Wheel","Lizard Tail","Old Coin","Strawberry","Torii"],"acts_visited":["Exordium","TheCity","TheBeyond"],"potions_floor_usage":[39,44,50,50,50],"damage_taken":[{"damage":0.0,"enemies":"Jaw Worm","floor":1.0,"turns":5.0},{"damage":0.0,"enemies":"2 Louse","floor":4.0,"turns":2.0},{"damage":0.0,"enemies":"Cultist","floor":5.0,"turns":4.0},{"damage":29.0,"enemies":"3 Sentries","floor":7.0,"turns":13.0},{"damage":1.0,"enemies":"Exordium Wildlife","floor":10.0,"turns":4.0},{"damage":0.0,"enemies":"Looter","floor":11.0,"turns":1.0},{"damage":8.0,"enemies":"Exordium Thugs","floor":12.0,"turns":6.0},{"damage":9.0,"enemies":"Hexaghost","floor":16.0,"turns":11.0},{"damage":7.0,"enemies":"3 Byrds","floor":18.0,"turns":5.0},{"damage":0.0,"enemies":"Chosen","floor":19.0,"turns":4.0},{"damage":11.0,"enemies":"Snecko","floor":20.0,"turns":5.0},{"damage":0.0,"enemies":"Cultist and Chosen","floor":21.0,"turns":5.0},{"damage":21.0,"enemies":"Slavers","floor":23.0,"turns":7.0},{"damage":32.0,"enemies":"3 Cultists","floor":25.0,"turns":8.0},{"damage":1.0,"enemies":"Snecko","floor":29.0,"turns":7.0},{"damage":0.0,"enemies":"Snake Plant","floor":31.0,"turns":4.0},{"damage":56.0,"enemies":"Automaton","floor":33.0,"turns":14.0},{"damage":7,"enemies":"3 Shapes","floor":35,"turns":5},{"damage":35,"enemies":"2 Orb Walkers","floor":36,"turns":8},{"damage":7,"enemies":"Orb Walker","floor":38,"turns":5},{"damage":0,"enemies":"Mind Bloom Boss Battle","floor":39,"turns":7},{"damage":36,"enemies":"Nemesis","floor":42,"turns":11},{"damage":0,"enemies":"Spire Growth","floor":44,"turns":4},{"damage":38,"enemies":"Giant Head","floor":47,"turns":8},{"damage":109,"enemies":"Donu and Deca","floor":50,"turns":10}],"seed_played":"6636405552452192564","potions_obtained":[{"floor":5.0,"key":"EntropicBrew"},{"floor":7.0,"key":"Strength Potion"},{"floor":16.0,"key":"Poison Potion"},{"floor":18.0,"key":"SpeedPotion"},{"floor":21.0,"key":"LiquidBronze"},{"floor":31.0,"key":"Fruit Juice"},{"floor":35,"key":"Dexterity Potion"},{"floor":39,"key":"Explosive Potion"},{"floor":42,"key":"EssenceOfSteel"}],"is_trial":false,"path_per_floor":["M","?","?","M","M","R","E","R","T","M","M","M","R","T","R","B",null,"M","M","M","M","$","E","R","M","T","$","R","M","?","M","R","B",null,"M","?","$","M","?","R","?","E","T","M","R","?","E","$","R","B"],"character_chosen":"THE_SILENT","items_purchased":["Dodge and Roll","Wraith Form v2","Medical Kit","Calculated Gamble","Accuracy","Phantasmal Killer","Secret Weapon","Regen Potion"],"campfire_rested":5,"item_purchase_floors":[22,22,27,37,48,48,48,48],"current_hp_per_floor":[77,77,77,77,77,77,48,48,48,47,47,39,39,39,39,30,77,70,70,59,59,59,38,38,6,6,6,29,28,28,33,57,1,82,75,40,40,33,33,57,57,21,28,28,54,54,16,16,42,0,0],"gold":35,"neow_bonus":"TEN_PERCENT_HP_BONUS","is_daily":false,"chose_seed":false,"campfire_upgraded":5,"win_rate":0.0,"timestamp":1613249483,"path_taken":["M","?","?","M","M","R","E","R","T","?","M","M","R","?","R","BOSS","M","M","M","M","$","E","R","M","T","$","R","M","?","M","R","BOSS","M","?","$","M","?","R","?","E","T","M","R","?","E","?","R","BOSS"],"items_purchased_type":["Card","Card","Relic","Card","Card","Card","Card","Potion"],"build_version":"2020-12-22","purchased_purges":3,"victory":false,"max_hp_per_floor":[77,77,77,77,77,77,77,77,77,77,77,77,77,77,77,77,77,77,77,77,77,77,77,77,77,77,77,77,77,77,82,82,82,82,82,82,82,82,82,82,82,82,89,89,89,89,89,89,89,89,89],"card_choices":[{"not_picked":["Cloak And Dagger","Dodge and Roll"],"picked":"Sucker Punch","floor":1.0},{"not_picked":["Well Laid Plans","Crippling Poison"],"picked":"Heel Hook","floor":4.0},{"not_picked":["Quick Slash","Outmaneuver"],"picked":"Backflip","floor":5.0},{"not_picked":["Prepared","Poisoned Stab"],"picked":"Storm of Steel","floor":7.0},{"not_picked":["Dagger Throw","Slice"],"picked":"Choke","floor":10.0},{"not_picked":["Tactician","Choke"],"picked":"Distraction","floor":11.0},{"not_picked":["Endless Agony","Outmaneuver"],"picked":"Prepared","floor":12.0},{"not_picked":["Malaise","Venomology"],"picked":"Phantasmal Killer","floor":16.0},{"not_picked":["Slice","Deflect"],"picked":"Prepared","floor":18.0},{"not_picked":["Quick Slash","Predator","Underhanded Strike"],"picked":"SKIP","floor":19.0},{"not_picked":["Deadly Poison","Endless Agony","Noxious Fumes"],"picked":"SKIP","floor":20.0},{"not_picked":["Outmaneuver","Blade Dance"],"picked":"Dodge and Roll","floor":21.0},{"not_picked":["Backstab","Reflex","Distraction"],"picked":"SKIP","floor":23.0},{"not_picked":["Envenom","Outmaneuver"],"picked":"Dagger Spray+1","floor":25.0},{"not_picked":["Endless Agony+1","Acrobatics+1"],"picked":"Prepared","floor":29.0},{"not_picked":["Dagger Throw","Well Laid Plans","Deadly Poison"],"picked":"SKIP","floor":31.0},{"not_picked":["Night Terror","Die Die Die"],"picked":"Adrenaline","floor":33.0},{"not_picked":["Poisoned Stab","Catalyst"],"picked":"Deflect+1","floor":35},{"not_picked":["Flechettes","Bane+1"],"picked":"Terror","floor":36},{"not_picked":["Slice+1","Underhanded Strike+1"],"picked":"Escape Plan+1","floor":38},{"not_picked":["Flying Knee+1","Tactician","Noxious Fumes"],"picked":"SKIP","floor":38},{"not_picked":["Glass Knife","Flying Knee+1"],"picked":"Prepared","floor":42},{"not_picked":["Backflip","Dagger Spray"],"picked":"Heel Hook+1","floor":44},{"not_picked":["Flying Knee","Acrobatics+1"],"picked":"Burst","floor":44},{"not_picked":["Well Laid Plans","Eviscerate+1","Catalyst+1"],"picked":"SKIP","floor":47}],"player_experience":6718,"relics_obtained":[{"floor":7.0,"key":"Blue Candle"},{"floor":9.0,"key":"Oddly Smooth Stone"},{"floor":14.0,"key":"Nunchaku"},{"floor":23.0,"key":"CaptainsWheel"},{"floor":26.0,"key":"Smiling Mask"},{"floor":36,"key":"Prayer Wheel"},{"floor":39,"key":"Lizard Tail"},{"floor":42,"key":"Old Coin"},{"floor":43,"key":"Strawberry"},{"floor":47,"key":"Torii"}],"event_choices":[{"cards_removed":["Strike_G"],"damage_healed":0.0,"max_hp_gain":0.0,"max_hp_loss":0.0,"gold_gain":0.0,"event_name":"The Cleric","player_choice":"Card Removal","floor":2.0,"gold_loss":50.0,"damage_taken":0.0},{"damage_healed":0.0,"max_hp_gain":0.0,"max_hp_loss":0.0,"gold_gain":0.0,"event_name":"WeMeetAgain","player_choice":"Paid Gold","floor":3.0,"gold_loss":51.0,"damage_taken":0.0,"relics_obtained":["War Paint"]},{"damage_healed":0.0,"max_hp_gain":0.0,"max_hp_loss":0.0,"gold_gain":0.0,"event_name":"Duplicator","player_choice":"Copied","floor":30.0,"gold_loss":0.0,"damage_taken":0.0,"cards_obtained":["Neutralize"]},{"damage_healed":0,"gold_gain":0,"player_choice":"Fight","damage_taken":0,"max_hp_gain":0,"max_hp_loss":0,"event_name":"Mysterious Sphere","floor":36,"gold_loss":0},{"damage_healed":0,"gold_gain":0,"player_choice":"Fight","damage_taken":0,"max_hp_gain":0,"max_hp_loss":0,"event_name":"MindBloom","floor":39,"gold_loss":0},{"cards_removed":["Strike_G"],"damage_healed":0,"gold_gain":0,"player_choice":"Removed Attack","damage_taken":0,"max_hp_gain":0,"max_hp_loss":0,"event_name":"Falling","floor":41,"gold_loss":0},{"damage_healed":0,"gold_gain":0,"player_choice":"Memory 1","damage_taken":0,"max_hp_gain":0,"max_hp_loss":0,"event_name":"SensoryStone","floor":46,"gold_loss":0}],"is_beta":false,"boss_relics":[{"not_picked":["Runic Dome","Calling Bell"],"picked":"Runic Pyramid"},{"not_picked":["Ring of the Serpent","Velvet Choker"],"picked":"Philosopher\u0027s Stone"}],"items_purged_floors":[22,37,48],"is_endless":false,"potions_floor_spawned":[5,7,16,18,20,21,31,35,39,42],"killed_by":"Donu and Deca","ascension_level":0}}