{"host":"9rqk712yu6s3287p","time":1613228604,"event":{"mods":["ATMod(°¢èªMod)","Act Like it!","BaseMod","CapriCore","Chen","Gensokyo","Googly Eyes","Marisa£¨ìFÓê¡¡Ä§ÀíÉ³£©","Minty Spire (QoL Compilation)","Onozuka Komachi Mod","Reimu£¨²©ÀöÁéÃÎ£©","Remilia_Scarlet Moed£¨ÀÙÃ×ÀòÑÇ¡¤Ë¹¿¨À×ÌØ£©3.3.5","Remilia£¨ÀÙÃ×ÀòÑÇ£©","RumiaBox-Â¶Ã×æ«µÄÉñÃØºÐ×Ó","StSLib","The Administrix","The Immortal","The Servant 0.9.4","Yakumo Yukari mod","Youmu£¨»êÆÇÑýÃÎ£©","Yuyuko"],"gold_per_floor":[138,195,255,306,348,447,540,582,606,684,738,816,891,951,951,1239,1239,1287,1335,1386,1440,1494,1608,1707,1812,1824,1878,1989,2094,2211,2315,2327,2717,2729,2820,2996,3084,3172,3251,3369,3543,3658,3670,3843,3987,4129,4244,4380,4392,5029,5041,5053,33,364,489],"floor_reached":56,"language":"ZHS","playtime":2807,"items_purged":["ScarletCoffin+1"],"score":2491,"play_id":"ec6bf19c-0295-4290-aba1-7defb16c0c7e","local_time":"20210213230324","daily_mods":["Shiny","Vintage","Heirloom","Time Dilation","Flight","DeadlyEvents","Lethality","Midas","Binary"],"is_ascension_mode":true,"campfire_choices":[{"floor":15.0,"key":"RECALL"},{"floor":32.0,"key":"REST"},{"floor":49,"key":"DIG"},{"floor":52,"key":"DIG"}],"circlet_count":19,"master_deck":["TricksterDevil+1","BloodRain+1","EquivalentExchange+1","KillingBlow+1","BatForm+1","BloodyCatastrophe+1","ChaoticDestiny+1","BloodySeventeenLaser+1","HellCatastrophe+1","ScarletCoffin+1","DemonKingCradle+1","ForecastOfChange+1","CurseOfVladTepes+1","TransientEternity+1","ScarletMeister+1","QueenOfMidnight+1","BloodyHallows+1","CeilingFear+1","HeartBreak+1"],"relics":["Snecko Eye","Busted Crown","AT_ATBox","Torii","AT_BladeRuinedKing","Orichalcum","Incense Burner","PreservedInsect","AT_BellDemon","Regal Pillow","RuthlessExorcism:ReiMu","Vajra","Toy Ornithopter","GodSword4","Matryoshka","FairyMaid","AT_SunfireAegis","Bronze Scales","Blood Vial","White Beast Statue","StrikeDummy","Whetstone","PureWhite:ReiMu","MealTicket","Ornamental Fan","Turnip","Happy Flower","Bag of Preparation","GodSword3","Bottled Tornado","Lantern","Akabeko","AT_EbonyIvory","MagicDraw3","AT_ChloranthyRing","Strawberry","LastBattle","AT_GuinsooRageblade","Pen Nib","Meat on the Bone","CeramicFish","Eternal Feather","GodSword6","War Paint","MagicDraw4","Oddly Smooth Stone","Du-Vu Doll","AT_Kusabimaru","AT_TrinityForce","Potion Belt","Pantograph","AT_RedTearstoneRing","GodSword1","MawBank","TypeBBloodRedTea","AT_RabadonDeathcap","GodSword5","AT_ForceNature","TungstenRod","Omamori","RedBat","ScarletDevilRocket","Darkstone Periapt","ZombieArmy","Prayer Wheel","FossilizedHelix","Mummified Hand","Letter Opener","AT_ImmortalShieldbow","Tiny Chest","AT_PhaseBoots","Gremlin Horn","MagicDraw2","Bag of Marbles","Ancient Tea Set","The Courier","Unceasing Top","Mastiff:ReiMu","StoneCalendar","ChaoDraw","Art of War","AT_GoldPhoenixTree","SumBook","HornCleat","Kunai","AT_MibuBalloonWealth","Bottled Flame","Question Card","Dream Catcher","AT_RedNoBalance","Lizard Tail","Centennial Puzzle","Pear","Boot","ScarletEmblem","Ccalipers","Nunchaku","Smiling Mask","AT_ArchangelStaff","Shovel","Toxic Egg 2","SSSystem","AT_BellowingDragoncrestRing","Anchor","Molten Egg 2","Mercury Hourglass","Sundial","Shuriken","Frozen Egg 2","Tea:ReiMu","InkBottle","MoreBug","Blue Candle","CrazyTorch:ReiMu","Bottled Lightning","GodSword7","AT_TimeSand","MagicDraw1","PlanX","Mango","AT_SilvercatRing","Singing Bowl","Ice Cream","Thread and Needle","SecretRecord","Gungnir","Bird Faced Urn","Pocketwatch","Calipers","Girya","Ginger","CaptainsWheel","AT_TheCollector","AT_LudenTempest","Circlet","DollysMirror"],"acts_visited":["Exordium","TheCity","TheBeyond","TheEnding"],"potions_floor_usage":[45,55,55,55,55,55,55,55,55,55,55],"damage_taken":[{"damage":17.0,"enemies":"Small Slimes","floor":1.0,"turns":3.0},{"damage":9.0,"enemies":"Jaw Worm","floor":2.0,"turns":3.0},{"damage":4.0,"enemies":"2 Louse","floor":3.0,"turns":1.0},{"damage":5.0,"enemies":"Looter","floor":4.0,"turns":1.0},{"damage":4.0,"enemies":"3 Louse","floor":5.0,"turns":2.0},{"damage":0.0,"enemies":"Gremlin Nob","floor":6.0,"turns":2.0},{"damage":19.0,"enemies":"3 Sentries","floor":7.0,"turns":3.0},{"damage":0.0,"enemies":"Exordium Wildlife","floor":8.0,"turns":3.0},{"damage":0.0,"enemies":"Gremlin Nob","floor":10.0,"turns":1.0},{"damage":0.0,"enemies":"Blue Slaver","floor":11.0,"turns":1.0},{"damage":1.0,"enemies":"3 Sentries","floor":12.0,"turns":3.0},{"damage":0.0,"enemies":"Gremlin Nob","floor":13.0,"turns":1.0},{"damage":4.0,"enemies":"Large Slime","floor":14.0,"turns":3.0},{"damage":4.0,"enemies":"Slime Boss","floor":16.0,"turns":3.0},{"damage":0.0,"enemies":"Spheric Guardian","floor":18.0,"turns":2.0},{"damage":1.0,"enemies":"2 Thieves","floor":19.0,"turns":2.0},{"damage":0.0,"enemies":"Snecko","floor":20.0,"turns":1.0},{"damage":0.0,"enemies":"3 Cultists","floor":21.0,"turns":3.0},{"damage":0.0,"enemies":"Cultist and Chosen","floor":22.0,"turns":2.0},{"damage":0.0,"enemies":"Slavers","floor":23.0,"turns":2.0},{"damage":0.0,"enemies":"Book of Stabbing","floor":24.0,"turns":1.0},{"damage":0.0,"enemies":"Gremlin Leader","floor":25.0,"turns":2.0},{"damage":0.0,"enemies":"Snake Plant","floor":27.0,"turns":1.0},{"damage":0.0,"enemies":"Slavers","floor":28.0,"turns":2.0},{"damage":0.0,"enemies":"Book of Stabbing","floor":29.0,"turns":1.0},{"damage":0.0,"enemies":"Gremlin Leader","floor":30.0,"turns":1.0},{"damage":0.0,"enemies":"Centurion and Healer","floor":31.0,"turns":1.0},{"damage":0.0,"enemies":"Collector","floor":33.0,"turns":3.0},{"damage":0.0,"enemies":"Orb Walker","floor":35.0,"turns":1.0},{"damage":0.0,"enemies":"3 Darklings","floor":36.0,"turns":1.0},{"damage":0.0,"enemies":"Transient","floor":37.0,"turns":3.0},{"damage":0.0,"enemies":"Spire Growth","floor":38.0,"turns":1.0},{"damage":0.0,"enemies":"Writhing Mass","floor":39.0,"turns":1.0},{"damage":0.0,"enemies":"Giant Head","floor":40.0,"turns":1.0},{"damage":0.0,"enemies":"Reptomancer","floor":41.0,"turns":1.0},{"damage":0,"enemies":"Giant Head","floor":42,"turns":1},{"damage":0,"enemies":"3 Darklings","floor":44,"turns":1},{"damage":0,"enemies":"Sphere and 2 Shapes","floor":45,"turns":2},{"damage":0,"enemies":"Nemesis","floor":46,"turns":1},{"damage":0,"enemies":"Giant Head","floor":47,"turns":2},{"damage":0,"enemies":"Nemesis","floor":48,"turns":1},{"damage":0,"enemies":"Awakened One","floor":50,"turns":2},{"damage":0,"enemies":"Shield and Spear","floor":54,"turns":1},{"damage":0,"enemies":"The Heart","floor":55,"turns":1}],"seed_played":"-6474495688928540364","potions_obtained":[{"floor":1.0,"key":"LiquidMemories"},{"floor":1.0,"key":"SkillPotion"},{"floor":2.0,"key":"PowerPotion"},{"floor":2.0,"key":"Fruit Juice"},{"floor":3.0,"key":"SteroidPotion"},{"floor":3.0,"key":"DistilledChaos"},{"floor":4.0,"key":"Fire Potion"},{"floor":5.0,"key":"Explosive Potion"},{"floor":5.0,"key":"LiquidMemories"},{"floor":7.0,"key":"PanachePotion"},{"floor":7.0,"key":"SpeedPotion"},{"floor":8.0,"key":"Energy Potion"},{"floor":12.0,"key":"Ancient Potion"},{"floor":12.0,"key":"CultistPotion"},{"floor":18.0,"key":"ZuzhouPotion:ReiMu"},{"floor":19.0,"key":"Swift Potion"},{"floor":20.0,"key":"LiquidBronze"},{"floor":22.0,"key":"Fire Potion"},{"floor":25.0,"key":"SkillPotion"},{"floor":25.0,"key":"PowerPotion"},{"floor":33.0,"key":"Swift Potion"},{"floor":33.0,"key":"CultistPotion"},{"floor":37.0,"key":"PowerPotion"},{"floor":38.0,"key":"DestinyDice"},{"floor":39.0,"key":"SteroidPotion"},{"floor":41,"key":"FearPotion"},{"floor":45,"key":"LiquidMemories"},{"floor":54,"key":"ColorlessPotion"}],"is_trial":true,"path_per_floor":["M","M","M","M","M","E","E","M","T","E","M","E","E","M","R","B",null,"M","M","M","M","M","E","E","E","T","M","E","E","E","M","R","B",null,"M","M","M","M","M","E","E","E","T","M","M","E","E","E","R","B",null,"R","$","E","B",null],"character_chosen":"REMILIA","items_purchased":["DollysMirror","EntropicBrew","Circlet","Circlet","Circlet","Circlet","Circlet","Circlet","Circlet","Circlet","Circlet","Circlet","Circlet","Circlet","Circlet","Circlet","Circlet"],"campfire_rested":1,"item_purchase_floors":[53,53,53,53,53,53,53,53,53,53,53,53,53,53,53,53,53],"current_hp_per_floor":[62,58,54,49,54,56,63,65,65,67,76,83,85,87,87,87,87,87,87,87,87,87,87,87,87,87,87,87,87,87,87,87,91,97,53,58,69,74,85,90,97,97,97,111,111,113,115,117,117,117,117,117,117,119,119],"gold":489,"neow_bonus":"","is_daily":false,"chose_seed":false,"campfire_upgraded":0,"win_rate":0.0,"timestamp":1613228604,"path_taken":["M","M","M","M","M","E","E","M","T","E","M","E","E","M","R","BOSS","M","M","M","M","M","E","E","E","T","M","E","E","E","M","R","BOSS","M","M","M","M","M","E","E","E","T","M","M","E","E","E","R","BOSS","R","$","E","BOSS"],"items_purchased_type":["Relic","Potion","Undefined","Undefined","Undefined","Undefined","Undefined","Undefined","Undefined","Undefined","Undefined","Undefined","Undefined","Undefined","Undefined","Undefined","Undefined"],"build_version":"2020-12-22","purchased_purges":1,"victory":true,"max_hp_per_floor":[75,80,80,80,80,80,80,80,80,80,87,87,87,87,87,87,87,87,87,87,87,87,87,87,87,87,87,87,87,87,87,87,97,97,97,97,97,97,97,97,97,97,97,111,111,113,115,117,117,117,117,117,117,119,119],"card_choices":[{"not_picked":["UnstableMagic+1"],"picked":"SKIP","floor":40.0},{"not_picked":["ScarletNetherworld+1"],"picked":"SKIP","floor":41},{"not_picked":["ReincarnationDial+1"],"picked":"SKIP","floor":42},{"not_picked":["HunterOfTheNight+1"],"picked":"Singing Bowl","floor":46},{"not_picked":["BombardNight+1"],"picked":"Singing Bowl","floor":47},{"not_picked":["AfternoonTea+1"],"picked":"Singing Bowl","floor":48},{"not_picked":["StarOfDavid+1"],"picked":"Singing Bowl","floor":54}],"player_experience":514840,"relics_obtained":[{"floor":1.0,"key":"AT_BladeRuinedKing"},{"floor":1.0,"key":"Orichalcum"},{"floor":1.0,"key":"Incense Burner"},{"floor":2.0,"key":"PreservedInsect"},{"floor":2.0,"key":"AT_BellDemon"},{"floor":3.0,"key":"Regal Pillow"},{"floor":3.0,"key":"RuthlessExorcism:ReiMu"},{"floor":3.0,"key":"Vajra"},{"floor":4.0,"key":"Toy Ornithopter"},{"floor":4.0,"key":"GodSword4"},{"floor":5.0,"key":"Matryoshka"},{"floor":5.0,"key":"FairyMaid"},{"floor":5.0,"key":"AT_SunfireAegis"},{"floor":5.0,"key":"Bronze Scales"},{"floor":5.0,"key":"Blood Vial"},{"floor":6.0,"key":"White Beast Statue"},{"floor":6.0,"key":"StrikeDummy"},{"floor":7.0,"key":"Whetstone"},{"floor":7.0,"key":"PureWhite:ReiMu"},{"floor":7.0,"key":"MealTicket"},{"floor":7.0,"key":"Ornamental Fan"},{"floor":8.0,"key":"Turnip"},{"floor":8.0,"key":"Happy Flower"},{"floor":8.0,"key":"Bag of Preparation"},{"floor":8.0,"key":"GodSword3"},{"floor":9.0,"key":"Bottled Tornado"},{"floor":9.0,"key":"Lantern"},{"floor":10.0,"key":"Akabeko"},{"floor":10.0,"key":"AT_EbonyIvory"},{"floor":10.0,"key":"MagicDraw3"},{"floor":11.0,"key":"AT_ChloranthyRing"},{"floor":11.0,"key":"Strawberry"},{"floor":11.0,"key":"LastBattle"},{"floor":12.0,"key":"AT_GuinsooRageblade"},{"floor":12.0,"key":"Pen Nib"},{"floor":12.0,"key":"Meat on the Bone"},{"floor":12.0,"key":"CeramicFish"},{"floor":13.0,"key":"Eternal Feather"},{"floor":13.0,"key":"GodSword6"},{"floor":13.0,"key":"War Paint"},{"floor":14.0,"key":"MagicDraw4"},{"floor":14.0,"key":"Oddly Smooth Stone"},{"floor":14.0,"key":"Du-Vu Doll"},{"floor":16.0,"key":"AT_Kusabimaru"},{"floor":18.0,"key":"Potion Belt"},{"floor":18.0,"key":"Pantograph"},{"floor":19.0,"key":"AT_RedTearstoneRing"},{"floor":19.0,"key":"GodSword1"},{"floor":19.0,"key":"MawBank"},{"floor":20.0,"key":"TypeBBloodRedTea"},{"floor":20.0,"key":"AT_RabadonDeathcap"},{"floor":20.0,"key":"GodSword5"},{"floor":21.0,"key":"AT_ForceNature"},{"floor":21.0,"key":"TungstenRod"},{"floor":21.0,"key":"Omamori"},{"floor":22.0,"key":"RedBat"},{"floor":22.0,"key":"ScarletDevilRocket"},{"floor":22.0,"key":"Darkstone Periapt"},{"floor":22.0,"key":"ZombieArmy"},{"floor":23.0,"key":"Prayer Wheel"},{"floor":23.0,"key":"FossilizedHelix"},{"floor":23.0,"key":"Mummified Hand"},{"floor":23.0,"key":"Letter Opener"},{"floor":24.0,"key":"AT_ImmortalShieldbow"},{"floor":24.0,"key":"Tiny Chest"},{"floor":24.0,"key":"AT_SpeedBoots"},{"floor":25.0,"key":"Gremlin Horn"},{"floor":25.0,"key":"MagicDraw2"},{"floor":25.0,"key":"Bag of Marbles"},{"floor":26.0,"key":"Ancient Tea Set"},{"floor":26.0,"key":"The Courier"},{"floor":27.0,"key":"Unceasing Top"},{"floor":27.0,"key":"Mastiff:ReiMu"},{"floor":27.0,"key":"StoneCalendar"},{"floor":28.0,"key":"ChaoDraw"},{"floor":28.0,"key":"Art of War"},{"floor":28.0,"key":"AT_GoldPhoenixTree"},{"floor":28.0,"key":"SumBook"},{"floor":29.0,"key":"HornCleat"},{"floor":29.0,"key":"Kunai"},{"floor":30.0,"key":"AT_MibuBalloonWealth"},{"floor":30.0,"key":"Bottled Flame"},{"floor":30.0,"key":"Question Card"},{"floor":31.0,"key":"Dream Catcher"},{"floor":31.0,"key":"AT_SilverBalance"},{"floor":31.0,"key":"Lizard Tail"},{"floor":31.0,"key":"Centennial Puzzle"},{"floor":33.0,"key":"Pear"},{"floor":33.0,"key":"Boot"},{"floor":35.0,"key":"Ccalipers"},{"floor":35.0,"key":"Nunchaku"},{"floor":35.0,"key":"Smiling Mask"},{"floor":36.0,"key":"AT_ArchangelStaff"},{"floor":36.0,"key":"Shovel"},{"floor":36.0,"key":"Toxic Egg 2"},{"floor":37.0,"key":"SSSystem"},{"floor":37.0,"key":"AT_BellowingDragoncrestRing"},{"floor":38.0,"key":"Anchor"},{"floor":38.0,"key":"Molten Egg 2"},{"floor":38.0,"key":"Mercury Hourglass"},{"floor":39.0,"key":"Sundial"},{"floor":39.0,"key":"Shuriken"},{"floor":39.0,"key":"Frozen Egg 2"},{"floor":40.0,"key":"Tea:ReiMu"},{"floor":40.0,"key":"InkBottle"},{"floor":40.0,"key":"MoreBug"},{"floor":41,"key":"Blue Candle"},{"floor":41,"key":"CrazyTorch:ReiMu"},{"floor":41,"key":"Bottled Lightning"},{"floor":42,"key":"GodSword7"},{"floor":42,"key":"AT_TimeSand"},{"floor":42,"key":"MagicDraw1"},{"floor":44,"key":"PlanX"},{"floor":44,"key":"Mango"},{"floor":44,"key":"AT_SilvercatRing"},{"floor":45,"key":"Singing Bowl"},{"floor":45,"key":"Ice Cream"},{"floor":45,"key":"Thread and Needle"},{"floor":45,"key":"SecretRecord"},{"floor":46,"key":"Gungnir"},{"floor":46,"key":"Bird Faced Urn"},{"floor":46,"key":"Pocketwatch"},{"floor":47,"key":"Calipers"},{"floor":47,"key":"Girya"},{"floor":48,"key":"Ginger"},{"floor":48,"key":"CaptainsWheel"},{"floor":48,"key":"AT_TheCollector"},{"floor":49,"key":"AT_LudenTempest"},{"floor":52,"key":"Circlet"},{"floor":54,"key":"Circlet"},{"floor":54,"key":"Circlet"},{"floor":54,"key":"Circlet"}],"event_choices":[],"is_beta":false,"boss_relics":[{"not_picked":["SacredBark","Astrolabe"],"picked":"AT_TrinityForce"},{"not_picked":["Velvet Choker","Cursed Key"],"picked":"ScarletEmblem"}],"items_purged_floors":[53],"is_endless":false,"potions_floor_spawned":[2,4,6,7,8,10,11,12,13,14,16,18,19,20,21,22,23,24,25,27,28,29,30,31,33,35,36,37,38,39,40,41,42,44,45,46,47,48,54],"ascension_level":1}}