{"host":"tetk82fuf8thwxol","time":1613188971,"event":{"mods":["AchievementEnabler","BaseMod","BetterRewards","GifTheSpireLib","Hermit","Minty Spire (QoL Compilation)","Permanent Neow","Quick Restart","Shop Mod","Spicy Shops","StSLib","The Bug Knight","The Cursed","The Runesmith"],"gold_per_floor":[109,109,109,128,128,171,171,187,187,187,187],"floor_reached":10,"language":"ENG","playtime":234,"items_purged":[],"score":89,"play_id":"72ae5afc-6423-451f-821b-1b49b12ff91f","local_time":"20210212220251","is_ascension_mode":true,"campfire_choices":[{"floor":7,"key":"REST"}],"circlet_count":0,"master_deck":["Strike_R","Strike_R","Strike_R","Strike_R","Defend_R","Defend_R","Defend_R","Defend_R","Bash","Regret","Thunderclap","Sword Boomerang","Shrug It Off"],"relics":["Burning Blood","Lizard Tail","Golden Idol","Ginger","HollowMod:StagPassRelic"],"acts_visited":["Exordium"],"potions_floor_usage":[6,10],"damage_taken":[{"damage":11,"enemies":"Jaw Worm","floor":1,"turns":4},{"damage":17,"enemies":"Small Slimes","floor":4,"turns":3},{"damage":29,"enemies":"Gremlin Nob","floor":6,"turns":4},{"damage":8,"enemies":"2 Louse","floor":8,"turns":2},{"damage":21,"enemies":"3 Sentries","floor":10,"turns":5}],"seed_played":"1157001217118682233","potions_obtained":[{"floor":4,"key":"DistilledChaos"},{"floor":6,"key":"EssenceOfSteel"}],"is_trial":false,"path_per_floor":["M","?","?","M","?","E","R","M","T","E"],"character_chosen":"IRONCLAD","items_purchased":[],"campfire_rested":1,"item_purchase_floors":[],"current_hp_per_floor":[67,72,72,61,61,38,61,59,59,38,38],"gold":187,"neow_bonus":"ONE_RARE_RELIC","is_daily":false,"chose_seed":false,"campfire_upgraded":0,"win_rate":0.0,"timestamp":1613188971,"path_taken":["M","?","?","M","?","E","R","M","T","E"],"items_purchased_type":[],"build_version":"2020-12-22","purchased_purges":0,"victory":false,"max_hp_per_floor":[80,85,79,79,79,79,79,79,79,79,79],"card_choices":[{"not_picked":["Hemokinesis","True Grit"],"picked":"Thunderclap","floor":1},{"not_picked":["Body Slam","Iron Wave"],"picked":"Sword Boomerang","floor":4},{"not_picked":["True Grit","Twin Strike"],"picked":"Shrug It Off","floor":6},{"not_picked":["Anger","True Grit","Burning Pact"],"picked":"SKIP","floor":8}],"player_experience":210910,"relics_obtained":[{"floor":6,"key":"Ginger"},{"floor":9,"key":"HollowMod:StagPassRelic"}],"event_choices":[{"damage_healed":0,"gold_gain":0,"player_choice":"Donut","damage_taken":0,"max_hp_gain":5,"max_hp_loss":0,"event_name":"Big Fish","floor":2,"gold_loss":0},{"damage_healed":0,"gold_gain":0,"player_choice":"Lose Max HP","damage_taken":0,"relics_obtained":["Golden Idol"],"max_hp_gain":0,"max_hp_loss":6,"event_name":"Golden Idol","floor":3,"gold_loss":0},{"cards_removed":["Strike_R"],"damage_healed":0,"gold_gain":0,"player_choice":"Forget","damage_taken":0,"max_hp_gain":0,"max_hp_loss":0,"event_name":"Living Wall","floor":5,"gold_loss":0}],"is_beta":false,"boss_relics":[],"items_purged_floors":[],"is_endless":false,"potions_floor_spawned":[4,6],"killed_by":"3 Sentries","ascension_level":7}}