{"host":"3e3mwsgb9gfqiuxm","time":1613188391,"event":{"mods":["Act Like it!","BaseMod","Colored Map","Colored Powertips","Downfall","Gensokyo","Hermit","Hubris","Infinite Spire","Jorbs\u0027s Wanderer Trilogy","Koishi","Marisa????????","Minty Spire (QoL Compilation)","Quick Restart","Rare Cards Sparkle","Reimu??????","Remilia??????","Replay The Spire","Shop Mod","StSLib","SuperFastMode","Td1madao Mod","The Animator","The Bug Knight","The Cursed","The Hierophant","The Servant 0.9.4","everything is the same but u backflip on backflip","slay the spire mod where everything is the same but ironclad has a cowboy hat"],"gold_per_floor":[111,124,124,136,61,61,94,94,94,112,130,130,94,94,94,196,196,207,207,207,231,241,241,261,261,261,320,320,332,332,332,332],"floor_reached":31,"language":"ENG","playtime":846,"items_purged":["Strike_Lin:ReiMu"],"score":258,"play_id":"d454cd5f-efe7-49d3-86df-4fd0dce1901b","local_time":"20210212225311","is_ascension_mode":false,"campfire_choices":[{"data":"ManaGlint:ReiMu","floor":6,"key":"SMITH"},{"data":"OctopathBindingBorder2:ReiMu","floor":8,"key":"SMITH"},{"data":"SealNeedle:ReiMu","floor":12,"key":"SMITH"},{"data":"TightArray:ReiMu","floor":15,"key":"SMITH"},{"data":"AlertArray:ReiMu","floor":23,"key":"SMITH"},{"floor":28,"key":"REST"},{"data":"infinitespire:NeuralNetwork","floor":30,"key":"SMITH"}],"circlet_count":0,"master_deck":["Strike_Lin:ReiMu","Strike_Lin:ReiMu","Strike_Lin:ReiMu","Defend_Lin:ReiMu","Defend_Lin:ReiMu","Defend_Lin:ReiMu","Defend_Lin:ReiMu","Stagnation:ReiMu","ManaGlint:ReiMu+1","SealNeedle:ReiMu+1","AlertArray:ReiMu+1","OctopathBindingBorder2:ReiMu+1","Conquer:ReiMu","TightArray:ReiMu+1","WonderfulDomain:ReiMu+1","SubcavityFantasy:ReiMu","Enchanting:ReiMu","Gensokyo:FourOfAKind","Gensokyo:FourOfAKind","Gensokyo:FourOfAKind","Gensokyo:FourOfAKind","infinitespire:NeuralNetwork+1","SafetyPray:ReiMu","SafetyPray:ReiMu+1","Conquer:ReiMu","Gathering:ReiMu"],"relics":["FlyPower:ReiMu","NeowsBlessing","Gensokyo:Justice","Replay:Bottled Snecko","StrikeDummy","Gensokyo:PortableGap","DonationBox:ReiMu","Bag of Marbles","Sundial","hubris:MobiusCoin","infinitespire:Midas Blood"],"acts_visited":["Gensokyo:Gensokyo","Gensokyo:Gensokyoer"],"potions_floor_usage":[16,22,31],"damage_taken":[{"damage":0,"enemies":"Gensokyo:Python","floor":1,"turns":1},{"damage":0,"enemies":"Gensokyo:3_Fairies","floor":2,"turns":1},{"damage":0,"enemies":"Gensokyo:Gryphon","floor":4,"turns":1},{"damage":1,"enemies":"Gensokyo:Mamizou","floor":7,"turns":8},{"damage":7,"enemies":"Gensokyo:2_Rabbits","floor":10,"turns":4},{"damage":3,"enemies":"Gensokyo:Gryphon_and_Rabbit","floor":11,"turns":5},{"damage":8,"enemies":"Gensokyo:Yukari","floor":16,"turns":10},{"damage":14,"enemies":"Gensokyo:AngelMirror","floor":18,"turns":6},{"damage":13,"enemies":"Gensokyo:CosmicMonolith","floor":22,"turns":4},{"damage":9,"enemies":"Gensokyo:Swordslinger","floor":24,"turns":5},{"damage":0,"enemies":"Gensokyo:Wraith","floor":29,"turns":5},{"damage":0,"enemies":"Gensokyo:Slime_Group","floor":31,"turns":3}],"seed_played":"92743877710615737","potions_obtained":[{"floor":1,"key":"Block Potion"},{"floor":10,"key":"HakureiPotion:ReiMu"},{"floor":11,"key":"Death Potion"},{"floor":16,"key":"BlessingOfTheForge"},{"floor":22,"key":"Block Potion"},{"floor":24,"key":"BottledKami:ReiMu"}],"is_trial":false,"path_per_floor":["M","M","?","M","$","R","E","R","T","M","M","R","$","?","R","B",null,"M","?","?","T","M","R","M","?","T","?","R","M","R","M"],"character_chosen":"REIMU","items_purchased":["WonderfulDomain:ReiMu+1"],"campfire_rested":1,"item_purchase_floors":[13],"current_hp_per_floor":[65,65,65,65,65,65,64,64,64,57,54,54,54,54,54,46,59,45,42,32,32,19,19,10,10,10,1,12,12,12,12,12],"gold":332,"neow_bonus":"THREE_ENEMY_KILL","is_daily":false,"chose_seed":false,"campfire_upgraded":6,"win_rate":0.0,"timestamp":1613188391,"path_taken":["M","M","?","?","?","R","E","R","T","M","M","R","$","?","R","BOSS","M","?","?","?","M","R","M","?","T","?","R","M","R","M"],"items_purchased_type":["Card"],"build_version":"2020-12-22","purchased_purges":1,"victory":false,"max_hp_per_floor":[65,65,65,65,65,65,65,65,65,65,65,65,65,59,59,59,59,59,42,42,42,42,42,42,39,39,39,39,39,39,39,39],"card_choices":[{"not_picked":["LovePray:ReiMu","SafetyPray:ReiMu"],"picked":"ManaGlint:ReiMu","floor":1},{"not_picked":["FantasyMoon:ReiMu","FoulBorder2:ReiMu"],"picked":"SealNeedle:ReiMu","floor":2},{"not_picked":["PayForSelf:ReiMu","CollectionFlower2:ReiMu"],"picked":"AlertArray:ReiMu","floor":4},{"not_picked":["FoulBorder2:ReiMu","SafetyPray:ReiMu"],"picked":"OctopathBindingBorder2:ReiMu","floor":7},{"not_picked":["AirStrike:ReiMu","EmergencyTakeOff:ReiMu"],"picked":"Conquer:ReiMu","floor":10},{"not_picked":["Amulet:ReiMu","YinYangSange:ReiMu"],"picked":"TightArray:ReiMu","floor":11},{"not_picked":["KyokaiOfKami:ReiMu","Dreaming:ReiMu"],"picked":"SubcavityFantasy:ReiMu","floor":16},{"not_picked":["AirManeuver:ReiMu","Intuition:ReiMu"],"picked":"Enchanting:ReiMu","floor":18},{"not_picked":["infinitespire:Starlight","infinitespire:DeathsTouch"],"picked":"infinitespire:NeuralNetwork","floor":20},{"not_picked":["EmergencyTakeOff:ReiMu","AirStrike:ReiMu+1"],"picked":"SafetyPray:ReiMu","floor":22},{"not_picked":["CareerPray:ReiMu","Conquer:ReiMu"],"picked":"SafetyPray:ReiMu+1","floor":24},{"not_picked":["EmergencyTakeOff:ReiMu+1","OrbThrow:ReiMu+1"],"picked":"Conquer:ReiMu","floor":27},{"not_picked":["YinYangSange:ReiMu","SubAcupoint:ReiMu"],"picked":"Gathering:ReiMu","floor":29}],"player_experience":1375734,"relics_obtained":[{"floor":7,"key":"Replay:Bottled Snecko"},{"floor":9,"key":"StrikeDummy"},{"floor":21,"key":"Bag of Marbles"},{"floor":26,"key":"hubris:MobiusCoin"},{"floor":27,"key":"infinitespire:Midas Blood"}],"event_choices":[],"is_beta":false,"boss_relics":[{"not_picked":["CrownOfHeavens:ReiMu","Tiny House"],"picked":"DonationBox:ReiMu"}],"items_purged_floors":[5],"is_endless":false,"potions_floor_spawned":[1,10,11,16,22,24],"killed_by":"Gensokyo:Slime_Group","ascension_level":0}}