{"host":"0mhttqdumuceah7q","time":1613243458,"event":{"mods":["AchievementEnabler","BaseMod","Colored Map","DeckTracker","Minty Spire (QoL Compilation)","Permanent Neow"],"gold_per_floor":[115,127,147,147,167,203,224,244,244,344,365,378,7,23,23,147,147,160,176,226,226,242,242,242,242,242,242,282,300,315,355,355,355,355],"floor_reached":33,"language":"KOR","playtime":1938,"items_purged":[],"score":315,"play_id":"7fde9e32-2bc1-448c-97f1-7b64eac27a17","local_time":"20210214041058","is_ascension_mode":false,"campfire_choices":[{"data":"TalkToTheHand","floor":15,"key":"SMITH"},{"data":"Eruption","floor":23,"key":"SMITH"},{"floor":25,"key":"REST"},{"data":"BattleHymn","floor":27,"key":"SMITH"},{"floor":32,"key":"REST"}],"circlet_count":0,"master_deck":["Strike_P","Strike_P","Strike_P","Strike_P+1","Defend_P+1","Defend_P","Defend_P","Defend_P","Eruption+1","Vigilance","EmptyFist","FlurryOfBlows","LessonLearned","JustLucky","CrushJoints","CutThroughFate","BattleHymn+1","FearNoEvil","Consecrate","Perseverance+1","TalkToTheHand+1","Judgement+1","EmptyBody+1","Crescendo+1","FlyingSleeves+1","BowlingBash+1","Omniscience","WindmillStrike+1","CrushJoints+1"],"relics":["Velvet Choker","Golden Idol","Torii","Pantograph","Membership Card","Ice Cream","VioletLotus","Gremlin Horn","MealTicket","Pocketwatch"],"acts_visited":["Exordium","TheCity"],"potions_floor_usage":[7,11,11,12,12,24,24,30,31,31,33],"damage_taken":[{"damage":0,"enemies":"Small Slimes","floor":1,"turns":2},{"damage":0,"enemies":"Jaw Worm","floor":2,"turns":2},{"damage":1,"enemies":"Cultist","floor":3,"turns":3},{"damage":11,"enemies":"Large Slime","floor":5,"turns":3},{"damage":28,"enemies":"Gremlin Nob","floor":6,"turns":4},{"damage":10,"enemies":"Lots of Slimes","floor":7,"turns":2},{"damage":0,"enemies":"Blue Slaver","floor":8,"turns":3},{"damage":0,"enemies":"Exordium Thugs","floor":11,"turns":1},{"damage":1,"enemies":"2 Fungi Beasts","floor":12,"turns":4},{"damage":6,"enemies":"Exordium Wildlife","floor":14,"turns":2},{"damage":14,"enemies":"Hexaghost","floor":16,"turns":8},{"damage":9,"enemies":"3 Byrds","floor":18,"turns":4},{"damage":11,"enemies":"Shell Parasite","floor":19,"turns":4},{"damage":7,"enemies":"Snecko","floor":21,"turns":8},{"damage":14,"enemies":"Chosen and Byrds","floor":22,"turns":7},{"damage":29,"enemies":"Slavers","floor":24,"turns":4},{"damage":7,"enemies":"Gremlin Leader","floor":28,"turns":4},{"damage":2,"enemies":"Cultist and Chosen","floor":29,"turns":4},{"damage":1,"enemies":"Snecko","floor":30,"turns":5},{"damage":19,"enemies":"Book of Stabbing","floor":31,"turns":4},{"damage":56,"enemies":"Automaton","floor":33,"turns":6}],"seed_played":"8917910234129131475","potions_obtained":[{"floor":3,"key":"Dexterity Potion"},{"floor":7,"key":"Ambrosia"},{"floor":8,"key":"EntropicBrew"},{"floor":11,"key":"SmokeBomb"},{"floor":16,"key":"SpeedPotion"},{"floor":18,"key":"BottledMiracle"},{"floor":28,"key":"PowerPotion"},{"floor":29,"key":"Fire Potion"},{"floor":30,"key":"Regen Potion"},{"floor":31,"key":"BottledMiracle"}],"is_trial":false,"path_per_floor":["M","M","M","?","M","E","M","M","T","?","M","M","$","M","R","B",null,"M","M","?","M","M","R","E","R","T","R","E","M","M","E","R","B"],"character_chosen":"WATCHER","items_purchased":["Membership Card","FairyPotion","Ice Cream","Perseverance"],"campfire_rested":2,"item_purchase_floors":[13,13,13,13],"current_hp_per_floor":[72,72,71,53,42,14,4,4,4,4,4,3,3,21,21,32,72,63,52,52,45,31,31,2,23,23,23,16,14,13,6,27,0,0],"gold":355,"neow_bonus":"BOSS_RELIC","is_daily":false,"chose_seed":false,"campfire_upgraded":3,"win_rate":0.0,"timestamp":1613243458,"path_taken":["M","M","M","?","M","E","M","M","T","?","?","M","$","M","R","BOSS","M","M","?","M","?","R","E","R","T","R","E","M","M","E","R","BOSS"],"items_purchased_type":["Relic","Potion","Relic","Card"],"build_version":"2020-12-22","purchased_purges":0,"victory":false,"max_hp_per_floor":[72,72,72,72,72,72,72,72,72,72,72,72,72,72,72,72,72,72,72,72,72,72,72,72,72,72,72,72,72,72,72,72,72,72],"card_choices":[{"not_picked":["EmptyBody","Perseverance"],"picked":"EmptyFist","floor":1},{"not_picked":["Crescendo","EmptyBody"],"picked":"FlurryOfBlows","floor":2},{"not_picked":["ClearTheMind","Tantrum"],"picked":"LessonLearned","floor":3},{"not_picked":["Halt","CutThroughFate"],"picked":"JustLucky","floor":5},{"not_picked":["Evaluate","Pray"],"picked":"CrushJoints","floor":6},{"not_picked":["CrushJoints","JustLucky"],"picked":"CutThroughFate","floor":7},{"not_picked":["Sanctity","Fasting2"],"picked":"BattleHymn","floor":8},{"not_picked":["SandsOfTime","Adaptation"],"picked":"FearNoEvil","floor":11},{"not_picked":["EmptyMind","Collect"],"picked":"Consecrate","floor":12},{"not_picked":["ConjureBlade","Crescendo"],"picked":"TalkToTheHand","floor":14},{"not_picked":["Omniscience","ConjureBlade"],"picked":"Judgement","floor":16},{"not_picked":["PathToVictory","Protect"],"picked":"EmptyBody+1","floor":18},{"not_picked":["ClearTheMind+1","WindmillStrike"],"picked":"Crescendo+1","floor":19},{"not_picked":["Pray","ThirdEye+1","Protect"],"picked":"SKIP","floor":21},{"not_picked":["Swivel","Crescendo"],"picked":"FlyingSleeves+1","floor":22},{"not_picked":["Consecrate+1","Worship"],"picked":"BowlingBash+1","floor":28},{"not_picked":["WaveOfTheHand","SashWhip"],"picked":"Omniscience","floor":29},{"not_picked":["Pray","BowlingBash"],"picked":"WindmillStrike+1","floor":30},{"not_picked":["Pray+1","CutThroughFate"],"picked":"CrushJoints+1","floor":31}],"player_experience":58240,"relics_obtained":[{"floor":6,"key":"Torii"},{"floor":9,"key":"Pantograph"},{"floor":26,"key":"Gremlin Horn"},{"floor":28,"key":"MealTicket"},{"floor":31,"key":"Pocketwatch"}],"event_choices":[{"damage_healed":0,"gold_gain":0,"player_choice":"Take Damage","damage_taken":18,"relics_obtained":["Golden Idol"],"max_hp_gain":0,"max_hp_loss":0,"event_name":"Golden Idol","floor":4,"gold_loss":0},{"damage_healed":0,"gold_gain":100,"player_choice":"Pray","damage_taken":0,"max_hp_gain":0,"max_hp_loss":0,"event_name":"Golden Shrine","floor":10,"gold_loss":0},{"damage_healed":0,"gold_gain":100,"player_choice":"Bet on Murderer","damage_taken":0,"max_hp_gain":0,"max_hp_loss":0,"event_name":"The Joust","floor":20,"gold_loss":50}],"is_beta":false,"boss_relics":[{"not_picked":["Snecko Eye","Busted Crown"],"picked":"VioletLotus"}],"items_purged_floors":[],"is_endless":false,"potions_floor_spawned":[3,7,8,11,16,18,28,29,30,31],"killed_by":"Automaton","ascension_level":0}}