{"host":"8ztb9kwpjc2zof9s","time":1613183940,"event":{"mods":["BaseMod","Block Reminder","Curses Come First","Minty Spire (QoL Compilation)","Relic Stats","StSLib"],"gold_per_floor":[110,110,130,148,29,29,46,73,73,105,30,30,49,65,65,170,170,182,200,212,312,329,329,346,346,346,365,138,138,138],"floor_reached":29,"language":"ENG","playtime":1353,"items_purged":["Pain"],"score":525,"play_id":"4df57df0-9961-431f-a39a-98d1f36b6e6c","local_time":"20210212183900","is_ascension_mode":true,"campfire_choices":[{"data":"Footwork","floor":6,"key":"SMITH"},{"floor":15,"key":"REST"},{"floor":23,"key":"REST"},{"floor":25,"key":"REST"}],"circlet_count":0,"master_deck":["AscendersBane","Strike_G","Strike_G","Strike_G","Strike_G","Strike_G","Defend_G","Defend_G","Defend_G","Defend_G","Defend_G","Survivor","Neutralize","Quick Slash","Backflip","Backflip","Footwork+1","Deadly Poison","Cloak And Dagger","Blade Dance","Decay","Dodge and Roll","Phantasmal Killer","After Image","Cloak And Dagger+1","Blade Dance+1","Noxious Fumes","Noxious Fumes","Deadly Poison+1","Blade Dance","After Image","PiercingWail","Backflip"],"relics":["Ring of the Snake","NeowsBlessing","WarpedTongs","Orichalcum","Toy Ornithopter","Ninja Scroll","SlaversCollar","Tough Bandages","Orrery"],"acts_visited":["Exordium","TheCity"],"potions_floor_usage":[10,10,16,22,24],"damage_taken":[{"damage":0,"enemies":"Small Slimes","floor":1,"turns":1},{"damage":1,"enemies":"Cultist","floor":3,"turns":1},{"damage":0,"enemies":"Jaw Worm","floor":4,"turns":1},{"damage":16,"enemies":"Lots of Slimes","floor":7,"turns":7},{"damage":18,"enemies":"3 Sentries","floor":8,"turns":12},{"damage":21,"enemies":"Gremlin Nob","floor":10,"turns":4},{"damage":9,"enemies":"Exordium Thugs","floor":13,"turns":6},{"damage":0,"enemies":"Red Slaver","floor":14,"turns":4},{"damage":19,"enemies":"The Guardian","floor":16,"turns":18},{"damage":3,"enemies":"Shell Parasite","floor":18,"turns":11},{"damage":12,"enemies":"Spheric Guardian","floor":19,"turns":5},{"damage":19,"enemies":"Centurion and Healer","floor":20,"turns":11},{"damage":25,"enemies":"Snake Plant","floor":22,"turns":7},{"damage":15,"enemies":"Snecko","floor":24,"turns":7},{"damage":16,"enemies":"Centurion and Healer","floor":27,"turns":8},{"damage":22,"enemies":"Sentry and Sphere","floor":29,"turns":5}],"seed_played":"7393078305036774948","potions_obtained":[{"floor":1,"key":"GamblersBrew"},{"floor":4,"key":"DuplicationPotion"},{"floor":8,"key":"Dexterity Potion"},{"floor":14,"key":"EssenceOfSteel"},{"floor":19,"key":"Fire Potion"},{"floor":22,"key":"SteroidPotion"},{"floor":27,"key":"SteroidPotion"}],"is_trial":false,"path_per_floor":["M","?","M","M","$","R","M","E","T","E","$","?","M","M","R","B",null,"M","M","M","?","M","R","M","R","T","M","$","M"],"character_chosen":"THE_SILENT","items_purchased":["Footwork","Deadly Poison","Noxious Fumes","Orrery"],"campfire_rested":3,"item_purchase_floors":[5,5,28,28],"current_hp_per_floor":[63,63,62,62,62,62,46,28,28,17,17,17,8,8,29,15,56,53,41,22,22,2,23,13,34,34,18,18,0,0],"gold":138,"neow_bonus":"THREE_ENEMY_KILL","is_daily":false,"chose_seed":false,"campfire_upgraded":1,"win_rate":0.0,"timestamp":1613183940,"path_taken":["M","?","?","M","?","R","?","E","T","E","$","?","M","M","R","BOSS","M","?","M","?","M","R","M","R","T","M","$","?"],"items_purchased_type":["Card","Card","Card","Relic"],"build_version":"2020-12-22","purchased_purges":1,"victory":false,"max_hp_per_floor":[70,70,70,70,70,70,70,70,70,70,70,70,70,70,70,70,70,70,70,70,70,70,70,70,70,70,70,70,70,70],"relic_stats":{"Tough Bandages":[3],"counters":[16,108],"Orichalcum":[24],"obtain_stats":[{"SlaversCollar":17,"Tough Bandages":26,"NeowsBlessing":0,"Ninja Scroll":10,"Orrery":28,"Orichalcum":8,"Toy Ornithopter":9,"Ring of the Snake":0,"WarpedTongs":2},{"SlaversCollar":9,"Tough Bandages":14,"NeowsBlessing":0,"Ninja Scroll":6,"Orrery":15,"Orichalcum":5,"Toy Ornithopter":5,"Ring of the Snake":0,"WarpedTongs":1},{"SlaversCollar":54,"Tough Bandages":95,"NeowsBlessing":0,"Ninja Scroll":26,"Orrery":103,"Orichalcum":22,"Toy Ornithopter":22,"Ring of the Snake":0,"WarpedTongs":1}],"Toy Ornithopter":25,"Ring of the Snake":[32],"WarpedTongs":[107]},"card_choices":[{"not_picked":["Eviscerate","Acrobatics"],"picked":"Quick Slash","floor":1},{"not_picked":["Slice","Dodge and Roll"],"picked":"Backflip","floor":3},{"not_picked":["Concentrate","Bouncing Flask"],"picked":"Backflip","floor":4},{"not_picked":["Crippling Poison","Quick Slash"],"picked":"Cloak And Dagger","floor":7},{"not_picked":["Bane","Poisoned Stab"],"picked":"Blade Dance","floor":8},{"not_picked":["Underhanded Strike","Dagger Throw","Deadly Poison"],"picked":"SKIP","floor":10},{"not_picked":["Distraction","Well Laid Plans"],"picked":"Dodge and Roll","floor":13},{"not_picked":["Dagger Throw","Outmaneuver"],"picked":"Phantasmal Killer","floor":14},{"not_picked":["Storm of Steel","Unload"],"picked":"After Image","floor":16},{"not_picked":["Infinite Blades","Flying Knee+1"],"picked":"Cloak And Dagger+1","floor":18},{"not_picked":["Acrobatics","Skewer","Backstab+1"],"picked":"SKIP","floor":19},{"not_picked":["Riddle With Holes+1","Dodge and Roll","Deadly Poison"],"picked":"SKIP","floor":20},{"not_picked":["Acrobatics","Reflex","Bane+1"],"picked":"SKIP","floor":22},{"not_picked":["Footwork","PiercingWail"],"picked":"Blade Dance+1","floor":24},{"not_picked":["Well Laid Plans","Acrobatics"],"picked":"Noxious Fumes","floor":27},{"not_picked":["Dagger Throw+1","Bane"],"picked":"Deadly Poison+1","floor":28},{"not_picked":["Outmaneuver","Calculated Gamble"],"picked":"Blade Dance","floor":28},{"not_picked":["Sucker Punch","Quick Slash"],"picked":"After Image","floor":28},{"not_picked":["Reflex+1","All Out Attack"],"picked":"PiercingWail","floor":28},{"not_picked":["Reflex","Dagger Throw"],"picked":"Backflip","floor":28}],"player_experience":304386,"relics_obtained":[{"floor":8,"key":"Orichalcum"},{"floor":9,"key":"Toy Ornithopter"},{"floor":10,"key":"Ninja Scroll"},{"floor":26,"key":"Tough Bandages"}],"event_choices":[{"damage_healed":0,"gold_gain":0,"player_choice":"Rummage","damage_taken":0,"relics_obtained":["WarpedTongs"],"max_hp_gain":0,"max_hp_loss":0,"event_name":"Accursed Blacksmith","floor":2,"gold_loss":0,"cards_obtained":["Pain"]},{"damage_healed":0,"gold_gain":0,"player_choice":"Cursed","damage_taken":0,"max_hp_gain":0,"max_hp_loss":0,"event_name":"Wheel of Change","floor":12,"gold_loss":0,"cards_obtained":["Decay"]},{"damage_healed":0,"gold_gain":100,"player_choice":"Pray","damage_taken":0,"max_hp_gain":0,"max_hp_loss":0,"event_name":"Golden Shrine","floor":21,"gold_loss":0}],"is_beta":false,"boss_relics":[{"not_picked":["Coffee Dripper","Ectoplasm"],"picked":"SlaversCollar"}],"items_purged_floors":[11],"is_endless":false,"potions_floor_spawned":[1,4,8,14,19,22,27],"killed_by":"Sentry and Sphere","ascension_level":11}}