{"host":"3d7yvplr5ovcyppx","time":1613191653,"event":{"mods":["AchievementEnabler","BaseMod","Hermit","Jorbs\u0027s Wanderer Trilogy","Minty Spire (QoL Compilation)","Quick Restart","Somnambulant","StSLib","The Cursed","The Disciple","The Servant 0.9.4"],"gold_per_floor":[116,76,95,95,110,141,152,184,233,251,282,297,308,324,324,428,428,446,67,67,84,102,137,137,171,240,271,296,308,320,661,673,685,685],"floor_reached":33,"language":"ENG","playtime":2316,"items_purged":[],"score":356,"play_id":"c01f9936-2532-4941-9fc9-1f5a89c7b1d6","local_time":"20210213101733","is_ascension_mode":false,"campfire_choices":[{"data":"Crescendo","floor":15,"key":"SMITH"},{"floor":24,"key":"REST"},{"floor":29,"key":"REST"},{"data":"Establishment","floor":32,"key":"SMITH"}],"circlet_count":0,"master_deck":["Strike_P","Strike_P","Strike_P","Strike_P","Defend_P","Defend_P","Defend_P","Defend_P","Eruption+1","Vigilance","Protect","SashWhip","Collect","Consecrate","Conclude","ClearTheMind","SandsOfTime","DevaForm","WindmillStrike","Crescendo+1","Consecrate","Establishment+1","Crescendo","LessonLearned","RitualDagger","Vengeance","EmptyMind","Consecrate","FearNoEvil","Halt","EmptyFist","Tantrum"],"relics":["HolyWater","Letter Opener","Matryoshka","Regal Pillow","Ancient Tea Set","Pantograph","Bottled Flame","Bag of Marbles","Meat on the Bone","MawBank","Bottled Tornado","Old Coin"],"acts_visited":["Exordium","TheCity"],"potions_floor_usage":[6,8,8,11,12,13,16,18,22,25,25,27],"damage_taken":[{"damage":0,"enemies":"2 Louse","floor":1,"turns":2},{"damage":0,"enemies":"Cultist","floor":3,"turns":2},{"damage":0,"enemies":"Small Slimes","floor":5,"turns":2},{"damage":3,"enemies":"Gremlin Nob","floor":6,"turns":4},{"damage":0,"enemies":"2 Fungi Beasts","floor":7,"turns":2},{"damage":9,"enemies":"3 Sentries","floor":8,"turns":2},{"damage":2,"enemies":"Blue Slaver","floor":10,"turns":3},{"damage":14,"enemies":"Gremlin Nob","floor":11,"turns":4},{"damage":0,"enemies":"Exordium Thugs","floor":12,"turns":2},{"damage":1,"enemies":"Large Slime","floor":13,"turns":3},{"damage":8,"enemies":"Red Slaver","floor":14,"turns":2},{"damage":48,"enemies":"Hexaghost","floor":16,"turns":9},{"damage":1,"enemies":"Chosen","floor":18,"turns":4},{"damage":20,"enemies":"Shell Parasite","floor":21,"turns":2},{"damage":10,"enemies":"Sentry and Sphere","floor":22,"turns":3},{"damage":34,"enemies":"Slavers","floor":23,"turns":3},{"damage":5,"enemies":"Book of Stabbing","floor":25,"turns":3},{"damage":8,"enemies":"Snecko","floor":27,"turns":3},{"damage":28,"enemies":"Shelled Parasite and Fungi","floor":28,"turns":3},{"damage":27,"enemies":"Slavers","floor":31,"turns":4},{"damage":64,"enemies":"Champ","floor":33,"turns":7}],"seed_played":"500401373604819214","potions_obtained":[{"floor":2,"key":"SmokeBomb"},{"floor":2,"key":"SteroidPotion"},{"floor":2,"key":"Explosive Potion"},{"floor":3,"key":"LiquidMemories"},{"floor":6,"key":"SteroidPotion"},{"floor":8,"key":"Regen Potion"},{"floor":10,"key":"Fire Potion"},{"floor":11,"key":"Dexterity Potion"},{"floor":12,"key":"BlessingOfTheForge"},{"floor":16,"key":"Weak Potion"},{"floor":18,"key":"Explosive Potion"},{"floor":21,"key":"Ancient Potion"},{"floor":23,"key":"DistilledChaos"},{"floor":25,"key":"StancePotion"}],"is_trial":false,"path_per_floor":["M","?","M","?","M","E","M","E","T","M","E","M","M","M","R","B",null,"M","$","?","M","M","E","R","E","T","M","M","R","?","E","R","B"],"character_chosen":"WATCHER","items_purchased":["Bottled Flame","LessonLearned"],"campfire_rested":2,"item_purchase_floors":[19,19],"current_hp_per_floor":[79,79,79,79,79,76,76,67,67,65,63,63,62,54,54,31,79,78,78,72,52,42,8,46,41,41,45,29,67,52,37,37,0,0],"gold":685,"neow_bonus":"TEN_PERCENT_HP_BONUS","is_daily":false,"chose_seed":false,"campfire_upgraded":2,"win_rate":0.0,"timestamp":1613191653,"path_taken":["M","?","?","?","M","E","M","E","T","M","E","M","M","M","R","BOSS","M","$","?","M","M","E","R","E","T","M","M","R","?","E","R","BOSS"],"items_purchased_type":["Relic","Card"],"build_version":"2020-12-22","purchased_purges":0,"victory":false,"max_hp_per_floor":[79,79,79,79,79,79,79,79,79,79,79,79,79,79,79,79,79,79,79,79,79,79,79,79,79,79,79,79,79,84,84,84,84,84],"card_choices":[{"not_picked":["Evaluate","Weave"],"picked":"Protect","floor":1},{"not_picked":["ReachHeaven","CutThroughFate"],"picked":"SashWhip","floor":3},{"not_picked":["Consecrate","FearNoEvil"],"picked":"Collect","floor":5},{"not_picked":["Worship","WindmillStrike"],"picked":"Consecrate","floor":6},{"not_picked":["Study","BattleHymn"],"picked":"Conclude","floor":7},{"not_picked":["PathToVictory","JustLucky"],"picked":"ClearTheMind","floor":8},{"not_picked":["InnerPeace","BowlingBash"],"picked":"SandsOfTime","floor":10},{"not_picked":["EmptyBody","JustLucky"],"picked":"DevaForm","floor":11},{"not_picked":["JustLucky","Protect"],"picked":"WindmillStrike","floor":12},{"not_picked":["JustLucky","Meditate"],"picked":"Crescendo","floor":13},{"not_picked":["Evaluate","Meditate"],"picked":"Consecrate","floor":14},{"not_picked":["DevaForm","Vault"],"picked":"Establishment","floor":16},{"not_picked":["Evaluate","SashWhip"],"picked":"Crescendo","floor":18},{"not_picked":["JustLucky","LikeWater"],"picked":"Vengeance","floor":21},{"not_picked":["Weave","CrushJoints"],"picked":"EmptyMind","floor":22},{"not_picked":["Weave","WheelKick"],"picked":"Consecrate","floor":23},{"not_picked":["ClearTheMind","Scrawl"],"picked":"FearNoEvil","floor":25},{"not_picked":["WaveOfTheHand","BowlingBash"],"picked":"Halt","floor":27},{"not_picked":["Adaptation+1","Collect"],"picked":"EmptyFist","floor":28},{"not_picked":["SashWhip","PathToVictory"],"picked":"Tantrum","floor":31}],"player_experience":61337,"relics_obtained":[{"floor":6,"key":"Letter Opener"},{"floor":8,"key":"Matryoshka"},{"floor":9,"key":"Regal Pillow"},{"floor":9,"key":"Ancient Tea Set"},{"floor":11,"key":"Pantograph"},{"floor":23,"key":"Bag of Marbles"},{"floor":25,"key":"Meat on the Bone"},{"floor":26,"key":"MawBank"},{"floor":26,"key":"Bottled Tornado"},{"floor":31,"key":"Old Coin"}],"event_choices":[{"damage_healed":0,"gold_gain":0,"player_choice":"Bought 3 Potions","damage_taken":0,"max_hp_gain":0,"max_hp_loss":0,"event_name":"The Woman in Blue","floor":2,"gold_loss":0},{"damage_healed":0,"gold_gain":0,"player_choice":"Grow","damage_taken":0,"max_hp_gain":0,"max_hp_loss":0,"event_name":"Living Wall","floor":4,"gold_loss":0,"cards_upgraded":["Eruption"]},{"damage_healed":0,"gold_gain":0,"player_choice":"Joined the Cult","damage_taken":6,"max_hp_gain":0,"max_hp_loss":0,"event_name":"Nest","floor":20,"gold_loss":0,"cards_obtained":["RitualDagger"]},{"damage_healed":0,"gold_gain":0,"player_choice":"Shed Blood","damage_taken":20,"max_hp_gain":5,"max_hp_loss":0,"event_name":"Forgotten Altar","floor":30,"gold_loss":0}],"is_beta":false,"boss_relics":[{"not_picked":["Tiny House","Astrolabe"],"picked":"HolyWater"}],"items_purged_floors":[],"is_endless":false,"potions_floor_spawned":[3,6,8,10,11,12,16,18,21,23,25],"killed_by":"Champ","ascension_level":0}}