{"host":"2ty4h143nj8vwezc","time":1613228869,"event":{"mods":["BaseMod","Colored Map","Googly Eyes","Highlight Path","Minty Spire (QoL Compilation)","Quick Restart","StSLib"],"gold_per_floor":[116,46,63,83,100,100,132,132,132,144,173,190,203,478,478,583,583,563,478,478,491,307,341,341,341,341],"floor_reached":25,"language":"ENG","playtime":1416,"items_purged":["Regret"],"score":326,"play_id":"d714d952-0259-4463-b36d-c4c254cf9c27","local_time":"20210213100749","is_ascension_mode":true,"campfire_choices":[{"data":"Fusion","floor":6.0,"key":"SMITH"},{"floor":8.0,"key":"REST"},{"floor":15.0,"key":"REST"},{"data":"Echo Form","floor":24.0,"key":"SMITH"}],"circlet_count":0,"master_deck":["Strike_B","Strike_B","Strike_B","Strike_B","Defend_B","Defend_B","Defend_B","Defend_B","Zap","Dualcast","Sweeping Beam","Fusion+1","Core Surge","Glacier","Turbo","Go for the Eyes","Streamline","Beam Cell","Melter","Self Repair","Meteor Strike","Sunder+1","BootSequence","Defragment","Echo Form+1"],"relics":["FrozenCore","Vajra","Cables","Matryoshka","Omamori","GremlinMask","Ornamental Fan"],"acts_visited":["Exordium","TheCity"],"potions_floor_usage":[25],"damage_taken":[{"damage":0.0,"enemies":"2 Louse","floor":1.0,"turns":2.0},{"damage":0.0,"enemies":"Cultist","floor":3.0,"turns":2.0},{"damage":2.0,"enemies":"Jaw Worm","floor":4.0,"turns":3.0},{"damage":7.0,"enemies":"Exordium Thugs","floor":5.0,"turns":7.0},{"damage":34.0,"enemies":"Lagavulin","floor":7.0,"turns":7.0},{"damage":0.0,"enemies":"2 Fungi Beasts","floor":10.0,"turns":3.0},{"damage":2.0,"enemies":"3 Sentries","floor":11.0,"turns":5.0},{"damage":3.0,"enemies":"Lots of Slimes","floor":12.0,"turns":2.0},{"damage":8.0,"enemies":"Blue Slaver","floor":13.0,"turns":2.0},{"damage":18.0,"enemies":"Hexaghost","floor":16.0,"turns":11.0},{"damage":15.0,"enemies":"2 Thieves","floor":18.0,"turns":4.0},{"damage":0.0,"enemies":"Spheric Guardian","floor":21.0,"turns":2.0},{"damage":17.0,"enemies":"Book of Stabbing","floor":23.0,"turns":5.0},{"damage":60,"enemies":"Gremlin Leader","floor":25,"turns":4}],"seed_played":"4068122518918554141","potions_obtained":[{"floor":7.0,"key":"Explosive Potion"},{"floor":10.0,"key":"Weak Potion"},{"floor":13.0,"key":"SpeedPotion"},{"floor":16.0,"key":"Block Potion"},{"floor":21.0,"key":"EntropicBrew"}],"is_trial":false,"path_per_floor":["M","$","M","M","M","R","E","R","T","M","E","M","M","?","R","B",null,"M","?","?","M","$","E","R","E"],"character_chosen":"DEFECT","items_purchased":["Core Surge","BootSequence","Defragment"],"campfire_rested":2,"item_purchase_floors":[2,22,22],"current_hp_per_floor":[68,68,68,66,59,59,25,47,47,47,45,42,34,34,56,45,68,60,60,60,60,60,59,59,0,0],"gold":341,"neow_bonus":"THREE_CARDS","is_daily":false,"chose_seed":false,"campfire_upgraded":2,"win_rate":0.0,"timestamp":1613228869,"path_taken":["M","$","M","M","M","R","E","R","T","M","E","M","M","?","R","BOSS","M","?","?","?","$","E","R","E"],"items_purchased_type":["Card","Card","Card"],"build_version":"2020-12-22","purchased_purges":1,"victory":false,"max_hp_per_floor":[75,75,75,75,75,75,75,75,75,75,75,75,75,75,75,75,75,75,75,75,75,75,75,75,75,75],"card_choices":[{"not_picked":["Redo","Compile Driver"],"picked":"Sweeping Beam","floor":0.0},{"not_picked":["Gash","Stack"],"picked":"Fusion","floor":1.0},{"not_picked":["Static Discharge","Chaos"],"picked":"Glacier","floor":3.0},{"not_picked":["Steam","Coolheaded"],"picked":"Turbo","floor":4.0},{"not_picked":["Turbo","Steam"],"picked":"Go for the Eyes","floor":5.0},{"not_picked":["Coolheaded","Conserve Battery"],"picked":"Streamline","floor":7.0},{"not_picked":["Coolheaded","Stack","Chaos"],"picked":"SKIP","floor":10.0},{"not_picked":["Steam","Scrape"],"picked":"Beam Cell","floor":11.0},{"not_picked":["Turbo","White Noise"],"picked":"Melter","floor":12.0},{"not_picked":["Melter","Cold Snap"],"picked":"Self Repair","floor":13.0},{"not_picked":["Creative AI","Reboot"],"picked":"Meteor Strike","floor":16.0},{"not_picked":["Sweeping Beam","Stack+1"],"picked":"Sunder+1","floor":18.0},{"not_picked":["Barrage","Hello World","Cold Snap"],"picked":"SKIP","floor":21.0},{"not_picked":["Hello World","Scrape"],"picked":"Echo Form","floor":23.0}],"player_experience":398035,"relics_obtained":[{"floor":7.0,"key":"Vajra"},{"floor":9.0,"key":"Cables"},{"floor":11.0,"key":"Matryoshka"},{"floor":23.0,"key":"Ornamental Fan"}],"event_choices":[{"damage_healed":0.0,"max_hp_gain":0.0,"max_hp_loss":0.0,"gold_gain":275.0,"event_name":"Golden Shrine","player_choice":"Desecrate","floor":14.0,"gold_loss":0.0,"damage_taken":0.0,"cards_obtained":["Regret"]},{"damage_healed":0.0,"max_hp_gain":0.0,"max_hp_loss":0.0,"gold_gain":0.0,"event_name":"Addict","player_choice":"Obtained Relic","floor":19.0,"gold_loss":85.0,"damage_taken":0.0,"relics_obtained":["Omamori"]},{"damage_healed":0.0,"max_hp_gain":0.0,"max_hp_loss":0.0,"gold_gain":0.0,"event_name":"FaceTrader","player_choice":"Trade","floor":20.0,"gold_loss":0.0,"damage_taken":0.0,"relics_obtained":["GremlinMask"]}],"is_beta":false,"boss_relics":[{"not_picked":["Busted Crown","Ectoplasm"],"picked":"FrozenCore"}],"items_purged_floors":[22],"is_endless":false,"potions_floor_spawned":[7,10,13,16,21],"killed_by":"Gremlin Leader","ascension_level":8}}