{"host":"rtw1tnr74gozsrw1","time":1613182197,"event":{"mods":["BaseMod","Colored Map","Colored Powertips","Highlight Path","Infinite Spire","Minty Spire (QoL Compilation)","StSLib","The Jungle"],"gold_per_floor":[117,42,42,55,55,55,83,83,106,106,138,38,54,71,71,171,171,171,171],"floor_reached":18,"language":"ENG","playtime":439,"items_purged":["Strike_R","Strike_R"],"score":222,"play_id":"063d0aff-a49c-4a73-bc2d-f0a40ab0f075","local_time":"20210213030957","is_ascension_mode":true,"campfire_choices":[{"data":"Flex","floor":6,"key":"SMITH"},{"data":"Bash","floor":8,"key":"SMITH"},{"data":"Defend_R","floor":10,"key":"SMITH"},{"data":"Sword Boomerang","floor":15,"key":"SMITH"}],"circlet_count":0,"master_deck":["Bash+1","Spot Weakness+1","Flex+1","Sword Boomerang+1","Disarm","Dark Embrace","Hemokinesis","Bloodletting","Pummel","Carnage"],"relics":["Burning Blood","NeowsBlessing","Darkstone Periapt","Whetstone","infinitespire:Eraser","Pandora\u0027s Box"],"acts_visited":["Exordium","TheCity"],"potions_floor_usage":[],"damage_taken":[{"damage":0,"enemies":"2 Louse","floor":1,"turns":1},{"damage":0,"enemies":"Cultist","floor":4,"turns":1},{"damage":0,"enemies":"Lagavulin","floor":7,"turns":1},{"damage":35,"enemies":"Gremlin Nob","floor":11,"turns":4},{"damage":4,"enemies":"Small Slimes","floor":13,"turns":3},{"damage":9,"enemies":"Red Slaver","floor":14,"turns":2},{"damage":28,"enemies":"Hexaghost","floor":16,"turns":6},{"damage":0,"enemies":"Spheric Guardian","floor":18,"turns":2}],"seed_played":"3742279807417088487","potions_obtained":[{"floor":1,"key":"Regen Potion"},{"floor":4,"key":"GamblersBrew"},{"floor":13,"key":"SmokeBomb"}],"is_trial":false,"path_per_floor":["M","$","?","M","?","R","E","R","T","R","E","$","M","M","R","B",null,"M"],"character_chosen":"IRONCLAD","items_purchased":[],"campfire_rested":0,"item_purchase_floors":[],"current_hp_per_floor":[80,80,80,80,80,80,80,80,80,80,51,51,53,50,50,28,80,80,80],"gold":171,"neow_bonus":"THREE_ENEMY_KILL","is_daily":false,"chose_seed":false,"campfire_upgraded":4,"win_rate":0.0,"timestamp":1613182197,"path_taken":["M","$","?","?","?","R","E","R","T","R","E","?","M","M","R","BOSS","M"],"items_purchased_type":[],"build_version":"2020-12-22","purchased_purges":2,"victory":false,"max_hp_per_floor":[80,80,80,80,80,80,80,80,80,80,80,80,80,80,80,80,80,80,80],"card_choices":[{"not_picked":["Clothesline","Second Wind"],"picked":"Spot Weakness","floor":1},{"not_picked":["Twin Strike","Clash"],"picked":"Flex","floor":4},{"not_picked":["Sentinel","Bloodletting","Body Slam"],"picked":"SKIP","floor":7},{"not_picked":["Shockwave","Cleave"],"picked":"Sword Boomerang","floor":11},{"not_picked":["Searing Blow","Twin Strike","Rampage"],"picked":"SKIP","floor":13},{"not_picked":["Clash","Headbutt","Twin Strike"],"picked":"SKIP","floor":14}],"player_experience":156831,"relics_obtained":[{"floor":7,"key":"Darkstone Periapt"},{"floor":9,"key":"Whetstone"},{"floor":11,"key":"infinitespire:Eraser"}],"event_choices":[{"cards_removed":["Strike_R"],"damage_healed":0,"gold_gain":0,"player_choice":"Purged","damage_taken":0,"max_hp_gain":0,"max_hp_loss":0,"event_name":"Purifier","floor":3,"gold_loss":0},{"damage_healed":0,"gold_gain":0,"player_choice":"Forge","damage_taken":0,"max_hp_gain":0,"max_hp_loss":0,"event_name":"Accursed Blacksmith","floor":5,"gold_loss":0,"cards_upgraded":["Spot Weakness"]}],"is_beta":false,"boss_relics":[{"not_picked":["Calling Bell","Tiny House"],"picked":"Pandora\u0027s Box"}],"items_purged_floors":[2,12],"is_endless":false,"potions_floor_spawned":[1,4,13],"killed_by":"Spheric Guardian","ascension_level":3}}