{"host":"o9lehcdjc4u6j9un","time":1613243734,"event":{"mods":["Aspiration","BaseMod","Better-Laid Plans","Colored Map","Downfall","Gremlin Mod","Hermit","Marisa£®ÏF”Í°°ƒß¿Ì…≥£©","Minty Spire (QoL Compilation)","Reimu£®≤©¿ˆ¡È√Œ£©","Remilia£®¿Ÿ√◊¿Ú—«£©","StSLib","The Alterego","The Hierophant","The Runesmith","The Senshi","The Servant 0.9.4","Yakumo Yukari mod","Youmu£®ªÍ∆«—˝√Œ£©","≤–¡Ù÷ÆŒÔ"],"gold_per_floor":[112,125,53,66,76,101,115,115,164,181,181,208,243,298,298,298,298],"floor_reached":16,"language":"ZHS","playtime":1578,"items_purged":[],"score":137,"play_id":"5411c04a-cd90-443a-adc1-2db60612fa23","local_time":"20210214031534","is_ascension_mode":false,"campfire_choices":[{"data":"alterego_mod:Mirror","floor":8.0,"key":"SMITH"},{"data":"alterego_mod:Venus","floor":11.0,"key":"SMITH"},{"data":"alterego_mod:HighServant","floor":15.0,"key":"SMITH"}],"circlet_count":0,"master_deck":["alterego_mod:Strike","alterego_mod:Strike","alterego_mod:Strike","alterego_mod:Strike","alterego_mod:Defend","alterego_mod:Defend","alterego_mod:Defend","alterego_mod:Defend","alterego_mod:Impale","alterego_mod:BigMeatyClaws","alterego_mod:BrynhildrsRune","alterego_mod:GoddessCore","alterego_mod:MaintainEyeContact","alterego_mod:Schoolgirl","alterego_mod:Mirror+1","alterego_mod:BiFurious","alterego_mod:Valentines","alterego_mod:Venus+1","alterego_mod:HighServant+1","alterego_mod:Mirror"],"relics":["alterego_mod:MasochisticConstitution","Ancient Tea Set","Bag of Preparation","Odd Mushroom","Centennial Puzzle","Bag of Marbles"],"acts_visited":["Exordium"],"potions_floor_usage":[16],"damage_taken":[{"damage":10.0,"enemies":"Cultist","floor":1.0,"turns":6.0},{"damage":3.0,"enemies":"2 Louse","floor":2.0,"turns":5.0},{"damage":7.0,"enemies":"Jaw Worm","floor":4.0,"turns":5.0},{"damage":30.0,"enemies":"Exordium Thugs","floor":5.0,"turns":4.0},{"damage":44.0,"enemies":"Gremlin Nob","floor":6.0,"turns":6.0},{"damage":20.0,"enemies":"Large Slime","floor":7.0,"turns":9.0},{"damage":10.0,"enemies":"Blue Slaver","floor":10.0,"turns":4.0},{"damage":10.0,"enemies":"The Mushroom Lair","floor":12.0,"turns":4.0},{"damage":13.0,"enemies":"3 Sentries","floor":13.0,"turns":7.0},{"damage":21.0,"enemies":"Lagavulin Event","floor":14.0,"turns":5.0},{"damage":17,"enemies":"Hexaghost","floor":16,"turns":4}],"seed_played":"56116131588649730","potions_obtained":[{"floor":4.0,"key":"Energy Potion"},{"floor":5.0,"key":"LiquidBronze"},{"floor":10.0,"key":"SneckoOil"},{"floor":12.0,"key":"Block Potion"}],"is_trial":false,"path_per_floor":["M","M","$","M","M","E","M","R","T","M","R","?","E","?","R","B"],"character_chosen":"The_Alterego","items_purchased":["alterego_mod:Schoolgirl"],"campfire_rested":0,"item_purchase_floors":[3],"current_hp_per_floor":[75,79,79,80,58,15,17,17,17,15,15,27,29,16,16,0,0],"gold":298,"neow_bonus":"TEN_PERCENT_HP_BONUS","is_daily":false,"chose_seed":false,"campfire_upgraded":3,"win_rate":0.0,"timestamp":1613243734,"path_taken":["M","M","?","M","M","E","M","R","T","M","R","?","E","?","R","BOSS"],"items_purchased_type":["Card"],"build_version":"2020-12-22","purchased_purges":0,"victory":false,"max_hp_per_floor":[78,79,79,80,81,82,83,83,83,84,84,85,86,87,87,87,87],"card_choices":[{"not_picked":["alterego_mod:DeftHands","alterego_mod:Crossover"],"picked":"alterego_mod:GoddessCore","floor":1.0},{"not_picked":["alterego_mod:Pet","alterego_mod:Birthday"],"picked":"alterego_mod:MaintainEyeContact","floor":2.0},{"not_picked":["alterego_mod:Bloomers","alterego_mod:DiscoLights"],"picked":"alterego_mod:Mirror","floor":4.0},{"not_picked":["alterego_mod:RidiculouslyBig","alterego_mod:Rip","alterego_mod:GoddessCore"],"picked":"SKIP","floor":5.0},{"not_picked":["alterego_mod:Jiggle","alterego_mod:Pet"],"picked":"alterego_mod:BiFurious","floor":6.0},{"not_picked":["alterego_mod:Jiggle","alterego_mod:BiFurious"],"picked":"alterego_mod:Valentines","floor":7.0},{"not_picked":["alterego_mod:PerceptionDisorder","alterego_mod:Lingerie"],"picked":"alterego_mod:Venus","floor":10.0},{"not_picked":["alterego_mod:Support","alterego_mod:Swimsuit"],"picked":"alterego_mod:HighServant","floor":13.0},{"not_picked":["alterego_mod:Belle","alterego_mod:Undulate"],"picked":"alterego_mod:Mirror","floor":14.0}],"player_experience":272202,"relics_obtained":[{"floor":6.0,"key":"Ancient Tea Set"},{"floor":9.0,"key":"Bag of Preparation"},{"floor":12.0,"key":"Odd Mushroom"},{"floor":13.0,"key":"Centennial Puzzle"}],"event_choices":[{"damage_healed":0.0,"max_hp_gain":0.0,"max_hp_loss":0.0,"gold_gain":0.0,"event_name":"Mushrooms","player_choice":"Fought Mushrooms","floor":12.0,"gold_loss":0.0,"damage_taken":0.0},{"damage_healed":0.0,"max_hp_gain":0.0,"max_hp_loss":0.0,"gold_gain":0.0,"event_name":"Dead Adventurer","player_choice":"Searched \u00272\u0027 times","floor":14.0,"gold_loss":0.0,"damage_taken":0.0,"relics_obtained":["Bag of Marbles"]}],"is_beta":false,"boss_relics":[],"items_purged_floors":[],"is_endless":false,"potions_floor_spawned":[4,5,10,12],"killed_by":"Hexaghost","ascension_level":0}}