{"host":"5gusigds1c3jyr99","time":1613187139,"event":{"mods":["Abigail Mod","AchievementEnabler","Act Like it!","Arknights","Astrologer","BaseMod","CapriCore","ChefMod","GungeonMod","Hermit","Koishi","Marisa£¨Ùöéë¡¡Øª×âÞÞ£©","Minty Spire (QoL Compilation)","Permanent Neow","Prisma Mod","Replay The Spire","StSLib","Td1madao Mod","The Animator","The Bug Knight","The Cursed","The Death Knight","The Disciple","The Dragon Tamer","The Gatherer","The Hierophant","The Immortal","The Jungle","The Poker Player","The Runesmith","The Senshi","The Servant 0.9.4","TheBandit","WarShipGirlsR/??á´Ò³R mod"],"gold_per_floor":[110,110,122,122,138,138,164,164,164,184,259,259,272,290,290,290,290],"floor_reached":16,"language":"KOR","playtime":1364,"items_purged":["Doubt"],"score":102,"play_id":"27a4f177-ec4e-4ba4-8f01-548ceccc752e","local_time":"20210213123219","is_ascension_mode":false,"campfire_choices":[{"data":"PrismaMod:ChloeCheapAttack","floor":6,"key":"SMITH"},{"data":"PrismaMod:ChloeUncommonAOEAttack","floor":8,"key":"SMITH"},{"data":"PrismaMod:ChloeGaeBolg","floor":12,"key":"SMITH"},{"data":"PrismaMod:ChloeCheapDefend","floor":15,"key":"SMITH"}],"circlet_count":0,"master_deck":["PrismaMod:ChloeCommonAttack","PrismaMod:ChloeCommonAttack","PrismaMod:ChloeCommonAttack","PrismaMod:ChloeCommonAttack","PrismaMod:ChloeCommonAttack","PrismaMod:ChloeCommonDefend","PrismaMod:ChloeCommonDefend","PrismaMod:ChloeCommonDefend","PrismaMod:ChloeCommonDefend","PrismaMod:ChloeCommonDefend","PrismaMod:ChloeCheapAttack+1","PrismaMod:ChloeCheapDefend+1","Finesse","PrismaMod:ChloeCommonAOEAttack","PrismaMod:ChloeExhaustOne","PrismaMod:ChloeUncommonAOEAttack+1","PrismaMod:ChloeGaeBolg+1","PrismaMod:ChloeChristmas"],"relics":["PrismaMod:PrismaTraceOn","DemoMod:GlassGuonStoneRelic","Thread and Needle","Replay:Bottled Snecko","ReplayTheSpireMod:CursedCoin"],"acts_visited":["Exordium"],"potions_floor_usage":[10],"damage_taken":[{"damage":1.0,"enemies":"Small Slimes","floor":1.0,"turns":4.0},{"damage":2.0,"enemies":"2 Louse","floor":3.0,"turns":2.0},{"damage":0.0,"enemies":"Cultist","floor":5.0,"turns":3.0},{"damage":25,"enemies":"3 Sentries","floor":7,"turns":9},{"damage":0,"enemies":"Gremlin Gang","floor":10,"turns":1},{"damage":0,"enemies":"Large Slime","floor":13,"turns":4},{"damage":0,"enemies":"Exordium Wildlife","floor":14,"turns":4},{"damage":0,"enemies":"Hexaghost","floor":16,"turns":7}],"seed_played":"-4071554705798311040","potions_obtained":[{"floor":7,"key":"Explosive Potion"},{"floor":10,"key":"Venom Potion"},{"floor":14,"key":"Dexterity Potion"}],"is_trial":false,"path_per_floor":["M","?","M","?","M","R","E","R","T","M","$","R","M","M","R","B"],"character_chosen":"CHLOE","items_purchased":["ReplayTheSpireMod:CursedCoin"],"campfire_rested":0,"item_purchase_floors":[11],"current_hp_per_floor":[74,74,72,72,72,72,47,47,47,47,47,47,47,47,47,47,47],"gold":290,"neow_bonus":"RANDOM_COLORLESS","is_daily":false,"chose_seed":false,"campfire_upgraded":4,"win_rate":0.0,"timestamp":1613187139,"path_taken":["M","?","M","?","?","R","E","R","T","M","$","R","?","M","R","BOSS"],"items_purchased_type":["Relic"],"build_version":"2020-12-22","purchased_purges":1,"victory":false,"max_hp_per_floor":[75,75,75,75,75,75,75,75,75,75,75,75,75,75,75,75,75],"card_choices":[{"not_picked":["Jack Of All Trades","Purity"],"picked":"Finesse","floor":0.0},{"not_picked":["PrismaMod:ChloeCheapDefendTwo","PrismaMod:ChloeCheapDefend"],"picked":"PrismaMod:ChloeCommonAOEAttack","floor":1.0},{"not_picked":["PrismaMod:ChloeCheapAttack","PrismaMod:ChloeCommonAOEAttack"],"picked":"PrismaMod:ChloeExhaustOne","floor":3.0},{"not_picked":["PrismaMod:ChloeExhaustTwo","PrismaMod:ChloeDiscardRecovery","PrismaMod:ChloeCheapAttack"],"picked":"SKIP","floor":5},{"not_picked":["PrismaMod:ChloeCheapAttack","PrismaMod:ChloeRuleBreaker"],"picked":"PrismaMod:ChloeUncommonAOEAttack","floor":7},{"not_picked":["PrismaMod:ChloeDiscardRecovery","PrismaMod:ChloeEyeOfTheEuryale"],"picked":"PrismaMod:ChloeGaeBolg","floor":10},{"not_picked":["PrismaMod:ChloeCheapAttackTwo","PrismaMod:ChloeCheapDefend"],"picked":"PrismaMod:ChloeChristmas","floor":13},{"not_picked":["PrismaMod:ChloeMordred","PrismaMod:ChloeExhaustOne","PrismaMod:ChloeDiscardRecovery"],"picked":"SKIP","floor":14}],"player_experience":676689,"relics_obtained":[{"floor":7,"key":"Thread and Needle"},{"floor":9,"key":"Replay:Bottled Snecko"}],"event_choices":[{"damage_healed":0.0,"max_hp_gain":0.0,"max_hp_loss":0.0,"gold_gain":0.0,"event_name":"Golden Idol","player_choice":"Ignored","floor":2.0,"gold_loss":0.0,"damage_taken":0.0},{"damage_healed":0.0,"max_hp_gain":0.0,"max_hp_loss":0.0,"gold_gain":0.0,"event_name":"The Woman in Blue","player_choice":"Bought 0 Potions","floor":4.0,"gold_loss":0.0,"damage_taken":0.0}],"is_beta":false,"boss_relics":[],"items_purged_floors":[11],"is_endless":false,"potions_floor_spawned":[7,10,14],"killed_by":"Hexaghost","ascension_level":0}}