{"host":"ao8ok4k25npyixk7","time":1613218566,"event":{"mods":["BaseMod","Colored Map","Minty Spire (QoL Compilation)"],"gold_per_floor":[110,110,31,43,43,72,72,103,174,57,68,96,115,115,115],"floor_reached":14,"language":"ENG","playtime":397,"items_purged":["Strike_G"],"score":253,"play_id":"ac2d045b-1555-4bac-8392-0d97703cb928","local_time":"20210213131606","is_ascension_mode":true,"campfire_choices":[{"data":"Noxious Fumes","floor":7,"key":"SMITH"}],"circlet_count":0,"master_deck":["AscendersBane","Strike_G","Strike_G","Strike_G","Strike_G","Defend_G+1","Defend_G","Defend_G+1","Defend_G","Defend_G","Survivor","Neutralize","Noxious Fumes+1","Poisoned Stab","Poisoned Stab","Die Die Die","Bouncing Flask","Poisoned Stab","Dash"],"relics":["Ring of the Snake","NeowsBlessing","Pen Nib","Snake Skull","Tiny Chest","Shuriken","War Paint"],"acts_visited":["Exordium"],"potions_floor_usage":[8,12,14],"damage_taken":[{"damage":0,"enemies":"Jaw Worm","floor":1,"turns":1},{"damage":0,"enemies":"Cultist","floor":4,"turns":1},{"damage":0,"enemies":"3 Sentries","floor":6,"turns":1},{"damage":26,"enemies":"Gremlin Nob","floor":8,"turns":4},{"damage":0,"enemies":"2 Louse","floor":11,"turns":2},{"damage":20,"enemies":"Lagavulin","floor":12,"turns":5},{"damage":0,"enemies":"Large Slime","floor":13,"turns":3},{"damage":18,"enemies":"3 Sentries","floor":14,"turns":2}],"seed_played":"-800545950185410376","potions_obtained":[{"floor":6,"key":"DistilledChaos"},{"floor":11,"key":"Energy Potion"},{"floor":12,"key":"CultistPotion"}],"is_trial":false,"path_per_floor":["M","?","$","M","?","E","R","E","T","$","M","E","M","E"],"character_chosen":"THE_SILENT","items_purchased":["Noxious Fumes","Bouncing Flask"],"campfire_rested":0,"item_purchase_floors":[3,10],"current_hp_per_floor":[59,59,59,59,59,59,59,33,33,33,33,13,13,0,0],"gold":115,"neow_bonus":"THREE_ENEMY_KILL","is_daily":false,"chose_seed":false,"campfire_upgraded":1,"win_rate":0.0,"timestamp":1613218566,"path_taken":["M","?","?","M","?","E","R","E","T","$","M","E","M","E"],"items_purchased_type":["Card","Card"],"build_version":"2020-12-22","purchased_purges":1,"victory":false,"max_hp_per_floor":[66,66,66,66,66,66,66,66,66,66,66,66,66,66,66],"card_choices":[{"not_picked":["Dagger Spray","Underhanded Strike"],"picked":"Bane","floor":1},{"not_picked":["Dagger Spray","Dodge and Roll"],"picked":"Poisoned Stab","floor":4},{"not_picked":["Choke","Setup"],"picked":"Poisoned Stab","floor":6},{"not_picked":["Storm of Steel","Sucker Punch"],"picked":"Die Die Die","floor":8},{"not_picked":["Quick Slash","Deadly Poison"],"picked":"Poisoned Stab","floor":11},{"not_picked":["Backflip","Caltrops","Storm of Steel"],"picked":"SKIP","floor":12},{"not_picked":["Predator","Calculated Gamble"],"picked":"Dash","floor":13}],"player_experience":263671,"relics_obtained":[{"floor":6,"key":"Snake Skull"},{"floor":8,"key":"Tiny Chest"},{"floor":9,"key":"Shuriken"},{"floor":12,"key":"War Paint"}],"event_choices":[{"cards_removed":["Bane"],"damage_healed":0,"gold_gain":0,"player_choice":"Gave Card","damage_taken":0,"relics_obtained":["Pen Nib"],"max_hp_gain":0,"max_hp_loss":0,"event_name":"WeMeetAgain","floor":2,"gold_loss":0},{"damage_healed":0,"gold_gain":0,"player_choice":"Leave","damage_taken":0,"max_hp_gain":0,"max_hp_loss":0,"event_name":"The Cleric","floor":5,"gold_loss":0}],"is_beta":false,"boss_relics":[],"items_purged_floors":[10],"is_endless":false,"potions_floor_spawned":[6,11,12],"killed_by":"3 Sentries","ascension_level":18}}