{"host":"9zznonz1olisd4fd","time":1613226013,"event":{"mods":["BaseMod","Keyboard Shortcuts","Minty Spire (QoL Compilation)","StSLib","SuperFastMode"],"gold_per_floor":[113,263,263,275,275,275,275,275,275,306,231,246,171,182,182,253,253,268,288,300,159,159,159],"floor_reached":22,"language":"KOR","playtime":776,"items_purged":["Doubt","Strike_P"],"score":387,"play_id":"0ded4d13-d222-4c78-bde1-617cae6ef267","local_time":"20210213232013","is_ascension_mode":true,"campfire_choices":[{"data":"CutThroughFate","floor":6.0,"key":"SMITH"},{"floor":8.0,"key":"REST"},{"data":"EmptyFist","floor":15.0,"key":"SMITH"}],"circlet_count":0,"master_deck":["AscendersBane","Strike_P","Strike_P","Defend_P","Defend_P","Defend_P","Eruption+1","Vigilance","CutThroughFate+1","EmptyFist+1","InnerPeace","ForeignInfluence","MentalFortress"],"relics":["PureWater","NeowsBlessing","Potion Belt","Pantograph","Eternal Feather","VioletLotus"],"acts_visited":["Exordium","TheCity"],"potions_floor_usage":[22],"damage_taken":[{"damage":0.0,"enemies":"Small Slimes","floor":1.0,"turns":1.0},{"damage":0.0,"enemies":"2 Louse","floor":4.0,"turns":1.0},{"damage":0.0,"enemies":"Gremlin Nob","floor":10.0,"turns":1.0},{"damage":2.0,"enemies":"Cultist","floor":12.0,"turns":3.0},{"damage":0.0,"enemies":"Large Slime","floor":14.0,"turns":3.0},{"damage":44.0,"enemies":"The Guardian","floor":16.0,"turns":11.0},{"damage":1.0,"enemies":"2 Thieves","floor":18.0,"turns":4.0},{"damage":10.0,"enemies":"Spheric Guardian","floor":19.0,"turns":4.0},{"damage":24.0,"enemies":"3 Cultists","floor":20.0,"turns":4.0},{"damage":14,"enemies":"Cultist and Chosen","floor":22,"turns":5}],"seed_played":"-6753862015383800925","potions_obtained":[{"floor":4.0,"key":"PowerPotion"},{"floor":10.0,"key":"SkillPotion"},{"floor":19.0,"key":"BlessingOfTheForge"},{"floor":20.0,"key":"Weak Potion"}],"is_trial":false,"path_per_floor":["M","?","?","M","?","R","?","R","T","E","?","M","$","M","R","B",null,"M","M","M","$","M"],"character_chosen":"WATCHER","items_purchased":["MentalFortress"],"campfire_rested":1,"item_purchase_floors":[21],"current_hp_per_floor":[61,61,61,61,50,50,43,63,63,63,63,61,61,61,67,24,57,56,46,22,22,8,8],"gold":159,"neow_bonus":"THREE_ENEMY_KILL","is_daily":false,"chose_seed":false,"campfire_upgraded":2,"win_rate":0.0,"timestamp":1613226013,"path_taken":["M","?","?","?","?","R","?","R","T","E","?","M","$","M","R","BOSS","M","M","M","$","M"],"items_purchased_type":["Card"],"build_version":"2020-12-22","purchased_purges":2,"victory":false,"max_hp_per_floor":[68,68,68,68,68,68,68,68,68,68,68,68,68,68,68,68,68,68,68,68,68,68,68],"card_choices":[{"not_picked":["BowlingBash","BattleHymn"],"picked":"CutThroughFate","floor":1.0},{"not_picked":["DeceiveReality","WindmillStrike","CrushJoints"],"picked":"SKIP","floor":4.0},{"not_picked":["SashWhip","Tantrum"],"picked":"EmptyFist","floor":10.0},{"not_picked":["FlyingSleeves","ClearTheMind"],"picked":"InnerPeace","floor":12.0},{"not_picked":["DeceiveReality","EmptyFist","BowlingBash"],"picked":"SKIP","floor":14.0},{"not_picked":["Nirvana","FlurryOfBlows"],"picked":"ForeignInfluence","floor":18.0},{"not_picked":["Consecrate","Sanctity","JustLucky"],"picked":"SKIP","floor":19.0},{"not_picked":["Protect","EmptyFist","CarveReality"],"picked":"SKIP","floor":20.0}],"player_experience":534137,"relics_obtained":[{"floor":9.0,"key":"Pantograph"},{"floor":10.0,"key":"Eternal Feather"}],"event_choices":[{"damage_healed":0.0,"max_hp_gain":0.0,"max_hp_loss":0.0,"gold_gain":150.0,"event_name":"Liars Game","player_choice":"AGREE","floor":2.0,"gold_loss":0.0,"damage_taken":0.0,"cards_obtained":["Doubt"]},{"damage_healed":0.0,"max_hp_gain":0.0,"max_hp_loss":0.0,"gold_gain":0.0,"event_name":"Accursed Blacksmith","player_choice":"Forge","floor":3.0,"gold_loss":0.0,"damage_taken":0.0,"cards_upgraded":["Eruption"]},{"damage_healed":0.0,"max_hp_gain":0.0,"max_hp_loss":0.0,"gold_gain":0.0,"event_name":"Scrap Ooze","player_choice":"Success","floor":5.0,"gold_loss":0.0,"damage_taken":11.0,"relics_obtained":["Potion Belt"]},{"cards_removed":["Strike_P"],"damage_healed":0.0,"max_hp_gain":0.0,"max_hp_loss":0.0,"gold_gain":0.0,"event_name":"Golden Wing","player_choice":"Card Removal","floor":7.0,"gold_loss":0.0,"damage_taken":7.0},{"cards_removed":["Defend_P"],"damage_healed":0.0,"max_hp_gain":0.0,"max_hp_loss":0.0,"gold_gain":0.0,"event_name":"The Cleric","player_choice":"Card Removal","floor":11.0,"gold_loss":75.0,"damage_taken":0.0}],"is_beta":false,"boss_relics":[{"not_picked":["Cursed Key","Velvet Choker"],"picked":"VioletLotus"}],"items_purged_floors":[13,21],"is_endless":false,"potions_floor_spawned":[4,10,19,20],"killed_by":"Cultist and Chosen","ascension_level":17}}