{"host":"t7mx8yfj1no5p62f","time":1613238601,"event":{"mods":["BaseMod","Colored Map","Colored Powertips","Curses Come First","Minty Spire (QoL Compilation)","Relic Stats","StSLib"],"gold_per_floor":[13,31,51,126,126,126,136,166,191,256,256,276,294,309,309,309,309],"floor_reached":16,"language":"ENG","playtime":491,"items_purged":[],"score":208,"play_id":"f1c67d7e-2873-418a-aa71-aaf573bf56ee","local_time":"20210213125001","is_ascension_mode":true,"campfire_choices":[{"data":"Dagger Throw","floor":6,"key":"SMITH"},{"data":"Doppelganger","floor":11,"key":"SMITH"},{"floor":15,"key":"REST"}],"circlet_count":0,"master_deck":["AscendersBane","Strike_G","Strike_G","Strike_G","Strike_G","Strike_G","Defend_G","Defend_G","Defend_G","Defend_G","Defend_G","Survivor","Neutralize+1","Doppelganger+1","Dagger Throw+1","Terror+1","Calculated Gamble","Reflex+1","Backstab+1","Dash","Footwork","Well Laid Plans"],"relics":["Ring of the Snake","Whetstone","War Paint"],"acts_visited":["Exordium"],"potions_floor_usage":[8,8,16],"damage_taken":[{"damage":8,"enemies":"Small Slimes","floor":1,"turns":6},{"damage":0,"enemies":"Cultist","floor":2,"turns":4},{"damage":0,"enemies":"2 Louse","floor":3,"turns":3},{"damage":10,"enemies":"Red Slaver","floor":7,"turns":5},{"damage":17,"enemies":"Lagavulin","floor":8,"turns":6},{"damage":1,"enemies":"Looter","floor":12,"turns":3},{"damage":0,"enemies":"Blue Slaver","floor":13,"turns":3},{"damage":9,"enemies":"Large Slime","floor":14,"turns":7},{"damage":52,"enemies":"Slime Boss","floor":16,"turns":7}],"seed_played":"2530730985504626065","potions_obtained":[{"floor":3,"key":"SteroidPotion"},{"floor":5,"key":"Swift Potion"},{"floor":7,"key":"Regen Potion"},{"floor":8,"key":"Poison Potion"},{"floor":12,"key":"SkillPotion"},{"floor":14,"key":"AttackPotion"}],"is_trial":false,"path_per_floor":["M","M","M","?","?","R","M","E","T","?","R","M","M","M","R","B"],"character_chosen":"THE_SILENT","items_purchased":[],"campfire_rested":1,"item_purchase_floors":[],"current_hp_per_floor":[51,51,51,40,40,40,30,28,28,28,28,27,27,18,37,0,0],"gold":309,"neow_bonus":"THREE_RARE_CARDS","is_daily":false,"chose_seed":false,"campfire_upgraded":2,"win_rate":0.0,"timestamp":1613238601,"path_taken":["M","M","M","?","?","R","?","E","T","?","R","M","M","M","R","BOSS"],"items_purchased_type":[],"build_version":"2020-12-22","purchased_purges":0,"victory":false,"max_hp_per_floor":[66,66,66,66,66,66,66,66,66,66,66,66,66,66,66,66,66],"relic_stats":{"counters":[9,44],"Whetstone":["Backstab","Neutralize"],"War Paint":["Terror","Reflex"],"obtain_stats":[{"Whetstone":8,"War Paint":9,"Ring of the Snake":0},{"Whetstone":5,"War Paint":5,"Ring of the Snake":0},{"Whetstone":24,"War Paint":24,"Ring of the Snake":0}],"Ring of the Snake":[18]},"card_choices":[{"not_picked":["Malaise","Burst"],"picked":"Doppelganger","floor":0},{"not_picked":["Crippling Poison","PiercingWail"],"picked":"Dagger Throw","floor":1},{"not_picked":["Leg Sweep","Bouncing Flask"],"picked":"Terror","floor":2},{"not_picked":["Escape Plan","Deadly Poison"],"picked":"Calculated Gamble","floor":3},{"not_picked":["Catalyst","Tactician"],"picked":"Reflex","floor":7},{"not_picked":["Quick Slash","Acrobatics"],"picked":"Backstab","floor":8},{"not_picked":["Choke","Predator"],"picked":"Dash","floor":12},{"not_picked":["PiercingWail","Poisoned Stab"],"picked":"Footwork","floor":13},{"not_picked":["Cloak And Dagger","Calculated Gamble"],"picked":"Well Laid Plans","floor":14}],"player_experience":1962471,"relics_obtained":[{"floor":8,"key":"Whetstone"},{"floor":9,"key":"War Paint"}],"event_choices":[{"damage_healed":0,"gold_gain":75,"player_choice":"Gather Gold","damage_taken":11,"max_hp_gain":0,"max_hp_loss":0,"event_name":"World of Goop","floor":4,"gold_loss":0},{"damage_healed":0,"gold_gain":0,"player_choice":"Got Potions","damage_taken":0,"max_hp_gain":0,"max_hp_loss":0,"event_name":"Lab","floor":5,"gold_loss":0},{"damage_healed":0,"gold_gain":65,"player_choice":"Gained Gold","damage_taken":0,"max_hp_gain":0,"max_hp_loss":0,"event_name":"Golden Wing","floor":10,"gold_loss":0}],"is_beta":false,"boss_relics":[],"items_purged_floors":[],"is_endless":false,"potions_floor_spawned":[3,7,8,12,14],"killed_by":"Slime Boss","ascension_level":20}}