{"host":"ypphcgdomtfqpc2w","time":1613232511,"event":{"mods":["BaseMod","Minty Spire (QoL Compilation)","StSLib"],"gold_per_floor":[117,136,147,147,72,72,92,17,41,54,83,83,116,135,135,206,206,226,246,258,278,278,278,312,312,312,46,58,58,72,107,107,182,182,193,1,12,30,30,30,61,75,75,93,93,118,118,136,136,136,136,136,136,47,75,75],"floor_reached":57,"language":"ENG","playtime":6641,"items_purged":["Strike_G","Strike_G"],"score":2676,"play_id":"4b2ec3ac-3a97-48cd-bd37-72f98ffe3ec3","local_time":"20210214010831","is_ascension_mode":true,"campfire_choices":[{"data":"Predator","floor":6.0,"key":"SMITH"},{"data":"Neutralize","floor":12.0,"key":"SMITH"},{"data":"Prepared","floor":15.0,"key":"SMITH"},{"data":"A Thousand Cuts","floor":23.0,"key":"SMITH"},{"data":"After Image","floor":25.0,"key":"SMITH"},{"floor":32.0,"key":"REST"},{"data":"Acrobatics","floor":40.0,"key":"SMITH"},{"floor":45,"key":"RECALL"},{"data":"Calculated Gamble","floor":49,"key":"SMITH"},{"data":"Reflex","floor":53,"key":"SMITH"}],"circlet_count":0,"master_deck":["AscendersBane","Strike_G","Defend_G","Defend_G","Defend_G","Survivor","Neutralize+1","Blade Dance","Predator+1","Backstab","After Image+1","Endless Agony","Acrobatics+1","Deadly Poison","Prepared+1","A Thousand Cuts+1","Leg Sweep","Concentrate+1","Cloak And Dagger","Malaise","Accuracy","Tools of the Trade","Envenom","Reflex+1","PiercingWail","Acrobatics","Venomology","Blur","Footwork+1","Calculated Gamble+1","Footwork","Backflip"],"relics":["Ring of the Snake","PreservedInsect","Art of War","Paper Crane","Philosopher\u0027s Stone","Toy Ornithopter","TungstenRod","ClockworkSouvenir","Orichalcum","SlaversCollar","TwistedFunnel","Darkstone Periapt","The Specimen","Oddly Smooth Stone"],"acts_visited":["Exordium","TheCity","TheBeyond","TheEnding"],"potions_floor_usage":[44,44,46,48,50,51,55,56,56,56],"damage_taken":[{"damage":0.0,"enemies":"Small Slimes","floor":1.0,"turns":4.0},{"damage":1.0,"enemies":"2 Louse","floor":2.0,"turns":4.0},{"damage":0.0,"enemies":"Jaw Worm","floor":3.0,"turns":3.0},{"damage":5.0,"enemies":"Gremlin Gang","floor":7.0,"turns":5.0},{"damage":0.0,"enemies":"Exordium Wildlife","floor":10.0,"turns":3.0},{"damage":0.0,"enemies":"3 Sentries","floor":11.0,"turns":4.0},{"damage":0.0,"enemies":"Gremlin Nob","floor":13.0,"turns":2.0},{"damage":0.0,"enemies":"Lots of Slimes","floor":14.0,"turns":3.0},{"damage":1.0,"enemies":"The Guardian","floor":16.0,"turns":11.0},{"damage":5.0,"enemies":"2 Thieves","floor":18.0,"turns":2.0},{"damage":9.0,"enemies":"3 Byrds","floor":19.0,"turns":4.0},{"damage":4.0,"enemies":"Snecko","floor":20.0,"turns":7.0},{"damage":21.0,"enemies":"Shelled Parasite and Fungi","floor":21.0,"turns":3.0},{"damage":0.0,"enemies":"Sentry and Sphere","floor":22.0,"turns":3.0},{"damage":11.0,"enemies":"Slavers","floor":24.0,"turns":6.0},{"damage":0.0,"enemies":"Snake Plant","floor":28.0,"turns":4.0},{"damage":0.0,"enemies":"Centurion and Healer","floor":30.0,"turns":4.0},{"damage":1.0,"enemies":"Gremlin Leader","floor":31.0,"turns":3.0},{"damage":14.0,"enemies":"Automaton","floor":33.0,"turns":11.0},{"damage":20.0,"enemies":"3 Darklings","floor":35.0,"turns":5.0},{"damage":1.0,"enemies":"3 Shapes","floor":37.0,"turns":6.0},{"damage":11.0,"enemies":"Sphere and 2 Shapes","floor":38.0,"turns":6.0},{"damage":1.0,"enemies":"Giant Head","floor":41.0,"turns":5.0},{"damage":19.0,"enemies":"3 Darklings","floor":42.0,"turns":4.0},{"damage":13,"enemies":"Transient","floor":44,"turns":6},{"damage":0,"enemies":"Mind Bloom Boss Battle","floor":46,"turns":6},{"damage":0,"enemies":"Maw","floor":48,"turns":7},{"damage":1,"enemies":"Awakened One","floor":50,"turns":18},{"damage":8,"enemies":"Time Eater","floor":51,"turns":18},{"damage":21,"enemies":"Shield and Spear","floor":55,"turns":8},{"damage":23,"enemies":"The Heart","floor":56,"turns":13}],"seed_played":"-8878203037389637773","potions_obtained":[{"floor":2.0,"key":"GhostInAJar"},{"floor":7.0,"key":"DuplicationPotion"},{"floor":11.0,"key":"Regen Potion"},{"floor":19.0,"key":"CunningPotion"},{"floor":21.0,"key":"SmokeBomb"},{"floor":24.0,"key":"Fire Potion"},{"floor":33.0,"key":"Explosive Potion"},{"floor":35.0,"key":"EntropicBrew"},{"floor":42.0,"key":"ColorlessPotion"},{"floor":46,"key":"Fire Potion"}],"is_trial":false,"path_per_floor":["M","M","M","?","?","R","M","$","T","M","E","R","E","M","R","B",null,"M","M","M","M","M","R","E","R","T","$","M","?","M","E","R","B",null,"M","$","M","M","?","R","E","M","T","M","R","?","?","M","R","B","B",null,"R","$","E","B",null],"character_chosen":"THE_SILENT","items_purchased":["ClockworkSouvenir","PiercingWail","TwistedFunnel","Footwork"],"campfire_rested":1,"item_purchase_floors":[27,36,36,54],"current_hp_per_floor":[59,58,58,51,51,51,46,46,46,46,46,46,46,46,46,45,56,51,42,53,32,32,32,21,21,21,21,21,6,6,10,29,15,53,33,33,37,36,36,36,35,21,21,18,18,23,53,53,53,52,45,51,51,51,32,24],"gold":75,"neow_bonus":"REMOVE_TWO","is_daily":false,"chose_seed":false,"campfire_upgraded":8,"win_rate":0.0,"timestamp":1613232511,"path_taken":["M","M","M","?","?","R","M","?","T","M","E","R","E","M","R","BOSS","M","?","M","M","?","R","E","R","T","$","M","?","M","E","R","BOSS","M","$","M","M","?","R","E","M","T","?","R","?","?","M","R","BOSS","BOSS","R","$","E","BOSS"],"items_purchased_type":["Relic","Card","Relic","Card"],"build_version":"2020-12-22","purchased_purges":2,"victory":true,"max_hp_per_floor":[60,60,60,60,60,60,60,60,60,60,60,60,60,60,60,60,60,60,60,60,60,60,60,60,60,60,60,60,65,65,65,65,65,65,65,65,65,65,65,65,65,65,65,65,65,65,53,53,53,53,53,53,53,53,53,53],"card_choices":[{"not_picked":["Quick Slash","Deadly Poison"],"picked":"Blade Dance","floor":1.0},{"not_picked":["PiercingWail","Sucker Punch"],"picked":"Predator","floor":2.0},{"not_picked":["PiercingWail","Sucker Punch"],"picked":"Backstab","floor":3.0},{"not_picked":["Flechettes","Dagger Throw"],"picked":"After Image","floor":7.0},{"not_picked":["Caltrops","Dodge and Roll"],"picked":"Endless Agony","floor":10.0},{"not_picked":["Quick Slash","Dodge and Roll"],"picked":"Acrobatics","floor":11.0},{"not_picked":["Dodge and Roll","Flying Knee"],"picked":"Deadly Poison","floor":13.0},{"not_picked":["Concentrate","Expertise"],"picked":"Prepared","floor":14.0},{"not_picked":["Venomology","Storm of Steel"],"picked":"A Thousand Cuts","floor":16.0},{"not_picked":["Distraction","Underhanded Strike"],"picked":"Leg Sweep","floor":18.0},{"not_picked":["Bane","Prepared","Predator"],"picked":"SKIP","floor":19.0},{"not_picked":["Terror+1","Slice"],"picked":"Concentrate+1","floor":20.0},{"not_picked":["Predator","Poisoned Stab"],"picked":"Cloak And Dagger","floor":21.0},{"not_picked":["Quick Slash","Dodge and Roll"],"picked":"Malaise","floor":24.0},{"not_picked":["Blade Dance","Poisoned Stab"],"picked":"Accuracy","floor":28.0},{"not_picked":["Deadly Poison","Cloak And Dagger","Infinite Blades"],"picked":"SKIP","floor":30.0},{"not_picked":["Prepared","Dodge and Roll"],"picked":"Tools of the Trade","floor":31.0},{"not_picked":["Wraith Form v2","Doppelganger"],"picked":"Envenom","floor":33.0},{"not_picked":["Deflect","Footwork+1"],"picked":"Reflex","floor":35.0},{"not_picked":["Masterful Stab+1","Quick Slash+1","Cloak And Dagger"],"picked":"SKIP","floor":37.0},{"not_picked":["Prepared","Bane"],"picked":"Acrobatics","floor":38.0},{"not_picked":["Blade Dance","Dagger Spray"],"picked":"Venomology","floor":41.0},{"not_picked":["Bouncing Flask","PiercingWail"],"picked":"Blur","floor":42.0},{"not_picked":["Choke","Dash","Acrobatics"],"picked":"SKIP","floor":44},{"not_picked":["Bane","Choke"],"picked":"Footwork+1","floor":46},{"not_picked":["Quick Slash","Unload"],"picked":"Calculated Gamble","floor":48},{"not_picked":["Eviscerate+1","Leg Sweep"],"picked":"Backflip","floor":55}],"player_experience":2178016,"relics_obtained":[{"floor":9.0,"key":"PreservedInsect"},{"floor":11.0,"key":"Art of War"},{"floor":13.0,"key":"Paper Crane"},{"floor":24.0,"key":"Toy Ornithopter"},{"floor":26.0,"key":"TungstenRod"},{"floor":31.0,"key":"Orichalcum"},{"floor":41.0,"key":"Darkstone Periapt"},{"floor":46,"key":"The Specimen"},{"floor":55,"key":"Oddly Smooth Stone"}],"event_choices":[{"cards_removed":["Defend_G"],"damage_healed":0.0,"max_hp_gain":0.0,"max_hp_loss":0.0,"gold_gain":0.0,"event_name":"Golden Wing","player_choice":"Card Removal","floor":4.0,"gold_loss":0.0,"damage_taken":7.0},{"cards_removed":["Strike_G"],"damage_healed":0.0,"max_hp_gain":0.0,"max_hp_loss":0.0,"gold_gain":0.0,"event_name":"The Cleric","player_choice":"Card Removal","floor":5.0,"gold_loss":75.0,"damage_taken":0.0},{"damage_healed":0.0,"max_hp_gain":5.0,"max_hp_loss":0.0,"gold_gain":0.0,"event_name":"Forgotten Altar","player_choice":"Shed Blood","floor":29.0,"gold_loss":0.0,"damage_taken":21.0},{"damage_healed":0.0,"max_hp_gain":0.0,"max_hp_loss":0.0,"gold_gain":0.0,"event_name":"SecretPortal","player_choice":"Ignored","floor":39.0,"gold_loss":0.0,"damage_taken":0.0},{"damage_healed":0,"gold_gain":0,"player_choice":"Fight","damage_taken":0,"max_hp_gain":0,"max_hp_loss":0,"event_name":"MindBloom","floor":46,"gold_loss":0},{"damage_healed":53,"gold_gain":0,"player_choice":"Heal","damage_taken":0,"max_hp_gain":0,"max_hp_loss":12,"event_name":"The Moai Head","floor":47,"gold_loss":0}],"is_beta":false,"boss_relics":[{"not_picked":["Snecko Eye","Sozu"],"picked":"Philosopher\u0027s Stone"},{"not_picked":["Black Star","SacredBark"],"picked":"SlaversCollar"}],"items_purged_floors":[8,27],"is_endless":false,"potions_floor_spawned":[2,7,10,11,16,19,21,24,33,35,42,46],"ascension_level":20}}