{"host":"7l2t4psy44vpcd9q","time":1613227726,"event":{"mods":["AchievementEnabler","BaseMod","DeckTracker","Minty Spire (QoL Compilation)","SuperFastMode"],"gold_per_floor":[109,109,129,129,147,147,158,158,208,208,225,242,242,257,257,335,335,346,363,29,29,40,40,40,40],"floor_reached":24,"language":"KOR","playtime":657,"items_purged":["Strike_R"],"score":380,"play_id":"55f6fff0-a279-475a-99f5-994dbca2d0ac","local_time":"20210213234846","is_ascension_mode":true,"campfire_choices":[{"data":"Uppercut","floor":6.0,"key":"SMITH"},{"floor":8.0,"key":"REST"},{"data":"Entrench","floor":13,"key":"SMITH"},{"data":"Flex","floor":15,"key":"SMITH"},{"data":"Juggernaut","floor":23,"key":"SMITH"}],"circlet_count":0,"master_deck":["AscendersBane","Strike_R","Strike_R","Strike_R+1","Defend_R","Defend_R","Defend_R","Defend_R","Bash","Twin Strike+1","Uppercut+1","Cleave","Ghostly Armor","Entrench+1","Flex+1","Disarm","Juggernaut+1","Shrug It Off+1","Feed","Feel No Pain"],"relics":["Burning Blood","Pen Nib","Happy Flower","Mark of Pain","Lee\u0027s Waffle"],"acts_visited":["Exordium","TheCity"],"potions_floor_usage":[18,22,22],"damage_taken":[{"damage":10.0,"enemies":"Small Slimes","floor":1.0,"turns":5.0},{"damage":9.0,"enemies":"2 Louse","floor":3.0,"turns":3.0},{"damage":1.0,"enemies":"Cultist","floor":5.0,"turns":3.0},{"damage":8.0,"enemies":"Blue Slaver","floor":7.0,"turns":4.0},{"damage":5,"enemies":"Gremlin Gang","floor":11,"turns":3},{"damage":7,"enemies":"Large Slime","floor":12,"turns":4},{"damage":8,"enemies":"Blue Slaver","floor":14,"turns":3},{"damage":12,"enemies":"The Guardian","floor":16,"turns":11},{"damage":44,"enemies":"3 Byrds","floor":18,"turns":6},{"damage":14,"enemies":"Shell Parasite","floor":19,"turns":5},{"damage":31,"enemies":"Shelled Parasite and Fungi","floor":22,"turns":8},{"damage":52,"enemies":"Slavers","floor":24,"turns":4}],"seed_played":"5241292679158129321","potions_obtained":[{"floor":7.0,"key":"SpeedPotion"},{"floor":12,"key":"BlessingOfTheForge"},{"floor":18,"key":"Weak Potion"}],"is_trial":false,"path_per_floor":["M","?","M","?","M","R","M","R","T","?","M","M","R","M","R","B",null,"M","M","$","?","M","R","E"],"character_chosen":"IRONCLAD","items_purchased":["Lee\u0027s Waffle","Feed"],"campfire_rested":1,"item_purchase_floors":[20,20],"current_hp_per_floor":[71,53,50,25,30,30,28,52,52,52,53,52,52,50,50,44,73,35,27,89,83,58,58,6,6],"gold":40,"neow_bonus":"TEN_PERCENT_HP_BONUS","is_daily":false,"chose_seed":false,"campfire_upgraded":4,"win_rate":0.0,"timestamp":1613227726,"path_taken":["M","?","M","?","M","R","M","R","T","?","?","M","R","M","R","BOSS","M","M","$","?","M","R","E"],"items_purchased_type":["Relic","Card"],"build_version":"2020-12-22","purchased_purges":1,"victory":false,"max_hp_per_floor":[82,82,82,82,82,82,82,82,82,82,82,82,82,82,82,82,82,82,82,89,89,89,89,89,89],"card_choices":[{"not_picked":["Warcry","Headbutt"],"picked":"Twin Strike","floor":1.0},{"not_picked":["Pommel Strike","Feel No Pain"],"picked":"Uppercut","floor":3.0},{"not_picked":["Thunderclap","Metallicize"],"picked":"Cleave","floor":5.0},{"not_picked":["Thunderclap","Pommel Strike"],"picked":"Ghostly Armor","floor":7.0},{"not_picked":["Sword Boomerang","Uppercut"],"picked":"Entrench","floor":11},{"not_picked":["Offering","Warcry"],"picked":"Flex","floor":12},{"not_picked":["Havoc","Uppercut"],"picked":"Disarm","floor":14},{"not_picked":["Fiend Fire","Double Tap"],"picked":"Juggernaut","floor":16},{"not_picked":["Warcry","Twin Strike"],"picked":"Shrug It Off+1","floor":18},{"not_picked":["Havoc","Flex","Warcry"],"picked":"SKIP","floor":19},{"not_picked":["Thunderclap+1","Evolve"],"picked":"Feel No Pain","floor":22}],"player_experience":1296542,"relics_obtained":[{"floor":9.0,"key":"Happy Flower"}],"event_choices":[{"damage_healed":0.0,"max_hp_gain":0.0,"max_hp_loss":0.0,"gold_gain":0.0,"event_name":"Scrap Ooze","player_choice":"Success","floor":2.0,"gold_loss":0.0,"damage_taken":18.0,"relics_obtained":["Pen Nib"]},{"damage_healed":0.0,"max_hp_gain":0.0,"max_hp_loss":0.0,"gold_gain":0.0,"event_name":"Shining Light","player_choice":"Entered Light","floor":4.0,"gold_loss":0.0,"damage_taken":25.0,"cards_upgraded":["Twin Strike","Strike_R"]},{"cards_removed":["Strike_R"],"damage_healed":0,"gold_gain":0,"player_choice":"Purged","damage_taken":0,"max_hp_gain":0,"max_hp_loss":0,"event_name":"Purifier","floor":10,"gold_loss":0},{"damage_healed":0,"gold_gain":0,"player_choice":"","damage_taken":6,"max_hp_gain":0,"max_hp_loss":0,"event_name":"Knowing Skull","floor":21,"potions_obtained":[],"gold_loss":0,"cards_obtained":[]}],"is_beta":false,"boss_relics":[{"not_picked":["Pandora\u0027s Box","Snecko Eye"],"picked":"Mark of Pain"}],"items_purged_floors":[20],"is_endless":false,"potions_floor_spawned":[7,12,16,18,19],"killed_by":"Slavers","ascension_level":20}}