{"host":"Joey","time":1613244535,"event":{"mods":["2.2 Compatiblity","BaseMod","Colored Map","Minty Spire (QoL Compilation)","Permanent Neow","Rare Cards Sparkle","Reliquary","StSLib"],"gold_per_floor":[18,18,68,82,92,92,103,136,161,161,205,205,219,250,250,250,250],"floor_reached":16,"language":"ENG","playtime":643,"items_purged":[],"score":240,"play_id":"50f4a57a-b63a-4ebb-b536-98b3e530c0ae","local_time":"20210213192855","is_ascension_mode":true,"campfire_choices":[{"data":"Neutralize","floor":6.0,"key":"SMITH"},{"data":"A Thousand Cuts","floor":15,"key":"SMITH"}],"circlet_count":0,"master_deck":["AscendersBane","Strike_G","Strike_G","Strike_G","Strike_G","Defend_G","Defend_G","Defend_G","Survivor","Neutralize+1","Deadly Poison","Calculated Gamble","Deadly Poison","Cloak And Dagger","Deadly Poison","Dagger Spray","A Thousand Cuts+1","Bouncing Flask"],"relics":["Ring of the Snake","Tiny Chest","Omamori","Golden Idol","Smiling Mask","reliquary:Knoch","reliquary:SilkGlove"],"acts_visited":["Exordium"],"potions_floor_usage":[14],"damage_taken":[{"damage":0.0,"enemies":"Jaw Worm","floor":1.0,"turns":4.0},{"damage":0.0,"enemies":"2 Louse","floor":4.0,"turns":3.0},{"damage":1.0,"enemies":"Cultist","floor":5.0,"turns":3.0},{"damage":0.0,"enemies":"3 Louse","floor":7.0,"turns":1.0},{"damage":9.0,"enemies":"Lagavulin","floor":8.0,"turns":5.0},{"damage":2.0,"enemies":"Gremlin Nob","floor":11.0,"turns":3.0},{"damage":3.0,"enemies":"Looter","floor":13.0,"turns":3.0},{"damage":27,"enemies":"3 Sentries","floor":14,"turns":5},{"damage":27,"enemies":"The Guardian","floor":16,"turns":2}],"seed_played":"-463268032853581011","potions_obtained":[{"floor":1.0,"key":"CunningPotion"},{"floor":5.0,"key":"AttackPotion"},{"floor":8.0,"key":"DuplicationPotion"}],"is_trial":false,"path_per_floor":["M","?","?","M","M","R","M","E","T","?","E","?","M","E","R","B"],"character_chosen":"THE_SILENT","items_purchased":[],"campfire_rested":0,"item_purchase_floors":[],"current_hp_per_floor":[59,59,59,59,58,58,58,49,49,49,47,47,44,17,17,0,0],"gold":250,"neow_bonus":"TRANSFORM_TWO_CARDS","is_daily":false,"chose_seed":false,"campfire_upgraded":2,"win_rate":0.0,"timestamp":1613244535,"path_taken":["M","?","?","M","?","R","M","E","T","?","E","?","?","E","R","BOSS"],"items_purchased_type":[],"build_version":"2020-12-18","purchased_purges":0,"victory":false,"max_hp_per_floor":[66,66,66,66,66,66,66,66,66,66,66,66,66,66,66,66,66],"card_choices":[{"not_picked":["Terror","Sucker Punch"],"picked":"Deadly Poison","floor":1.0},{"not_picked":["Quick Slash","Choke","Bane"],"picked":"SKIP","floor":4.0},{"not_picked":["Deflect","Dash"],"picked":"Deadly Poison","floor":5.0},{"not_picked":["Quick Slash","Sucker Punch"],"picked":"Dagger Spray","floor":7.0},{"not_picked":["Infinite Blades","Blade Dance","Quick Slash"],"picked":"SKIP","floor":8.0},{"not_picked":["Sucker Punch","Backstab"],"picked":"A Thousand Cuts","floor":11.0},{"not_picked":["Deadly Poison","Dodge and Roll"],"picked":"Bouncing Flask","floor":13.0},{"not_picked":["Poisoned Stab","Choke","Flechettes"],"picked":"SKIP","floor":14}],"player_experience":914896,"relics_obtained":[{"floor":8.0,"key":"Tiny Chest"},{"floor":9.0,"key":"Omamori"},{"floor":11.0,"key":"Smiling Mask"},{"floor":12.0,"key":"reliquary:Knoch"},{"floor":14,"key":"reliquary:SilkGlove"}],"event_choices":[{"damage_healed":0.0,"max_hp_gain":0.0,"max_hp_loss":0.0,"gold_gain":0.0,"cards_transformed":["Strike_G"],"event_name":"Living Wall","player_choice":"Change","floor":2.0,"gold_loss":0.0,"damage_taken":0.0,"cards_obtained":["Cloak And Dagger"]},{"damage_healed":0.0,"max_hp_gain":0.0,"max_hp_loss":0.0,"gold_gain":50.0,"event_name":"Golden Shrine","player_choice":"Pray","floor":3.0,"gold_loss":0.0,"damage_taken":0.0},{"damage_healed":0.0,"max_hp_gain":0.0,"max_hp_loss":0.0,"gold_gain":0.0,"event_name":"Golden Idol","player_choice":"Take Wound","floor":10.0,"gold_loss":0.0,"damage_taken":0.0,"relics_obtained":["Golden Idol"],"cards_obtained":["Injury"]},{"damage_healed":0.0,"max_hp_gain":0.0,"max_hp_loss":0.0,"gold_gain":0.0,"event_name":"Wheel of Change","player_choice":"Relic","floor":12.0,"gold_loss":0.0,"damage_taken":0.0}],"is_beta":true,"boss_relics":[],"items_purged_floors":[],"is_endless":false,"potions_floor_spawned":[1,5,8],"killed_by":"The Guardian","ascension_level":20}}