{"host":"cepa1iaiubs928mn","time":1613242000,"event":{"mods":["Bard","BaseMod","Beaked The Cultist","Conspire","Gremlin Mod","Hermit","Hubris","KinomotoSakuraMod(ÙÊñýÜâ?)","Luminous","Marisa£¨Ùöéë¡¡Øª×âÞÞ£©","Mimic Mod","Minty Spire (QoL Compilation)","Quick Restart","Replay The Spire","Robot Space Explorer","Shop Mod","StSLib","Td1madao Mod","The Animator","The Bladedancer","The Bug Knight","The Construct","The Cursed","The Disciple","The Dragon Tamer","The Gatherer","The Hierophant","The Mystic","The Necromancer","The Poker Player","The Runesmith","The Senshi","The Servant 0.9.4","The Witch","Waifu the Spire","Youmu£¨ûëÛÞèí?£©","Yuri Mod"],"gold_per_floor":[112,112,132,132,132,132,57,92,92,104,104,124,124,124,135,149,149,246,246,259,275,54,54,54,54,86,86,86,86,86,103,121,71,71,71,71],"floor_reached":35,"language":"KOR","playtime":1458,"items_purged":["construct:Strike_Gold","construct:DefenseMode"],"score":300,"play_id":"8c146f0f-a7ab-4bf1-b705-85424d966f11","local_time":"20210214034640","is_ascension_mode":false,"campfire_choices":[{"data":"construct:Autoturret","floor":9.0,"key":"SMITH"},{"data":"construct:LaserCore","floor":14.0,"key":"SMITH"},{"floor":17.0,"key":"REST"},{"data":"construct:ClockworkEgg+1","floor":25.0,"key":"SMITH"},{"data":"construct:ClockworkEgg+2","floor":27.0,"key":"SMITH"},{"data":"construct:AttackMode","floor":29.0,"key":"SMITH"},{"floor":34,"key":"REST"}],"circlet_count":0,"master_deck":["construct:Strike_Gold+1","construct:Strike_Gold+1","construct:Strike_Gold+1","construct:Strike_Gold+1","construct:Defend_Gold","construct:Defend_Gold","construct:Defend_Gold","construct:Defend_Gold","construct:AttackMode+1","construct:Stasis","construct:Autoturret+1","construct:LaserCore+1","construct:FlameCore","construct:ScopeCore+1","construct:Autoturret+1","construct:PointDefense+1","construct:PointDefense+1"],"relics":["NeowsBlessing","Replay:Antivirus Software","Pen Nib","Golden Egg","Bronze Scales","Replay:Bottled Eggs","Molten Egg 2","Toxic Egg 2","Frozen Egg 2","construct:ClockworkPhoenix"],"acts_visited":["Exordium","TheCity"],"potions_floor_usage":[32,35],"damage_taken":[{"damage":0.0,"enemies":"conspire:RoseBush","floor":1.0,"turns":1.0},{"damage":0.0,"enemies":"Cultist","floor":3.0,"turns":1.0},{"damage":0.0,"enemies":"Gremlin Nob","floor":8.0,"turns":3.0},{"damage":9.0,"enemies":"2 Louse","floor":10.0,"turns":3.0},{"damage":15.0,"enemies":"Blue Slaver","floor":12.0,"turns":4.0},{"damage":14.0,"enemies":"conspire:2 RoseBushes","floor":15.0,"turns":4.0},{"damage":4.0,"enemies":"2 Fungi Beasts","floor":16.0,"turns":4.0},{"damage":45.0,"enemies":"Fading Forest","floor":18.0,"turns":11.0},{"damage":20.0,"enemies":"conspire:FuzzyDice","floor":20.0,"turns":8.0},{"damage":10.0,"enemies":"Chosen","floor":21.0,"turns":4.0},{"damage":10.0,"enemies":"conspire:Head Lice","floor":26.0,"turns":5.0},{"damage":37,"enemies":"Snake Plant","floor":31,"turns":3},{"damage":22,"enemies":"Snecko","floor":32,"turns":5},{"damage":58,"enemies":"Automaton","floor":35,"turns":6}],"seed_played":"-3269633864487733446","potions_obtained":[{"floor":1.0,"key":"BlessingOfTheForge"},{"floor":10.0,"key":"SpeedPotion"},{"floor":16.0,"key":"SkillPotion"},{"floor":20.0,"key":"FearPotion"},{"floor":21.0,"key":"Death Potion"},{"floor":31,"key":"Languid Potion"}],"is_trial":false,"path_per_floor":["M","?","M","?","PTL","PTL","$","E","R","M","T","M","?","R","M","M","R","B",null,"M","M","$","?","?","R","E","R","T","R","$","M","M","$","R","B"],"character_chosen":"THE_CONSTRUCT_MOD","items_purchased":["construct:ScopeCore","construct:Autoturret","AttackPotion"],"campfire_rested":2,"item_purchase_floors":[22,22,33],"current_hp_per_floor":[85,85,85,85,85,85,85,85,85,76,76,61,61,61,47,43,68,33,85,65,55,55,55,83,83,73,73,73,73,73,36,14,14,39,0,0],"gold":71,"neow_bonus":"THREE_ENEMY_KILL","is_daily":false,"chose_seed":false,"campfire_upgraded":5,"win_rate":0.0,"timestamp":1613242000,"path_taken":["M","?","M","?","PTL","PTL","$","E","R","M","T","M","?","R","M","?","R","BOSS","M","M","$","?","?","R","E","R","T","R","$","M","M","$","R","BOSS"],"items_purchased_type":["Card","Card","Potion"],"build_version":"2020-12-22","purchased_purges":2,"victory":false,"max_hp_per_floor":[85,85,85,85,85,85,85,85,85,85,85,85,85,85,85,85,85,85,85,85,85,85,85,85,85,85,85,85,85,85,85,85,85,85,85,85],"card_choices":[{"not_picked":["construct:ShiftStrike","construct:FierceBash"],"picked":"construct:Stasis","floor":1.0},{"not_picked":["construct:Reinforce","construct:VentSteam"],"picked":"construct:Autoturret","floor":3.0},{"not_picked":["construct:FierceBash","construct:ScrapCannon"],"picked":"construct:LaserCore","floor":8.0},{"not_picked":["construct:HeavyBolt","construct:MetalShell","construct:Disrupt"],"picked":"SKIP","floor":10.0},{"not_picked":["construct:Boost","construct:Anticipate","construct:ShiftGuard"],"picked":"SKIP","floor":12.0},{"not_picked":["construct:SaveState","construct:Stasis","construct:ClusterMines"],"picked":"SKIP","floor":15.0},{"not_picked":["construct:Stasis","construct:Dampening","construct:Overcharge"],"picked":"SKIP","floor":16.0},{"not_picked":["construct:SiegeForm","construct:MemoryTap"],"picked":"construct:ClockworkEgg","floor":18.0},{"not_picked":["construct:SyphonStrike+1","construct:Anticipate+1","construct:Backfire"],"picked":"SKIP","floor":20.0},{"not_picked":["construct:FierceBash","construct:ModeShift+1"],"picked":"construct:FlameCore","floor":21.0},{"not_picked":["construct:FierceBash+1","construct:SweepLaser"],"picked":"construct:PointDefense+1","floor":26.0},{"not_picked":["construct:SyphonStrike","construct:FocusedBeam","construct:VentSteam+1"],"picked":"SKIP","floor":31},{"not_picked":["construct:SweepLaser+1","construct:Disrupt+1"],"picked":"construct:PointDefense+1","floor":32}],"player_experience":6678,"relics_obtained":[{"floor":8.0,"key":"Pen Nib"},{"floor":11.0,"key":"Golden Egg"},{"floor":26.0,"key":"Bronze Scales"},{"floor":28.0,"key":"Replay:Bottled Eggs"}],"event_choices":[{"cards_removed":["construct:Defend_Gold"],"damage_healed":0.0,"max_hp_gain":0.0,"max_hp_loss":0.0,"gold_gain":0.0,"event_name":"Living Wall","player_choice":"Forget","floor":4.0,"gold_loss":0.0,"damage_taken":0.0},{"damage_healed":0.0,"max_hp_gain":0.0,"max_hp_loss":0.0,"gold_gain":0.0,"event_name":"The Woman in Blue","player_choice":"Bought 0 Potions","floor":13.0,"gold_loss":0.0,"damage_taken":0.0},{"damage_healed":28.0,"max_hp_gain":0.0,"max_hp_loss":0.0,"gold_gain":0.0,"event_name":"The Library","player_choice":"Heal","floor":24.0,"gold_loss":0.0,"damage_taken":0.0}],"is_beta":false,"boss_relics":[{"not_picked":["hubris:VirtuousBlindfold","conspire:RoyalGoblet","Runesmith:UraniumAnvil"]}],"items_purged_floors":[7,22],"is_endless":false,"potions_floor_spawned":[1,10,16,20,21,31],"killed_by":"Automaton","ascension_level":0}}