{"host":"zjc1tzo4ovig5lll","time":1613242230,"event":{"mods":["AchievementEnabler","Aspiration","BaseMod","Beaked The Cultist","Better Altar","Better Match","Better Note","Better Sensory Stone","Colored Map","Colored Powertips","Conspire","Energized Spire","Friendly Minions","GifTheSpireLib","Halation","Hermit","Hubris","Minty Spire (QoL Compilation)","Rare Cards Sparkle","Reliquary","Replay The Spire","StSLib","The Blue Laboratory","The Bug Knight","The Construct","The Jungle","everything is the same but u backflip on backflip"],"gold_per_floor":[111,111,111,129,143,143,175,189,240,252,252,578,62,81,81,177,177,188,188,203,220,220,251,176,176,176,176,227,227,227,4,4,119,119,154,185,185,42,97,97,155,155,155,155,239,321,356,356,356,362,362,362,84,152,160,160],"floor_reached":55,"language":"ENG","playtime":3209,"items_purged":["Pain"],"score":1016,"play_id":"5015f661-ccba-4251-ac61-d1de26df86fa","local_time":"20210213205030","is_ascension_mode":true,"campfire_choices":[{"data":"Tools of the Trade","floor":6.0,"key":"SMITH"},{"floor":11.0,"key":"REST"},{"floor":15.0,"key":"REST"},{"data":"Predator","floor":25.0,"key":"SMITH"},{"floor":29.0,"key":"RECALL"},{"data":"Footwork","floor":32.0,"key":"SMITH"},{"data":"ReplayTheSpireMod:Scrap Shanks","floor":40.0,"key":"SMITH"},{"data":"Neutralize","floor":42.0,"key":"SMITH"},{"data":"Footwork","floor":44.0,"key":"SMITH"},{"data":"Underhanded Strike","floor":49.0,"key":"SMITH"},{"data":"Dash","floor":52.0,"key":"SMITH"}],"circlet_count":0,"master_deck":["Strike_G","Strike_G","Strike_G","Strike_G","Strike_G","Defend_G","Defend_G","Defend_G","Defend_G","Survivor","Neutralize+1","Tools of the Trade+1","Injury","Acrobatics+1","Poison Darts+1","Flying Knee","Noxious Fumes","Terror+1","Bandage Up+1","Predator+1","Doppelganger+1","Prepared+1","Blade Dance+1","Phantasmal Killer+1","Slice","Flying Knee","Crippling Poison+1","Footwork+1","Footwork+1","Deep Breath+1","Dash+1","Blade Dance+1","Backflip+1","ReplayTheSpireMod:Speed Training+1","ReplayTheSpireMod:Scrap Shanks+1","Underhanded Strike+1","Backstab+1","Hidden Blade+1","Underhanded Strike+1","Blade Dance+1","Acrobatics+1"],"relics":["Ring of the Snake","Toxic Egg 2","WarpedTongs","HollowMod:PaleOreRelic","reliquary:RoseTintedGlasses","Old Coin","hubris:AstralHammer","aspiration:PoetsPen_weak","Meat on the Bone","Replay:Bandana","Eternal Feather","Replay:Wax Seal","WristBlade","Eternal Feather","reliquary:TatteredRug","halation:Sosunser","Orichalcum"],"acts_visited":["Exordium","Exordium","TheBeyond","TheEnding"],"potions_floor_usage":[],"damage_taken":[{"damage":2.0,"enemies":"conspire:RoseBush","floor":1.0,"turns":6.0},{"damage":4.0,"enemies":"2 Louse","floor":4.0,"turns":4.0},{"damage":2.0,"enemies":"Jaw Worm","floor":5.0,"turns":6.0},{"damage":20.0,"enemies":"3 Sentries","floor":7.0,"turns":11.0},{"damage":13.0,"enemies":"Gremlin Gang","floor":8.0,"turns":6.0},{"damage":1.0,"enemies":"conspire:2 RoseBushes","floor":10.0,"turns":5.0},{"damage":34.0,"enemies":"Gremlin Nob","floor":12.0,"turns":4.0},{"damage":0.0,"enemies":"Red Slaver","floor":14.0,"turns":3.0},{"damage":20.0,"enemies":"Fading Forest","floor":16.0,"turns":11.0},{"damage":15.0,"enemies":"theJungle:5_Spyders","floor":18.0,"turns":8.0},{"damage":5.0,"enemies":"theJungle:GiantWrat","floor":20.0,"turns":4.0},{"damage":15.0,"enemies":"theJungle:2_Snecko_Cultists","floor":21.0,"turns":3.0},{"damage":10.0,"enemies":"theJungle:2_Phrogs","floor":23.0,"turns":6.0},{"damage":19.0,"enemies":"theJungle:Cassacara","floor":28.0,"turns":4.0},{"damage":13.0,"enemies":"theJungle:FunGuy","floor":33.0,"turns":7.0},{"damage":2.0,"enemies":"3 Shapes","floor":35.0,"turns":3.0},{"damage":8.0,"enemies":"3 Darklings","floor":36.0,"turns":5.0},{"damage":0.0,"enemies":"Transient","floor":39.0,"turns":5.0},{"damage":6.0,"enemies":"beaked:SuperParasite","floor":41.0,"turns":4.0},{"damage":0.0,"enemies":"Giant Head","floor":45.0,"turns":2.0},{"damage":0.0,"enemies":"Maw","floor":46.0,"turns":3.0},{"damage":0.0,"enemies":"Spire Growth","floor":47.0,"turns":2.0},{"damage":9.0,"enemies":"conspire:OrnateMirror","floor":50.0,"turns":4.0},{"damage":20.0,"enemies":"Shield and Spear","floor":54.0,"turns":3.0},{"damage":69,"enemies":"The Heart","floor":55,"turns":3}],"seed_played":"2843409261896168671","potions_obtained":[{"floor":8.0,"key":"blueLaboratory:NinjaPotion"},{"floor":12.0,"key":"Flashbang"},{"floor":16.0,"key":"Fire Potion"},{"floor":23.0,"key":"Toxic Potion"}],"is_trial":false,"path_per_floor":["M","?","?","M","M","R","E","M","T","M","R","E","$","M","R","B",null,"M","?","M","M","T","E","$","R","T","$","E","R","?","$","R","B",null,"M","M","?","$","M","R","E","R","T","R","E","M","M","?","R","B",null,"R","$","E","B"],"character_chosen":"THE_SILENT","items_purchased":["LifebloodPotion","hubris:AstralHammer","Bandage Up+1","Slice","Flying Knee","Footwork","Deep Breath+1","Dash","ReplayTheSpireMod:Speed Training+1","ReplayTheSpireMod:Scrap Shanks","halation:Sosunser","Acrobatics+1","GamblersBrew"],"campfire_rested":2,"item_purchase_floors":[13,13,13,24,24,31,31,31,38,38,53,53,53],"current_hp_per_floor":[68,68,68,64,62,62,42,29,29,28,49,15,15,21,42,36,62,53,53,54,45,45,41,41,41,41,41,40,55,55,55,70,63,68,66,58,58,58,64,70,64,70,70,70,70,70,70,70,70,61,68,70,70,50,0,0],"gold":160,"neow_bonus":"ONE_RANDOM_RARE_CARD","is_daily":false,"chose_seed":false,"campfire_upgraded":8,"win_rate":0.0,"timestamp":1613242230,"path_taken":["M","?","?","M","?","R","E","M","T","?","R","E","$","M","R","BOSS","M","?","M","?","?","E","$","R","T","$","E","R","?","?","R","BOSS","M","M","?","$","M","R","E","R","T","R","E","M","M","?","R","BOSS","R","$","E","BOSS"],"items_purchased_type":["Potion","Relic","Card","Card","Card","Card","Card","Card","Card","Card","Relic","Card","Potion"],"build_version":"2020-12-22","purchased_purges":1,"victory":false,"max_hp_per_floor":[70,70,70,70,70,70,70,70,70,70,70,70,70,70,70,70,70,70,70,70,70,70,70,70,70,70,70,70,70,70,70,70,70,70,70,70,70,70,70,70,70,70,70,70,70,70,70,70,70,70,70,70,70,70,70,70],"card_choices":[{"not_picked":["Quick Slash","PiercingWail","Expertise"],"picked":"SKIP","floor":1.0},{"not_picked":["hubris:SlightOfHand+1","Bane"],"picked":"Acrobatics+1","floor":4.0},{"not_picked":["Quick Slash","Skewer"],"picked":"Poison Darts+1","floor":5.0},{"not_picked":["ReplayTheSpireMod:Tripwire+1","Dagger Throw"],"picked":"Flying Knee","floor":7.0},{"not_picked":["Cloak And Dagger+1","Dagger Spray"],"picked":"Noxious Fumes","floor":8.0},{"not_picked":["Blur+1","Well Laid Plans"],"picked":"Terror+1","floor":10.0},{"not_picked":["Skewer","hubris:SlightOfHand+1"],"picked":"Noxious Fumes","floor":12.0},{"not_picked":["conspire:DoublingDagger+1","Acrobatics+1"],"picked":"Predator","floor":14.0},{"not_picked":["Bullet Time+1","aspiration:Lunge"],"picked":"Doppelganger+1","floor":16.0},{"not_picked":["Underhanded Strike+1","Deflect+1","Quick Slash"],"picked":"SKIP","floor":18.0},{"not_picked":["Slice","Cloak And Dagger+1"],"picked":"Blade Dance+1","floor":20.0},{"not_picked":["Fluid Movement","Cloak And Dagger+1","Terror+1"],"picked":"SKIP","floor":21.0},{"not_picked":["Dagger Spray","Dodge and Roll+1"],"picked":"Phantasmal Killer+1","floor":23.0},{"not_picked":["Bouncing Flask+1","Skewer+1"],"picked":"Crippling Poison+1","floor":28.0},{"not_picked":["Flying Knee","Bane"],"picked":"Blade Dance+1","floor":35.0},{"not_picked":["Dodge and Roll+1","Acrobatics+1"],"picked":"Backflip+1","floor":36.0},{"not_picked":["hubris:SlightOfHand+1","Dagger Spray+1"],"picked":"Underhanded Strike+1","floor":39.0},{"not_picked":["Deadly Poison+1","PiercingWail+1"],"picked":"Backstab+1","floor":41.0},{"not_picked":["Blur+1","Die Die Die"],"picked":"Hidden Blade+1","floor":45.0},{"not_picked":["Concentrate+1","Hidden Blade+1"],"picked":"Underhanded Strike","floor":46.0},{"not_picked":["Dagger Throw","Hidden Blade+1"],"picked":"Blade Dance+1","floor":47.0},{"not_picked":["ReplayTheSpireMod:Exploit Weakness+1","Atom Bomb","Dagger Throw"],"picked":"SKIP","floor":54.0}],"player_experience":735183,"relics_obtained":[{"floor":7.0,"key":"HollowMod:PaleOreRelic"},{"floor":9.0,"key":"reliquary:RoseTintedGlasses"},{"floor":12.0,"key":"Old Coin"},{"floor":22.0,"key":"Meat on the Bone"},{"floor":23.0,"key":"Replay:Bandana"},{"floor":26.0,"key":"Eternal Feather"},{"floor":28.0,"key":"Replay:Wax Seal"},{"floor":41.0,"key":"reliquary:SculptingSteel"},{"floor":45.0,"key":"reliquary:TatteredRug"},{"floor":54.0,"key":"Orichalcum"}],"event_choices":[{"damage_healed":0.0,"max_hp_gain":0.0,"max_hp_loss":0.0,"gold_gain":0.0,"event_name":"Accursed Blacksmith","player_choice":"Rummage","floor":3.0,"gold_loss":0.0,"damage_taken":0.0,"relics_obtained":["WarpedTongs"],"cards_obtained":["Pain"]},{"damage_healed":0.0,"max_hp_gain":0.0,"max_hp_loss":0.0,"gold_gain":0.0,"cards_transformed":["Defend_G"],"event_name":"Transmorgrifier","player_choice":"Transformed","floor":19.0,"gold_loss":0.0,"damage_taken":0.0,"cards_obtained":["Prepared"]},{"damage_healed":0.0,"max_hp_gain":0.0,"max_hp_loss":0.0,"gold_gain":0.0,"event_name":"conspire:Investor","player_choice":"Leave","floor":30.0,"gold_loss":0.0,"damage_taken":0.0},{"cards_removed":["Noxious Fumes"],"damage_healed":0.0,"max_hp_gain":0.0,"max_hp_loss":0.0,"gold_gain":0.0,"event_name":"Falling","player_choice":"Removed Power","floor":37.0,"gold_loss":0.0,"damage_taken":0.0},{"damage_healed":0.0,"max_hp_gain":0.0,"max_hp_loss":0.0,"gold_gain":0.0,"event_name":"SecretPortal","player_choice":"Ignored","floor":48.0,"gold_loss":0.0,"damage_taken":0.0}],"is_beta":false,"boss_relics":[{"not_picked":["reliquary:RedPaperclip","aspiration:WatcherSkillbook"],"picked":"aspiration:PoetsPen_weak"},{"not_picked":["Replay:Ancient Bell","Snecko Scales"],"picked":"WristBlade"}],"items_purged_floors":[13],"is_endless":false,"potions_floor_spawned":[7,8,12,16,18,23,28,36,39,46],"killed_by":"The Heart","ascension_level":5}}