{"host":"u0qetpmu4y58k1tf","time":1613215030,"event":{"mods":["100% Spire Juice","AchievementEnabler","Act Like it!","BaseMod","CapriCore","Colored Map","Colored Powertips","Hermit","Koishi","Marisa£¨Ùöéë¡¡Øª×âÞÞ£©","Minty Spire (QoL Compilation)","Quick Restart","Reliquary","Replay The Spire","StSLib","SuperFastMode","Td1madao Mod","The Bug Knight","The Cursed","The Gatherer","The Hierophant","The Immortal","The Jungle","The Runesmith"],"gold_per_floor":[118,43,218,237,237,237,271,288,369,403,104,116,135,166,166,267,267,279,279,279,299,299,299],"floor_reached":22,"language":"KOR","playtime":2268,"items_purged":["Zap","Dualcast"],"score":286,"play_id":"626c7aa5-774d-440b-9a9e-2b0cf85e416e","local_time":"20210213201710","is_ascension_mode":true,"campfire_choices":[{"data":"Reprogram","floor":6.0,"key":"SMITH"}],"circlet_count":0,"master_deck":["Strike_B","Strike_B","Strike_B","Strike_B","Defend_B","Defend_B","Defend_B","Defend_B","Reprogram+1","Turbo","Scrape","Madness","Go for the Eyes","Gash","Gash+1","Reboot","Shame","Shame","Self Repair"],"relics":["FrozenCore","NeowsBlessing","Replay:Wax Seal","Shuriken","Thread and Needle","DataDisk","theJungle:PaperFaux","theJungle:SneckoAutograph"],"acts_visited":["Exordium","Exordium"],"potions_floor_usage":[10,14,16,22],"damage_taken":[{"damage":0.0,"enemies":"Small Slimes","floor":1.0,"turns":1.0},{"damage":0.0,"enemies":"2 Louse","floor":4.0,"turns":1.0},{"damage":0.0,"enemies":"Gremlin Nob","floor":7.0,"turns":1.0},{"damage":5,"enemies":"Jaw Worm","floor":8,"turns":3},{"damage":39,"enemies":"3 Sentries","floor":10,"turns":11},{"damage":4,"enemies":"Blue Slaver","floor":12,"turns":2},{"damage":1,"enemies":"2 Fungi Beasts","floor":13,"turns":3},{"damage":4,"enemies":"Lagavulin","floor":14,"turns":4},{"damage":7,"enemies":"Hexaghost","floor":16,"turns":8},{"damage":20,"enemies":"theJungle:MUSHROOMGANG","floor":18,"turns":4},{"damage":18,"enemies":"theJungle:GiantWrat","floor":21,"turns":4},{"damage":32,"enemies":"theJungle:2_Flameangoes","floor":22,"turns":4}],"seed_played":"-4575764308271944823","potions_obtained":[{"floor":4.0,"key":"FearPotion"},{"floor":8,"key":"Regen Potion"},{"floor":14,"key":"LifebloodPotion"},{"floor":16,"key":"Elixir"}],"is_trial":false,"path_per_floor":["M","$","?","M","?","R","E","M","T","E","$","M","M","E","R_BF","B",null,"M","?","?","M","M"],"character_chosen":"DEFECT","items_purchased":["Scrape","Madness","Go for the Eyes"],"campfire_rested":0,"item_purchase_floors":[11,11,11],"current_hp_per_floor":[75,75,75,75,75,75,75,70,70,46,46,42,41,37,59,52,69,49,49,49,31,0,0],"gold":299,"neow_bonus":"THREE_ENEMY_KILL","is_daily":false,"chose_seed":false,"campfire_upgraded":1,"win_rate":0.0,"timestamp":1613215030,"path_taken":["M","$","?","M","?","R","E","M","T","E","$","M","M","E","R_BF","BOSS","M","?","?","M","?"],"items_purchased_type":["Card","Card","Card"],"build_version":"2020-12-22","purchased_purges":2,"victory":false,"max_hp_per_floor":[75,75,75,75,75,75,75,75,75,75,75,75,75,75,75,75,75,75,75,75,75,75,75],"card_choices":[{"not_picked":["Barrage","Panic Button"],"picked":"Reprogram","floor":1.0},{"not_picked":["BasicCrystalCard","Capacitor","Barrage"],"picked":"SKIP","floor":4.0},{"not_picked":["Aggregate","Ball Lightning","Coolheaded"],"picked":"SKIP","floor":7.0},{"not_picked":["Redo","Blizzard"],"picked":"Turbo","floor":8},{"not_picked":["Defragment","Redo","Leap"],"picked":"SKIP","floor":10},{"not_picked":["Go for the Eyes","Leap"],"picked":"Gash","floor":12},{"not_picked":["Compile Driver","Loop","Turbo"],"picked":"SKIP","floor":13},{"not_picked":["Go for the Eyes","ReplaySolidLightProjector"],"picked":"Gash","floor":14},{"not_picked":["Biased Cognition","Meteor Strike"],"picked":"Reboot","floor":16},{"not_picked":["Hologram","Tempest","Ball Lightning+1"],"picked":"SKIP","floor":18},{"not_picked":["BasicCrystalCard+1","Barrage"],"picked":"Self Repair","floor":21}],"player_experience":111192,"relics_obtained":[{"floor":7.0,"key":"Replay:Wax Seal"},{"floor":9,"key":"Shuriken"},{"floor":10,"key":"Thread and Needle"},{"floor":14,"key":"DataDisk"}],"event_choices":[{"damage_healed":0.0,"max_hp_gain":0.0,"max_hp_loss":0.0,"gold_gain":175.0,"event_name":"Liars Game","player_choice":"AGREE","floor":3.0,"gold_loss":0.0,"damage_taken":0.0,"cards_obtained":["Doubt"]},{"cards_removed":["Doubt"],"damage_healed":0.0,"max_hp_gain":0.0,"max_hp_loss":0.0,"gold_gain":0.0,"event_name":"Living Wall","player_choice":"Forget","floor":5.0,"gold_loss":0.0,"damage_taken":0.0}],"is_beta":false,"boss_relics":[{"not_picked":["Snecko Eye","reliquary:Craggleroot"],"picked":"FrozenCore"}],"items_purged_floors":[2,11],"is_endless":false,"potions_floor_spawned":[4,8,14,16],"killed_by":"theJungle:2_Flameangoes","ascension_level":5}}