{"host":"n2havra2dgtcizuw","time":1613227915,"event":{"mods":["100% Spire Juice","ATMod(阿瑾Mod)","Bard","BaseMod","Downfall","Marisa（F雨　魔理沙）","Minty Spire (QoL Compilation)","Permanent Neow","Reliquary","Remilia（蕾米莉亚）","Replay The Spire","RumiaBox-露米娅的神秘盒子","StSLib","TestMod","The Alterego","The Animator","The Servant 0.9.4","[IsaacMod]以撒尖塔"],"gold_per_floor":[111,111,111,111,122,122,136,162,233,250,7,21,38,38,38,137,137,148,160,160,8,18,18,52,52,52,71,71,71,98,118,118,215,215,229,245,245,1,15,42,42,68,68,86,86,86,116,127,177,177],"floor_reached":51,"language":"ZHS","playtime":2509,"items_purged":[],"score":1422,"play_id":"c25a2a7a-1b27-4f32-8192-b1de0ee544c7","local_time":"20210213225155","is_ascension_mode":true,"campfire_choices":[{"data":"Eruption","floor":6,"key":"SMITH"},{"data":"testmod-LimitFlipper","floor":15,"key":"SMITH"},{"data":"Ragnarok","floor":23,"key":"SMITH"},{"data":"Apotheosis","floor":25,"key":"SMITH"},{"data":"SpiritShield","floor":29,"key":"SMITH"},{"data":"Tantrum","floor":32,"key":"SMITH"},{"data":"Tantrum","floor":41,"key":"SMITH"},{"data":"Blasphemy","floor":46,"key":"SMITH"}],"circlet_count":0,"master_deck":["Strike_P","Strike_P","Strike_P","Defend_P+1","Defend_P+1","Defend_P+1","Defend_P+1","Eruption+1","Vigilance","ReachHeaven","EmptyFist","MentalFortress","Replay:BluntJabs","Ragnarok+1","testmod-LimitFlipper+1","ReachHeaven","Replay:DivineShield","downfall:Haunted","downfall:Haunted","downfall:Bewildered","SpiritShield+1","Hallucinations","DevaForm","Apotheosis+1","Wallop","Replay:BluntJabs","downfall:Bewildered","FlyingSleeves","AT_MachinaRedman","Replay:Vibes+1","AT_OneInchPunch","SandsOfTime+1","Crescendo","J.A.X.","Replay:BluntJabs","Tantrum+1","Blasphemy+1","Tantrum+1","Madness","Prostrate","FlyingSleeves","Adaptation+1","BowlingBash+1","Worship","AT_OneInchPunch+1","Brilliance"],"relics":["PureWater","testmod-TestBox","HushsDoor","AT_ATBox","reliquary:Stiletto","testmod-ArcanaOfDestiny","AnarchistCookbook","testmod-CrystalShield","testmod-CrystalShield","BookofShadows","Replay:Bottled Eggs","Du-Vu Doll","Painkiller Herb","Baka2","sneckomod:BabySnecko","Akabeko","Garlic","MealTicket","Leech","EasyGame_NEW","DeathBook","Onion Ring","Ccalipers","ReplayTheSpireMod:TigerMarble","Durian","Boot","testmod-CasingShield","testmod-Déjàvu"],"acts_visited":["Exordium","TheCity","TheBeyond"],"potions_floor_usage":[33,40,42,50],"damage_taken":[{"damage":2,"enemies":"Small Slimes","floor":1,"turns":3},{"damage":0,"enemies":"2 Louse","floor":5,"turns":2},{"damage":0,"enemies":"Cultist","floor":7,"turns":2},{"damage":24,"enemies":"Gremlin Nob","floor":8,"turns":4},{"damage":10,"enemies":"3 Louse","floor":10,"turns":3},{"damage":9,"enemies":"Lots of Slimes","floor":12,"turns":3},{"damage":0,"enemies":"Exordium Thugs","floor":13,"turns":3},{"damage":2,"enemies":"Fading Forest","floor":16,"turns":11},{"damage":16,"enemies":"3 Byrds","floor":18,"turns":4},{"damage":1,"enemies":"Chosen","floor":19,"turns":3},{"damage":0,"enemies":"Snecko","floor":22,"turns":2},{"damage":0,"enemies":"Slavers","floor":24,"turns":1},{"damage":2,"enemies":"Chosen and Byrds","floor":27,"turns":5},{"damage":22,"enemies":"Gremlin Leader","floor":30,"turns":4},{"damage":7,"enemies":"Snake Plant","floor":31,"turns":2},{"damage":0,"enemies":"Automaton","floor":33,"turns":4},{"damage":0,"enemies":"Orb Walker","floor":35,"turns":1},{"damage":0,"enemies":"3 Darklings","floor":36,"turns":1},{"damage":0,"enemies":"Spire Growth","floor":39,"turns":2},{"damage":28,"enemies":"Reptomancer","floor":40,"turns":3},{"damage":9,"enemies":"R_Hoarder","floor":42,"turns":5},{"damage":0,"enemies":"Maw","floor":44,"turns":3},{"damage":4,"enemies":"Giant Head","floor":47,"turns":3},{"damage":1,"enemies":"Transient","floor":48,"turns":2},{"damage":0,"enemies":"Mind Bloom Boss Battle","floor":49,"turns":3},{"damage":0,"enemies":"Awakened One","floor":50,"turns":5}],"seed_played":"3911994415691127603","potions_obtained":[{"floor":8,"key":"Reflective Coating"},{"floor":10,"key":"BlessingOfTheForge"},{"floor":13,"key":"SpeedPotion"},{"floor":24,"key":"Toxic Potion"},{"floor":33,"key":"Weak Potion"},{"floor":44,"key":"BlessingOfTheForge"},{"floor":47,"key":"SteroidPotion"}],"is_trial":false,"path_per_floor":["M","?","?","?","M","R","M","E","T","M","$","M","M","?","R","B",null,"?","?","?","T","?","T","E","T","T","?","?","T","E","?","T","B",null,"?","?","?","T","?","E","T","E","T","?","?","T","E","?","T","B",null],"character_chosen":"WATCHER","items_purchased":["Ragnarok","testmod-LimitFlipper","Apotheosis","Akabeko","DeathBook","Onion Ring"],"campfire_rested":0,"item_purchase_floors":[11,11,17,21,34,38],"current_hp_per_floor":[70,70,70,70,70,70,70,46,46,36,36,42,42,47,47,49,69,53,52,52,52,52,52,52,52,52,60,60,60,38,32,32,34,57,57,57,50,57,57,31,31,26,31,33,33,33,34,35,37,38],"gold":177,"neow_bonus":"RANDOM_COMMON_RELIC","is_daily":false,"chose_seed":false,"campfire_upgraded":8,"win_rate":0.0,"timestamp":1613227915,"path_taken":["M","?","?","?","?","R","M","E","T","M","$","M","M","?","R","BOSS","?","?","?","T","?","T","E","T","T","?","?","T","E","?","T","BOSS","?","?","?","T","?","E","T","E","T","?","?","T","E","?","T","BOSS"],"items_purchased_type":["Card","Card","Card","Relic","Relic","Relic"],"build_version":"2020-12-22","purchased_purges":0,"victory":true,"max_hp_per_floor":[72,72,72,72,72,72,72,72,72,72,72,69,69,74,74,74,69,69,69,69,69,69,69,69,69,69,67,67,67,67,67,67,67,57,57,57,57,57,57,57,57,57,62,62,62,62,62,62,62,62],"card_choices":[{"not_picked":["Replay:Hum","WaveOfTheHand"],"picked":"ReachHeaven","floor":1},{"not_picked":["Vengeance","Replay:Hum"],"picked":"EmptyFist","floor":5},{"not_picked":["Fasting2","CutThroughFate"],"picked":"MentalFortress","floor":7},{"not_picked":["Wallop","ThirdEye"],"picked":"Ragnarok","floor":8},{"not_picked":["WaveOfTheHand","ThirdEye"],"picked":"Replay:BluntJabs","floor":10},{"not_picked":["Replay:AtTheReady","Replay:Anticipation"],"picked":"ReachHeaven","floor":12},{"not_picked":["ClearTheMind","ThirdEye"],"picked":"Replay:DivineShield","floor":13},{"not_picked":["AT_ChampionKick","SpiritShield"],"picked":"DevaForm","floor":16},{"not_picked":["InnerPeace","ThirdEye+1"],"picked":"Wallop","floor":18},{"not_picked":["SashWhip","JustLucky"],"picked":"Replay:BluntJabs","floor":19},{"not_picked":["Replay:Anticipation","Indignation"],"picked":"FlyingSleeves","floor":22},{"not_picked":["EmptyMind","ThirdEye"],"picked":"AT_MachinaRedman","floor":24},{"not_picked":["FollowUp","TalkToTheHand+1"],"picked":"Replay:Vibes+1","floor":27},{"not_picked":["TalkToTheHand","Perseverance"],"picked":"AT_OneInchPunch","floor":27},{"not_picked":["FollowUp+1","PathToVictory"],"picked":"SandsOfTime+1","floor":27},{"not_picked":["InnerPeace","Halt"],"picked":"Crescendo","floor":27},{"not_picked":["Replay:Cycle","AT_SoftenMuscles+1"],"picked":"Replay:BluntJabs","floor":30},{"not_picked":["Meditate","TalkToTheHand+1"],"picked":"Tantrum","floor":31},{"not_picked":["DevaForm","Replay:AllIn"],"picked":"Blasphemy","floor":33},{"not_picked":["SashWhip","Evaluate"],"picked":"Replay:BluntJabs","floor":35},{"not_picked":["Replay:AtTheReady","AT_SoftenMuscles+1"],"picked":"Tantrum","floor":36},{"not_picked":["CutThroughFate","Halt"],"picked":"Prostrate","floor":39},{"not_picked":["Crescendo+1","Adaptation"],"picked":"FlyingSleeves","floor":40},{"not_picked":["Swivel+1","FlyingSleeves"],"picked":"Adaptation+1","floor":42},{"not_picked":["Replay:Vibes","Replay:BluntJabs"],"picked":"BowlingBash+1","floor":44},{"not_picked":["Study","Meditate"],"picked":"Worship","floor":47},{"not_picked":["Replay:AtTheReady+1","Halt+1"],"picked":"AT_OneInchPunch+1","floor":48},{"not_picked":["Replay:DivineShield","BowlingBash"],"picked":"Brilliance","floor":49}],"player_experience":750211,"relics_obtained":[{"floor":1,"key":"Baka"},{"floor":5,"key":"testmod-CrystalShield"},{"floor":5,"key":"testmod-CrystalShield"},{"floor":8,"key":"BookofShadows"},{"floor":9,"key":"Replay:Bottled Eggs"},{"floor":19,"key":"Baka2"},{"floor":24,"key":"Garlic"},{"floor":26,"key":"MealTicket"},{"floor":30,"key":"Leech"},{"floor":40,"key":"Ccalipers"},{"floor":42,"key":"ReplayTheSpireMod:TigerMarble"},{"floor":43,"key":"Durian"},{"floor":44,"key":"Boot"},{"floor":47,"key":"testmod-CasingShield"},{"floor":49,"key":"testmod-Déjàvu"}],"event_choices":[{"damage_healed":0,"gold_gain":0,"player_choice":"Ignored","damage_taken":0,"max_hp_gain":0,"max_hp_loss":0,"event_name":"给自己的盒子","floor":2,"gold_loss":0},{"cards_removed":["Strike_P"],"damage_healed":0,"gold_gain":0,"player_choice":"Offered Basic","damage_taken":0,"max_hp_gain":0,"max_hp_loss":0,"event_name":"Bonfire Elementals","floor":4,"gold_loss":0},{"damage_healed":0,"gold_gain":0,"player_choice":"Obtain J.A.X.","damage_taken":0,"max_hp_gain":0,"max_hp_loss":0,"event_name":"Drug Dealer","floor":28,"gold_loss":0,"cards_obtained":["J.A.X."]},{"damage_healed":0,"gold_gain":0,"player_choice":"Embrace Madness","damage_taken":7,"max_hp_gain":0,"max_hp_loss":0,"event_name":"Winding Halls","floor":37,"gold_loss":0,"cards_obtained":["Madness","Madness"]},{"damage_healed":0,"gold_gain":0,"player_choice":"Fight","damage_taken":0,"max_hp_gain":0,"max_hp_loss":0,"event_name":"MindBloom","floor":49,"gold_loss":0}],"is_beta":false,"boss_relics":[{"not_picked":["Ectoplasm","reliquary:RedPaperclip"],"picked":"Painkiller Herb"},{"not_picked":[]},{"not_picked":["Runic Dome","Replay:Drink Me"],"picked":"EasyGame_NEW"},{"not_picked":[]}],"items_purged_floors":[],"is_endless":false,"potions_floor_spawned":[8,10,13,24,27,31,33,39,44,47,48],"ascension_level":4}}