{"host":"n9qmgrsa9l2j981v","time":1613186864,"event":{"mods":["BaseMod","Bestiary","Minty Spire (QoL Compilation)","Relic Stats","StSLib"],"gold_per_floor":[113,124,124,124,124,124,168,11,38,52,73,87,130,148,148,242,242,257,13,34,57,72,72,103,127,151,194,194,194],"floor_reached":28,"language":"ENG","playtime":1193,"items_purged":["Defend_P"],"score":544,"play_id":"7285a08e-47b4-47b8-98a9-44a31a357923","local_time":"20210212192744","is_ascension_mode":true,"campfire_choices":[{"data":"Tantrum","floor":6.0,"key":"SMITH"},{"floor":15.0,"key":"REST"},{"floor":23.0,"key":"REST"}],"circlet_count":0,"master_deck":["AscendersBane","Strike_P","Strike_P","Strike_P","Defend_P+1","Defend_P","Defend_P+1","Eruption+1","Vigilance+1","SandsOfTime+1","Tantrum+1","LessonLearned+1","FlurryOfBlows","Conclude+1","InnerPeace+1","Perseverance+1","EmptyBody+1","SpiritShield+1","Swivel","Halt","CutThroughFate+1","TalkToTheHand","EmptyFist","TalkToTheHand"],"relics":["Runic Pyramid","Golden Idol","Art of War","OrangePellets","Bronze Scales","Centennial Puzzle","SacredBark","Membership Card","Smiling Mask","Orichalcum","Pantograph"],"acts_visited":["Exordium","TheCity"],"potions_floor_usage":[],"damage_taken":[{"damage":7.0,"enemies":"Jaw Worm","floor":1.0,"turns":3.0},{"damage":8.0,"enemies":"Small Slimes","floor":2.0,"turns":4.0},{"damage":9.0,"enemies":"Lagavulin","floor":7.0,"turns":5.0},{"damage":0.0,"enemies":"Cultist","floor":10.0,"turns":3.0},{"damage":16.0,"enemies":"Exordium Thugs","floor":11.0,"turns":3.0},{"damage":3.0,"enemies":"3 Louse","floor":12.0,"turns":3.0},{"damage":2.0,"enemies":"3 Sentries","floor":13.0,"turns":3.0},{"damage":3.0,"enemies":"Blue Slaver","floor":14.0,"turns":3.0},{"damage":5.0,"enemies":"Slime Boss","floor":16.0,"turns":5.0},{"damage":6.0,"enemies":"3 Byrds","floor":18.0,"turns":3.0},{"damage":10.0,"enemies":"Spheric Guardian","floor":20.0,"turns":4.0},{"damage":0.0,"enemies":"Cultist and Chosen","floor":21.0,"turns":3.0},{"damage":25.0,"enemies":"Snecko","floor":22.0,"turns":7.0},{"damage":46.0,"enemies":"Slavers","floor":24.0,"turns":6.0},{"damage":0.0,"enemies":"Chosen and Byrds","floor":25.0,"turns":5.0},{"damage":7.0,"enemies":"Gremlin Leader","floor":27.0,"turns":6.0},{"damage":10,"enemies":"Centurion and Healer","floor":28,"turns":2}],"seed_played":"2969596316296040517","potions_obtained":[{"floor":10.0,"key":"Swift Potion"},{"floor":11.0,"key":"StancePotion"},{"floor":12.0,"key":"LiquidBronze"},{"floor":14.0,"key":"AttackPotion"},{"floor":16.0,"key":"Explosive Potion"},{"floor":22.0,"key":"Regen Potion"},{"floor":24.0,"key":"Dexterity Potion"}],"is_trial":false,"path_per_floor":["M","M","?","?","?","R","E","$","T","M","M","M","E","M","R","B",null,"M","$","M","M","M","R","E","M","T","E","M"],"character_chosen":"WATCHER","items_purchased":["OrangePellets","Membership Card","Halt","CutThroughFate"],"campfire_rested":2,"item_purchase_floors":[8,19,19,19],"current_hp_per_floor":[54,46,46,39,39,39,30,30,30,30,14,11,9,6,24,19,51,45,45,35,35,10,28,16,16,16,9,0,0],"gold":194,"neow_bonus":"BOSS_RELIC","is_daily":false,"chose_seed":false,"campfire_upgraded":1,"win_rate":0.0,"timestamp":1613186864,"path_taken":["M","M","?","?","?","R","E","$","T","?","M","M","E","M","R","BOSS","M","$","M","M","M","R","E","M","T","E","M"],"items_purchased_type":["Relic","Relic","Card","Card"],"build_version":"2020-12-22","purchased_purges":1,"victory":false,"max_hp_per_floor":[68,68,62,62,62,62,62,62,62,62,62,62,62,62,62,62,62,62,62,62,62,62,62,62,62,62,62,62,62],"relic_stats":{"OrangePellets":[0],"Centennial Puzzle":[23],"counters":[17,68],"Golden Idol":86,"Bronze Scales":[157],"Pantograph":0,"Art of War":[6],"Orichalcum":[12],"Smiling Mask":0,"obtain_stats":[{"OrangePellets":8,"Centennial Puzzle":13,"Golden Idol":3,"Bronze Scales":9,"SacredBark":17,"Pantograph":27,"Art of War":7,"Membership Card":19,"PureWater":0,"Orichalcum":26,"Smiling Mask":24,"Runic Pyramid":0},{"OrangePellets":3,"Centennial Puzzle":7,"Golden Idol":2,"Bronze Scales":3,"SacredBark":9,"Pantograph":16,"Art of War":3,"Membership Card":10,"PureWater":0,"Orichalcum":15,"Smiling Mask":14,"Runic Pyramid":0},{"OrangePellets":12,"Centennial Puzzle":24,"Golden Idol":7,"Bronze Scales":12,"SacredBark":32,"Pantograph":66,"Art of War":12,"Membership Card":35,"PureWater":0,"Orichalcum":60,"Smiling Mask":55,"Runic Pyramid":0}]},"card_choices":[{"not_picked":["Halt","JustLucky"],"picked":"SandsOfTime","floor":1.0},{"not_picked":["FlyingSleeves","Conclude"],"picked":"Tantrum","floor":2.0},{"not_picked":["Indignation","Prostrate"],"picked":"LessonLearned","floor":7.0},{"not_picked":["Prostrate","CarveReality"],"picked":"FlurryOfBlows","floor":10.0},{"not_picked":["SandsOfTime","BowlingBash"],"picked":"Conclude","floor":11.0},{"not_picked":["CutThroughFate","Weave"],"picked":"InnerPeace","floor":12.0},{"not_picked":["FollowUp","Consecrate"],"picked":"Perseverance","floor":13.0},{"not_picked":["ClearTheMind","Consecrate"],"picked":"EmptyBody","floor":14.0},{"not_picked":["DevaForm","MasterReality"],"picked":"SpiritShield","floor":16.0},{"not_picked":["ClearTheMind","Consecrate"],"picked":"Swivel","floor":18.0},{"not_picked":["PathToVictory+1","EmptyBody","Wireheading"],"picked":"SKIP","floor":20.0},{"not_picked":["CutThroughFate","EmptyFist","PathToVictory"],"picked":"SKIP","floor":21.0},{"not_picked":["FlyingSleeves","Prostrate"],"picked":"TalkToTheHand","floor":22.0},{"not_picked":["Prostrate","BattleHymn","BowlingBash"],"picked":"SKIP","floor":24.0},{"not_picked":["Protect","Conclude"],"picked":"EmptyFist","floor":25.0},{"not_picked":["LessonLearned","Protect"],"picked":"TalkToTheHand","floor":27.0}],"player_experience":692414,"relics_obtained":[{"floor":7.0,"key":"Art of War"},{"floor":9.0,"key":"Bronze Scales"},{"floor":13.0,"key":"Centennial Puzzle"},{"floor":24.0,"key":"Smiling Mask"},{"floor":26.0,"key":"Orichalcum"},{"floor":27.0,"key":"Pantograph"}],"event_choices":[{"damage_healed":0.0,"max_hp_gain":0.0,"max_hp_loss":6.0,"gold_gain":0.0,"event_name":"Golden Idol","player_choice":"Lose Max HP","floor":3.0,"gold_loss":0.0,"damage_taken":0.0,"relics_obtained":["Golden Idol"]},{"cards_removed":["Strike_P"],"damage_healed":0.0,"max_hp_gain":0.0,"max_hp_loss":0.0,"gold_gain":0.0,"event_name":"Golden Wing","player_choice":"Card Removal","floor":4.0,"gold_loss":0.0,"damage_taken":7.0},{"damage_healed":0.0,"max_hp_gain":0.0,"max_hp_loss":0.0,"gold_gain":0.0,"event_name":"Upgrade Shrine","player_choice":"Upgraded","floor":5.0,"gold_loss":0.0,"damage_taken":0.0,"cards_upgraded":["Eruption"]}],"is_beta":false,"boss_relics":[{"not_picked":["Snecko Eye","Calling Bell"],"picked":"SacredBark"}],"items_purged_floors":[19],"is_endless":false,"potions_floor_spawned":[10,11,12,14,16,18,22,24],"killed_by":"Centurion and Healer","ascension_level":20}}