{"host":"050ensmz1fh1c58u","time":1613215734,"event":{"mods":["BaseMod","Downfall","Gremlin Mod","Minty Spire (QoL Compilation)","READ ME - Guardian Mod","StSLib","The Animator","The Bug Knight","The Cursed","The Disciple","The Servant 0.9.4"],"gold_per_floor":[99,119,137,147,39,69,69,69,69,102,113,139,139,52,65,164,164,164,164,174,187,288,288,288,318,318,418,418,264,293,327,345,445,445,445,462,462,473,490,522,593,293,331,331,351,395,395,395,414,414,414,449,135,135,135,135],"floor_reached":57,"language":"ENG","playtime":6292,"items_purged":["Guardian:DonusPower"],"score":1491,"play_id":"f43179db-52c6-4429-bd30-6dd958b98cf5","local_time":"20210213122854","daily_mods":["Draft","DeadlyEvents","Elite Swarm"],"is_ascension_mode":false,"campfire_choices":[{"data":"Guardian:BodySlam","floor":1,"key":"SMITH"},{"data":"Guardian:BodySlam","floor":13,"key":"SMITH"},{"data":"Guardian:Harden","floor":18,"key":"SMITH"},{"data":"Guardian:PiercingHide","floor":23,"key":"SMITH"},{"floor":28,"key":"REST"},{"floor":35,"key":"RECALL"},{"data":"Amplify","floor":42,"key":"SMITH"},{"data":"Guardian:Suspension","floor":44,"key":"SMITH"},{"data":"Seek","floor":47,"key":"SMITH"},{"data":"Guardian:Recover","floor":54,"key":"SMITH"}],"circlet_count":0,"master_deck":["Guardian:BodySlam+1","Guardian:FloatingOrbs","Guardian:Suspension+1","Guardian:ShieldCharger","Guardian:ShieldCharger","Guardian:PiercingHide+1","Guardian:Clone","Guardian:Recover+1","Guardian:BodySlam+1","Guardian:TemporalStrike","Guardian:Emergency","Guardian:FuturePlans","Guardian:Harden+1","Guardian:ChargeUp","Guardian:FloatingOrbs","Guardian:TemporalStrike","Guardian:SphericShield","Guardian:TimeSifter+1","Guardian:Clone","Guardian:SpikerProtocol+1","Guardian:ExploitGems","Guardian:MultiBeam+1","Guardian:ArmoredProtocol+1","Guardian:ShieldSpikes","Guardian:AncientConstruct+1","Guardian:StasisField+1","Machine Learning+1","Barricade+1","Amplify+1","Seek+1","Slimebound:DuplicatedForm+1"],"relics":["Guardian:ModeShifter","WingedGreaves","Ice Cream","Frozen Egg 2","Strawberry","sneckomod:BlankCard","Black Star","StrikeDummy","Regal Pillow","MutagenicStrength","PrismaticShard","HornCleat","Happy Flower","Bird Faced Urn","Boot","Philosopher\u0027s Stone","Mercury Hourglass","Pantograph","Pear","downfall:HeartBlessingRed","downfall:HeartBlessingBlue","downfall:HeartBlessingGreen","CeramicFish","Guardian:StasisCodex","Prayer Wheel","Molten Egg 2","Gambling Chip","Du-Vu Doll","TungstenRod"],"acts_visited":["Exordium","TheCity","TheBeyond","TheEnding"],"potions_floor_usage":[30,31,40,56],"damage_taken":[{"damage":2,"enemies":"Small Slimes","floor":2,"turns":3},{"damage":7,"enemies":"2 Louse","floor":3,"turns":3},{"damage":11,"enemies":"Jaw Worm","floor":4,"turns":3},{"damage":0,"enemies":"downfall:FleeingMerchant","floor":5,"turns":4},{"damage":13,"enemies":"3 Sentries","floor":6,"turns":7},{"damage":0,"enemies":"Lagavulin","floor":10,"turns":5},{"damage":16,"enemies":"Large Slime","floor":11,"turns":4},{"damage":0,"enemies":"3 Sentries","floor":12,"turns":6},{"damage":0,"enemies":"downfall:FleeingMerchant","floor":14,"turns":4},{"damage":0,"enemies":"Gremlin Gang","floor":15,"turns":4},{"damage":0,"enemies":"SI_SHIV_ARCHETYPE","floor":16,"turns":5},{"damage":0,"enemies":"Chosen","floor":19,"turns":1},{"damage":10,"enemies":"Shell Parasite","floor":20,"turns":5},{"damage":0,"enemies":"Snake Plant","floor":21,"turns":4},{"damage":10,"enemies":"downfall:FleeingMerchant","floor":22,"turns":4},{"damage":33,"enemies":"Slavers","floor":25,"turns":6},{"damage":1,"enemies":"Gremlin Leader","floor":30,"turns":5},{"damage":15,"enemies":"Slavers","floor":31,"turns":5},{"damage":1,"enemies":"Snecko","floor":32,"turns":5},{"damage":5,"enemies":"IC_MUSHROOM_ARCHETYPE","floor":33,"turns":6},{"damage":22,"enemies":"3 Shapes","floor":36,"turns":3},{"damage":0,"enemies":"Orb Walker","floor":38,"turns":4},{"damage":0,"enemies":"Spire Growth","floor":39,"turns":5},{"damage":23,"enemies":"Reptomancer","floor":40,"turns":5},{"damage":8,"enemies":"Nemesis","floor":43,"turns":4},{"damage":0,"enemies":"4 Shapes","floor":45,"turns":4},{"damage":0,"enemies":"Reptomancer","floor":46,"turns":5},{"damage":0,"enemies":"3 Darklings","floor":49,"turns":5},{"damage":50,"enemies":"DF_ARCHETYPE_ORBS","floor":50,"turns":6},{"damage":36,"enemies":"downfall:CharBossMerchant","floor":52,"turns":3},{"damage":28,"enemies":"downfall:NeowBoss","floor":55,"turns":8},{"damage":106,"enemies":"downfall:NeowBossFinal","floor":56,"turns":7}],"seed_played":"-3488814261757864426","potions_obtained":[{"floor":2,"key":"Strength Potion"},{"floor":6,"key":"Dexterity Potion"},{"floor":20,"key":"FairyPotion"},{"floor":30,"key":"LiquidBronze"},{"floor":31,"key":"SpeedPotion"},{"floor":40,"key":"BlessingOfTheForge"}],"is_trial":true,"path_per_floor":["R","M","M","M","$","E","T","?","?","E","M","E","R","$","M","B",null,"R","M","M","M","$","R","T","E","?","?","R","$","E","E","M","B",null,"R","M","?","M","M","E","T","R","E","R","M","E","R","?","M","B",null,"E","$","R","B","B",null],"character_chosen":"GUARDIAN","items_purchased":["Guardian:FloatingOrbs","Guardian:TemporalStrike","Guardian:SpikerProtocol+1","Guardian:AncientConstruct+1","PrismaticShard","TungstenRod"],"campfire_rested":1,"item_purchase_floors":[5,5,14,22,29,53],"current_hp_per_floor":[80,78,71,60,60,47,47,47,47,54,38,38,38,38,38,38,87,87,87,77,77,67,67,67,34,34,34,75,75,74,59,76,87,87,87,71,63,73,87,81,91,101,107,107,107,107,107,107,107,103,107,107,107,107,107,41],"gold":135,"neow_bonus":"","is_daily":false,"chose_seed":false,"campfire_upgraded":8,"win_rate":0.0,"timestamp":1613215734,"path_taken":["R","M","M","M","$","E","T","?","?","E","M","E","R","?","M","BOSS","R","M","M","M","$","R","T","E","?","?","R","$","E","?","M","BOSS","R","M","?","M","M","E","T","R","?","R","M","E","R","?","M","BOSS","E","$","R","BOSS","BOSS"],"items_purchased_type":["Card","Card","Card","Card","Relic","Relic"],"build_version":"2020-12-22","purchased_purges":1,"victory":true,"max_hp_per_floor":[80,80,80,80,80,80,80,80,80,87,87,87,87,87,87,87,87,87,87,87,87,87,87,87,87,87,87,87,87,87,87,87,87,87,87,87,87,87,87,87,97,107,107,107,107,107,107,107,107,107,107,107,107,107,107,107],"card_choices":[{"not_picked":["Guardian:TimeCapacitor","Guardian:Gem_Cyan"],"picked":"Guardian:Gem_Crimson","floor":0},{"not_picked":["Guardian:CrystalBeam","Guardian:WalkerClaw"],"picked":"Guardian:Gem_Cyan","floor":0},{"not_picked":["Guardian:BronzeArmor","Guardian:Gem_Cyan"],"picked":"Guardian:BodySlam","floor":0},{"not_picked":["Guardian:PrimingBeam","Guardian:CrystalBeam"],"picked":"Guardian:FloatingOrbs","floor":0},{"not_picked":["Guardian:MultiBeam","Guardian:PrimingBeam"],"picked":"Guardian:Suspension","floor":0},{"not_picked":["Guardian:RefractedBeam","Guardian:Gem_Cyan"],"picked":"Guardian:ShieldCharger","floor":0},{"not_picked":["Guardian:ChargeCore","Guardian:Gem_Red"],"picked":"Guardian:ShieldCharger","floor":0},{"not_picked":["Guardian:ChargeCore","Guardian:TimeBomb"],"picked":"Guardian:DonusPower","floor":0},{"not_picked":["Guardian:VentSteam","Guardian:Recover"],"picked":"Guardian:PiercingHide","floor":0},{"not_picked":["Guardian:Gem_Red","Guardian:ChargeUp"],"picked":"Guardian:Clone","floor":0},{"not_picked":["Guardian:CrystalBeam","Guardian:Suspension"],"picked":"Guardian:Gem_Red","floor":0},{"not_picked":["Guardian:Planning","Guardian:Gem_Red"],"picked":"Guardian:Recover","floor":0},{"not_picked":["Guardian:TemporalShield","Guardian:WalkerClaw"],"picked":"Guardian:BodySlam","floor":0},{"not_picked":["Guardian:Gem_Green","Guardian:VentSteam"],"picked":"Guardian:Gem_Yellow","floor":0},{"not_picked":["Guardian:CrystalBeam","Guardian:ChargeCore"],"picked":"Guardian:TemporalStrike","floor":0},{"not_picked":["Guardian:WalkerClaw","Guardian:Recover"],"picked":"Guardian:Emergency","floor":2},{"not_picked":["Guardian:GuardianWhirl","Guardian:ShieldCharger"],"picked":"Guardian:FuturePlans","floor":3},{"not_picked":["Guardian:Gem_Cyan","Guardian:RollAttack"],"picked":"Guardian:Harden","floor":4},{"not_picked":["Guardian:Incinerate","Guardian:ChargeCore"],"picked":"Guardian:ChargeUp","floor":5},{"not_picked":["Guardian:HyperBeam_Guardian","Guardian:AncientConstruct"],"picked":"Guardian:SphericShield","floor":6},{"not_picked":["Guardian:HyperBeam_Guardian","Guardian:GatlingBeam"],"picked":"Guardian:TimeSifter+1","floor":10},{"not_picked":["Guardian:Gem_Cyan","Guardian:ShieldCharger"],"picked":"Guardian:Clone","floor":11},{"not_picked":["Guardian:GemFire","Guardian:AncientConstruct+1"],"picked":"Guardian:Gem_Synthetic","floor":12},{"not_picked":["Guardian:CrystalBeam","Guardian:BodySlam"],"picked":"Guardian:SpikerProtocol+1","floor":14},{"not_picked":["Guardian:VentSteam","Guardian:TemporalShield","Guardian:Gem_Red"],"picked":"SKIP","floor":15},{"not_picked":["Guardian:ConstructionForm+1","Guardian:GemFinder+1"],"picked":"Guardian:ExploitGems","floor":16},{"not_picked":["Guardian:Suspension","Guardian:RefractedBeam"],"picked":"Guardian:MultiBeam+1","floor":19},{"not_picked":["Guardian:GuardianWhirl+1","Guardian:Incinerate"],"picked":"Guardian:ArmoredProtocol+1","floor":20},{"not_picked":["Guardian:Suspension","Guardian:ChargeCore"],"picked":"Guardian:ShieldSpikes","floor":21},{"not_picked":["Guardian:Gem_Red","Guardian:MultiBeam"],"picked":"Guardian:Gem_White","floor":22},{"not_picked":["Guardian:GatlingBeam","Guardian:RevengeProtocol+1"],"picked":"Guardian:StasisField","floor":25},{"not_picked":["Establishment+1","LockedBell+1"],"picked":"Machine Learning+1","floor":30},{"not_picked":["TheCursedMod:Neurasthenia","DeusExMachina"],"picked":"Barricade+1","floor":31},{"not_picked":["animator:Urushihara+1","champ:CrookedStrike","TheCursedMod:HellsGateOpen+1"],"picked":"SKIP","floor":32},{"not_picked":["DevaForm+1","Unload"],"picked":"Amplify","floor":33},{"not_picked":["LockedMedicine+1","hexamod:InspiringFlames","StarChef+1"],"picked":"SKIP","floor":36},{"not_picked":["hexamod:ThermalTransfer","Turbo","Swift Strike"],"picked":"SKIP","floor":38},{"not_picked":["animator:DolaRiku","HandsUpC+1","Slimebound:Dissolve+1"],"picked":"SKIP","floor":39},{"not_picked":["Slimebound:SlimeSlap","Bullet Time","HollowMod:HerrahsAnger"],"picked":"SKIP","floor":40},{"not_picked":["animator:Hans+1","animator:Ainz+1"],"picked":"Seek","floor":43},{"not_picked":["HollowMod:DescendingDark","Quick Slash+1","Reset+1"],"picked":"SKIP","floor":45},{"not_picked":["LockedBell+1","Slimebound:MassRepurpose"],"picked":"Slimebound:DuplicatedForm+1","floor":46},{"not_picked":["animator:Chung","bronze:Frontload","bronze:Fortify+1"],"picked":"SKIP","floor":49},{"not_picked":["hexamod:StepThrough+1","TheCursedMod:AshesToAshes","HollowMod:InfectionAssault+1"],"picked":"SKIP","floor":49},{"not_picked":["animator:Chung","bronze:Frontload","bronze:Fortify+1"],"picked":"SKIP","floor":49},{"not_picked":["hexamod:StepThrough+1","TheCursedMod:AshesToAshes","HollowMod:InfectionAssault+1"],"picked":"SKIP","floor":49},{"not_picked":["champ:LastStand+1","champ:VampiricStrike+1","Rainbow"],"picked":"SKIP","floor":52}],"player_experience":1615534,"relics_obtained":[{"floor":6,"key":"WingedGreaves"},{"floor":7,"key":"Ice Cream"},{"floor":10,"key":"Strawberry"},{"floor":12,"key":"sneckomod:BlankCard"},{"floor":25,"key":"StrikeDummy"},{"floor":25,"key":"Regal Pillow"},{"floor":30,"key":"HornCleat"},{"floor":30,"key":"Happy Flower"},{"floor":31,"key":"Bird Faced Urn"},{"floor":31,"key":"Boot"},{"floor":40,"key":"Mercury Hourglass"},{"floor":40,"key":"Pantograph"},{"floor":41,"key":"Pear"},{"floor":43,"key":"CeramicFish"},{"floor":43,"key":"Guardian:StasisCodex"},{"floor":46,"key":"Prayer Wheel"},{"floor":46,"key":"Molten Egg 2"},{"floor":52,"key":"Gambling Chip"},{"floor":52,"key":"Du-Vu Doll"}],"event_choices":[{"damage_healed":0,"gold_gain":0,"player_choice":"Inject Mutagens","damage_taken":0,"relics_obtained":["MutagenicStrength"],"max_hp_gain":0,"max_hp_loss":0,"event_name":"Drug Dealer","floor":26,"gold_loss":0},{"cards_removed":["Guardian:SpikerProtocol"],"damage_healed":0,"gold_gain":0,"player_choice":"Removed Power","damage_taken":0,"max_hp_gain":0,"max_hp_loss":0,"event_name":"Falling","floor":48,"gold_loss":0}],"is_beta":false,"boss_relics":[{"not_picked":["Fusion Hammer","Velvet Choker"],"picked":"Black Star"},{"not_picked":["Calling Bell","expansioncontent:StudyCardRelic"],"picked":"Philosopher\u0027s Stone"}],"items_purged_floors":[22],"is_endless":false,"potions_floor_spawned":[2,6,10,12,20,30,31,36,40,46],"ascension_level":0}}