{"host":"kwyq3wo3fj8d4s27","time":1613183006,"event":{"mods":["BaseMod","Colored Map","Highlight Path","Minty Spire (QoL Compilation)","Shop Mod","StSLib"],"gold_per_floor":[111,124,140,354,354,386,386,573,627,670,701,713,725,751,763,879,891,918,930,961,527,527,558,573,573,623,623,640,34,48,64,64,168,168,182,182,194,213,223,254,304,304,328,115,133,133,80,80,80,80],"floor_reached":51,"language":"ENG","playtime":2326,"items_purged":["Strike_G","Strike_G","Strike_G","Defend_G","A Thousand Cuts","Defend_G+1"],"score":882,"play_id":"835d6a9f-60d3-4ec1-ada1-ce7e5c40675b","local_time":"20210212182326","is_ascension_mode":false,"campfire_choices":[{"data":"Neutralize","floor":7,"key":"SMITH"},{"data":"Sadistic Nature","floor":13,"key":"SMITH"},{"data":"Survivor","floor":15,"key":"SMITH"},{"data":"Defend_G","floor":25,"key":"SMITH"},{"data":"Defend_G","floor":32,"key":"SMITH"},{"data":"Footwork","floor":42,"key":"SMITH"},{"data":"Noxious Fumes","floor":49,"key":"SMITH"}],"circlet_count":0,"master_deck":["Defend_G+1","Defend_G+1","Defend_G+1","Survivor+1","Dodge and Roll+1","Noxious Fumes+1","Sadistic Nature+1","Deadly Poison+1","Burst+1","Bouncing Flask+1","Noxious Fumes+1","Bouncing Flask+1","Finesse+1","Escape Plan+1","Noxious Fumes+1","Escape Plan+1","Escape Plan+1","Footwork+1","Noxious Fumes","Bouncing Flask+1","Noxious Fumes+1","Madness+1","Madness+1"],"relics":["Ring of the Snake","NeowsBlessing","MerchantsRug","Oddly Smooth Stone","Toxic Egg 2","Strange Spoon","Nunchaku","Ornamental Fan","Molten Egg 2","Bronze Scales","Toy Ornithopter","OrangePellets","Strawberry","Regal Pillow","Vajra","DollysMirror","Mango","SlaversCollar","Ninja Scroll","Girya","War Paint","Lee\u0027s Waffle","InkBottle","Ice Cream"],"acts_visited":["Exordium","TheCity","TheBeyond"],"potions_floor_usage":[50,50,50],"damage_taken":[{"damage":0,"enemies":"Cultist","floor":1,"turns":1},{"damage":0,"enemies":"Jaw Worm","floor":2,"turns":1},{"damage":0,"enemies":"Small Slimes","floor":3,"turns":1},{"damage":54,"enemies":"3 Sentries","floor":6,"turns":17},{"damage":15,"enemies":"Gremlin Nob","floor":10,"turns":5},{"damage":0,"enemies":"Red Slaver","floor":11,"turns":4},{"damage":2,"enemies":"Gremlin Gang","floor":14,"turns":2},{"damage":0,"enemies":"Hexaghost","floor":16,"turns":7},{"damage":3,"enemies":"2 Thieves","floor":18,"turns":4},{"damage":1,"enemies":"3 Byrds","floor":20,"turns":3},{"damage":2,"enemies":"Gremlin Leader","floor":23,"turns":5},{"damage":4,"enemies":"Snecko","floor":24,"turns":4},{"damage":10,"enemies":"Sentry and Sphere","floor":28,"turns":3},{"damage":0,"enemies":"Centurion and Healer","floor":30,"turns":5},{"damage":0,"enemies":"Snake Plant","floor":31,"turns":3},{"damage":8,"enemies":"Automaton","floor":33,"turns":7},{"damage":5,"enemies":"Orb Walker","floor":35,"turns":4},{"damage":4,"enemies":"3 Shapes","floor":37,"turns":4},{"damage":8,"enemies":"Maw","floor":38,"turns":6},{"damage":6,"enemies":"Sphere and 2 Shapes","floor":39,"turns":4},{"damage":36,"enemies":"Nemesis","floor":40,"turns":6},{"damage":0,"enemies":"Mind Bloom Boss Battle","floor":41,"turns":4},{"damage":3,"enemies":"Writhing Mass","floor":45,"turns":5},{"damage":18,"enemies":"Donu and Deca","floor":50,"turns":6}],"seed_played":"7584881428602929334","potions_obtained":[{"floor":1,"key":"LiquidMemories"},{"floor":2,"key":"LiquidMemories"},{"floor":33,"key":"Block Potion"}],"is_trial":false,"path_per_floor":["M","M","M","$","?","E","R","$","T","E","M","?","R","M","R","B",null,"M","?","M","$","?","E","M","R","T","?","M","$","M","M","R","B",null,"M","?","M","M","M","E","?","R","T","$","M","?","$","?","R","B",null],"character_chosen":"THE_SILENT","items_purchased":["MerchantsRug","Oddly Smooth Stone","Toxic Egg 2","Strange Spoon","Noxious Fumes","Sadistic Nature","Molten Egg 2","Bronze Scales","ColorlessPotion","OrangePellets","Finesse+1","Strawberry","DollysMirror","Mango","Noxious Fumes","Lee\u0027s Waffle","InkBottle","Ice Cream","Bouncing Flask+1","Noxious Fumes"],"campfire_rested":0,"item_purchase_floors":[4,4,4,4,8,8,8,8,8,21,21,21,29,29,44,47,47,47,47,47],"current_hp_per_floor":[70,70,70,70,45,55,55,55,55,40,40,40,40,38,38,38,70,67,67,66,73,73,71,67,67,67,67,57,71,71,71,71,63,91,86,86,82,74,68,32,32,32,32,32,29,29,98,86,86,83],"gold":80,"neow_bonus":"THREE_ENEMY_KILL","is_daily":false,"chose_seed":false,"campfire_upgraded":7,"win_rate":0.0,"timestamp":1613183006,"path_taken":["M","?","M","$","?","E","R","$","T","E","M","?","R","M","R","BOSS","M","?","?","$","?","E","M","R","T","?","?","$","M","M","R","BOSS","M","?","M","M","M","E","?","R","T","$","?","?","?","?","R","BOSS"],"items_purchased_type":["Relic","Relic","Relic","Relic","Card","Card","Relic","Relic","Potion","Relic","Card","Relic","Relic","Relic","Card","Relic","Relic","Relic","Card","Card"],"build_version":"2020-12-22","purchased_purges":6,"victory":true,"max_hp_per_floor":[70,70,70,70,70,70,70,70,70,70,70,70,70,70,70,70,70,70,70,70,77,77,77,77,77,77,77,77,91,91,91,91,91,91,91,91,91,91,91,91,91,91,91,91,91,91,98,98,98,98],"card_choices":[{"not_picked":["Heel Hook","All Out Attack","Quick Slash"],"picked":"SKIP","floor":1},{"not_picked":["Deflect","Dash","Dagger Spray"],"picked":"SKIP","floor":2},{"not_picked":["Heel Hook","Dash","Sucker Punch"],"picked":"SKIP","floor":3},{"not_picked":["Sucker Punch","Doppelganger+1"],"picked":"Dodge and Roll+1","floor":6},{"not_picked":["PiercingWail+1","Choke+1","Dagger Spray+1"],"picked":"SKIP","floor":10},{"not_picked":["Flying Knee+1","Acrobatics+1"],"picked":"Deadly Poison+1","floor":11},{"not_picked":["Slice+1","Dodge and Roll+1","Acrobatics+1"],"picked":"SKIP","floor":14},{"not_picked":["Wraith Form v2","Doppelganger+1"],"picked":"Burst+1","floor":16},{"not_picked":["Endless Agony+1","Quick Slash+1"],"picked":"Bouncing Flask+1","floor":18},{"not_picked":["Deadly Poison+1","All Out Attack+1"],"picked":"Bouncing Flask+1","floor":20},{"not_picked":["Masterful Stab+1","Outmaneuver+1"],"picked":"Escape Plan+1","floor":23},{"not_picked":["Finisher+1","Expertise+1","Dagger Throw+1"],"picked":"SKIP","floor":24},{"not_picked":["Reflex+1","Backflip+1","Skewer+1"],"picked":"SKIP","floor":28},{"not_picked":["Poisoned Stab+1","Outmaneuver+1","Acrobatics+1"],"picked":"SKIP","floor":30},{"not_picked":["Sucker Punch+1","Poisoned Stab+1","Blade Dance+1"],"picked":"SKIP","floor":31},{"not_picked":["Burst+1","Phantasmal Killer+1"],"picked":"A Thousand Cuts","floor":33},{"not_picked":["Riddle With Holes+1","Outmaneuver+1","Acrobatics+1"],"picked":"SKIP","floor":35},{"not_picked":["Deadly Poison+1","Reflex+1"],"picked":"Escape Plan+1","floor":37},{"not_picked":["Predator+1","Quick Slash+1","Infinite Blades"],"picked":"SKIP","floor":38},{"not_picked":["Skewer+1","Outmaneuver+1"],"picked":"Escape Plan+1","floor":39},{"not_picked":["Leg Sweep+1","Riddle With Holes+1","Dodge and Roll+1"],"picked":"SKIP","floor":40},{"not_picked":["Prepared+1","Skewer+1"],"picked":"Footwork","floor":41},{"not_picked":["Deadly Poison+1","Riddle With Holes+1","Terror+1"],"picked":"SKIP","floor":45}],"player_experience":2407,"relics_obtained":[{"floor":6,"key":"Ornamental Fan"},{"floor":9,"key":"MawBank"},{"floor":10,"key":"Toy Ornithopter"},{"floor":23,"key":"Regal Pillow"},{"floor":26,"key":"Vajra"},{"floor":40,"key":"Ninja Scroll"},{"floor":41,"key":"Girya"},{"floor":43,"key":"War Paint"}],"event_choices":[{"damage_healed":0,"gold_gain":0,"player_choice":"Success","damage_taken":25,"relics_obtained":["Nunchaku"],"max_hp_gain":0,"max_hp_loss":0,"event_name":"Scrap Ooze","floor":5,"gold_loss":0},{"damage_healed":0,"gold_gain":0,"player_choice":"Forge","damage_taken":0,"max_hp_gain":0,"max_hp_loss":0,"event_name":"Accursed Blacksmith","floor":12,"gold_loss":0,"cards_upgraded":["Noxious Fumes"]},{"damage_healed":0,"gold_gain":0,"player_choice":"Copied","damage_taken":0,"max_hp_gain":0,"max_hp_loss":0,"event_name":"Duplicator","floor":19,"gold_loss":0,"cards_obtained":["Noxious Fumes"]},{"damage_healed":0,"gold_gain":0,"player_choice":"Ignored","damage_taken":0,"max_hp_gain":0,"max_hp_loss":0,"event_name":"Vampires","floor":22,"gold_loss":0},{"damage_healed":0,"gold_gain":0,"player_choice":"Upgraded","damage_taken":0,"max_hp_gain":0,"max_hp_loss":0,"event_name":"Upgrade Shrine","floor":27,"gold_loss":0,"cards_upgraded":["Defend_G"]},{"cards_removed":["Neutralize"],"damage_healed":0,"gold_gain":0,"player_choice":"Removed Attack","damage_taken":0,"max_hp_gain":0,"max_hp_loss":0,"event_name":"Falling","floor":36,"gold_loss":0},{"damage_healed":0,"gold_gain":0,"player_choice":"Fight","damage_taken":0,"max_hp_gain":0,"max_hp_loss":0,"event_name":"MindBloom","floor":41,"gold_loss":0},{"damage_healed":0,"gold_gain":0,"player_choice":"Ignored","damage_taken":0,"max_hp_gain":0,"max_hp_loss":0,"event_name":"Mysterious Sphere","floor":46,"gold_loss":0},{"damage_healed":0,"gold_gain":0,"player_choice":"Embrace Madness","damage_taken":12,"max_hp_gain":0,"max_hp_loss":0,"event_name":"Winding Halls","floor":48,"gold_loss":0,"cards_obtained":["Madness","Madness"]}],"is_beta":false,"boss_relics":[{"not_picked":["Tiny House","Velvet Choker"],"picked":"Empty Cage"},{"not_picked":["Astrolabe","Philosopher\u0027s Stone"],"picked":"SlaversCollar"}],"items_purged_floors":[4,8,21,29,44,47],"is_endless":false,"potions_floor_spawned":[1,2,11,14,20,23,24,30,33,37,39,40,41],"ascension_level":0}}