{"host":"jruzzdd1waq9u00d","time":1613205555,"event":{"mods":["BaseMod","Colored Map","Colored Powertips","DeckTracker","Downfall","Minty Spire (QoL Compilation)","Quick Restart","Relic Stats","StSLib","SuperFastMode"],"gold_per_floor":[99,116,135,135,152,183,209,224,253,263,275,175,193,207,224,224,224,224],"floor_reached":16,"language":"ENG","playtime":4857,"items_purged":[],"score":168,"play_id":"80e5c915-00b6-4049-9357-2ee21527f170","local_time":"20210213173915","is_ascension_mode":false,"campfire_choices":[{"data":"Guardian:TwinSlam","floor":1.0,"key":"SMITH"},{"floor":12.0,"key":"RECALL"}],"circlet_count":0,"master_deck":["Guardian:Strike_Guardian","Guardian:Strike_Guardian","Guardian:Strike_Guardian","Guardian:Strike_Guardian","Guardian:Defend_Guardian","Guardian:Defend_Guardian","Guardian:Defend_Guardian","Guardian:Defend_Guardian+1","Guardian:CurlUp+1","Guardian:TwinSlam+1","Guardian:TwinSlam+1","Guardian:RefractedBeam","Guardian:VentSteam","Guardian:Gem_Red","Guardian:Gem_White"],"relics":["Guardian:ModeShifter","War Paint","Lantern","downfall:HeartBlessingBlue"],"acts_visited":["Exordium"],"potions_floor_usage":[16,16],"damage_taken":[{"damage":0.0,"enemies":"2 Louse","floor":2.0,"turns":2.0},{"damage":1.0,"enemies":"Cultist","floor":3.0,"turns":4.0},{"damage":3.0,"enemies":"Small Slimes","floor":5.0,"turns":3.0},{"damage":27.0,"enemies":"3 Sentries","floor":6.0,"turns":11.0},{"damage":8.0,"enemies":"Red Slaver","floor":8.0,"turns":3.0},{"damage":6.0,"enemies":"Gremlin Nob","floor":9.0,"turns":3.0},{"damage":13.0,"enemies":"Exordium Thugs","floor":10.0,"turns":5.0},{"damage":5.0,"enemies":"Exordium Wildlife","floor":11.0,"turns":6.0},{"damage":8,"enemies":"3 Louse","floor":13,"turns":3},{"damage":0,"enemies":"Large Slime","floor":14,"turns":1},{"damage":4,"enemies":"Blue Slaver","floor":15,"turns":2},{"damage":36,"enemies":"WA_ARCHETYPE_RETAIN","floor":16,"turns":6}],"seed_played":"-2463854798182013688","potions_obtained":[{"floor":2.0,"key":"hexamod:SoulburnPotion"},{"floor":5.0,"key":"Energy Potion"},{"floor":11.0,"key":"Energy Potion"}],"is_trial":false,"path_per_floor":["R","M","M","?","M","E","T","M","E","M","M","R","M","M","M","B"],"character_chosen":"GUARDIAN","items_purchased":[],"campfire_rested":0,"item_purchase_floors":[],"current_hp_per_floor":[88,88,87,87,84,57,57,49,43,30,25,35,27,27,23,0,0,0],"gold":224,"neow_bonus":"TEN_PERCENT_HP_BONUS","is_daily":false,"chose_seed":false,"campfire_upgraded":1,"win_rate":0.0,"timestamp":1613205555,"path_taken":["R","M","M","?","M","E","T","M","E","M","M","R","M","?","M","BOSS"],"items_purchased_type":[],"build_version":"2020-12-22","purchased_purges":0,"victory":false,"max_hp_per_floor":[88,88,88,88,88,88,88,88,88,88,88,98,98,98,98,98,98,98],"relic_stats":{"counters":[12,49],"War Paint":["Guardian:Defend_Guardian","Guardian:CurlUp"],"obtain_stats":[{"Lantern":9,"downfall:HeartBlessingBlue":12,"Guardian:ModeShifter":0,"War Paint":6},{"Lantern":6,"downfall:HeartBlessingBlue":8,"Guardian:ModeShifter":0,"War Paint":4},{"Lantern":26,"downfall:HeartBlessingBlue":37,"Guardian:ModeShifter":0,"War Paint":20}]},"card_choices":[{"not_picked":["Guardian:Gem_Crimson","Guardian:CrystalBeam"],"picked":"Guardian:Gem_Cyan","floor":2.0},{"not_picked":["Guardian:VentSteam","Guardian:Incinerate","Guardian:Suspension"],"picked":"SKIP","floor":3.0},{"not_picked":["Guardian:PiercingHide","Guardian:PrimingBeam","Guardian:ShieldCharger"],"picked":"SKIP","floor":5.0},{"not_picked":["Guardian:PrismaticBarrier","Guardian:StasisStrike"],"picked":"Guardian:RefractedBeam","floor":6.0},{"not_picked":["Guardian:ChargeCore","Guardian:TemporalShield"],"picked":"Guardian:VentSteam","floor":8.0},{"not_picked":["Guardian:CrystalBeam","Guardian:Reroute","Guardian:Orbwalk"],"picked":"SKIP","floor":9.0},{"not_picked":["Guardian:Emergency","Guardian:Reroute","Guardian:EvasiveProtocol"],"picked":"SKIP","floor":10.0},{"not_picked":["Guardian:PiercingHide","Guardian:Recover","Guardian:Planning"],"picked":"SKIP","floor":11.0},{"not_picked":["Guardian:Gem_Cyan","Guardian:CrystalBeam"],"picked":"Guardian:Gem_Red","floor":13},{"not_picked":["Guardian:PrismaticBeam","Guardian:Gem_Lightblue"],"picked":"Guardian:Gem_White","floor":14},{"not_picked":["Guardian:Planning","Guardian:WalkerClaw","Guardian:EvasiveProtocol"],"picked":"SKIP","floor":15}],"player_experience":444288,"relics_obtained":[{"floor":6.0,"key":"War Paint"},{"floor":9.0,"key":"Lantern"}],"event_choices":[],"is_beta":false,"boss_relics":[],"items_purged_floors":[],"is_endless":false,"potions_floor_spawned":[2,5,11],"killed_by":"WA_ARCHETYPE_RETAIN","ascension_level":0}}