{"host":"baymyijz6sxaqj5s","time":1613209620,"event":{"mods":["AchievementEnabler","BaseMod","Colored Map","Colored Powertips","DeckTracker","Highlight Path","KOR Keyword Fix","Keyboard Shortcuts","Minty Spire (QoL Compilation)","StSLib","SuperFastMode","everything is the same but u backflip on backflip"],"gold_per_floor":[113,113,125,75,85,85,102,113,113,113,125,144,44,44,44,44,44],"floor_reached":16,"language":"KOR","playtime":810,"items_purged":["Strike_R"],"score":108,"play_id":"2dd523cc-60cb-49b0-9cba-c00b6fab63ef","local_time":"20210213184700","is_ascension_mode":true,"campfire_choices":[{"data":"Heavy Blade","floor":6,"key":"SMITH"},{"floor":15,"key":"REST"}],"circlet_count":0,"master_deck":["Strike_R","Strike_R","Strike_R+1","Strike_R","Defend_R+1","Defend_R","Defend_R","Defend_R","Bash","Sword Boomerang","Dropkick","Heavy Blade+1","Ghostly Armor","Flame Barrier","Battle Trance","Shrug It Off"],"relics":["Burning Blood","Thread and Needle"],"acts_visited":["Exordium"],"potions_floor_usage":[12,12],"damage_taken":[{"damage":8,"enemies":"2 Louse","floor":1,"turns":3},{"damage":0,"enemies":"Small Slimes","floor":3,"turns":3},{"damage":2,"enemies":"Jaw Worm","floor":5,"turns":3},{"damage":3,"enemies":"3 Louse","floor":7,"turns":3},{"damage":11,"enemies":"Blue Slaver","floor":8,"turns":5},{"damage":0,"enemies":"Exordium Wildlife","floor":11,"turns":5},{"damage":17,"enemies":"Gremlin Gang","floor":12,"turns":9},{"damage":95,"enemies":"Hexaghost","floor":16,"turns":14}],"seed_played":"-49977174723078055","potions_obtained":[{"floor":3,"key":"HeartOfIron"},{"floor":8,"key":"ColorlessPotion"},{"floor":12,"key":"Explosive Potion"}],"is_trial":false,"path_per_floor":["M","?","M","$","M","R","M","M","T","?","M","M","$","?","R","B"],"character_chosen":"IRONCLAD","items_purchased":["Heavy Blade","Shrug It Off"],"campfire_rested":1,"item_purchase_floors":[4,13],"current_hp_per_floor":[86,86,88,88,88,88,88,83,83,65,71,60,60,65,92,0,0],"gold":44,"neow_bonus":"TEN_PERCENT_HP_BONUS","is_daily":false,"chose_seed":false,"campfire_upgraded":1,"win_rate":0.0,"timestamp":1613209620,"path_taken":["M","?","M","$","M","R","M","M","T","?","M","M","$","?","R","BOSS"],"items_purchased_type":["Card","Card"],"build_version":"2020-12-22","purchased_purges":1,"victory":false,"max_hp_per_floor":[88,88,88,88,88,88,88,88,88,88,88,88,88,93,93,93,93],"card_choices":[{"not_picked":["Warcry","Pommel Strike"],"picked":"Sword Boomerang","floor":1},{"not_picked":["Thunderclap","Pommel Strike"],"picked":"Dropkick","floor":3},{"not_picked":["Infernal Blade","Thunderclap"],"picked":"Ghostly Armor","floor":5},{"not_picked":["Anger","Pommel Strike"],"picked":"Flame Barrier","floor":7},{"not_picked":["Pommel Strike","Burning Pact","Uppercut"],"picked":"SKIP","floor":8},{"not_picked":["Pommel Strike","Searing Blow"],"picked":"Battle Trance","floor":11},{"not_picked":["Sentinel","Flex","Sword Boomerang"],"picked":"SKIP","floor":12}],"player_experience":86368,"relics_obtained":[{"floor":9,"key":"Thread and Needle"}],"event_choices":[{"damage_healed":0,"gold_gain":0,"player_choice":"Ignored","damage_taken":0,"max_hp_gain":0,"max_hp_loss":0,"event_name":"Golden Idol","floor":2,"gold_loss":0},{"damage_healed":0,"gold_gain":0,"player_choice":"Entered Light","damage_taken":18,"max_hp_gain":0,"max_hp_loss":0,"event_name":"Shining Light","floor":10,"gold_loss":0,"cards_upgraded":["Strike_R","Defend_R"]},{"damage_healed":0,"gold_gain":0,"player_choice":"Donut","damage_taken":0,"max_hp_gain":5,"max_hp_loss":0,"event_name":"Big Fish","floor":14,"gold_loss":0}],"is_beta":false,"boss_relics":[],"items_purged_floors":[13],"is_endless":false,"potions_floor_spawned":[3,8,12],"killed_by":"Hexaghost","ascension_level":3}}