{"host":"a5lz0e76zb3fcwkm","time":1613243029,"event":{"mods":["AchievementEnabler","BaseMod","Colored Map","Colored Powertips","Minty Spire (QoL Compilation)","StSLib","SuperFastMode"],"gold_per_floor":[114,114,114,114,114,114,143,32,100,113,113,128,161,176,176,250,250,262,107,117,117,136,136,153,103,103,103,123,140,103,18,18,94,94,108,125,0,18,18,44,95,109,133,133,133,143,143,160,160,160,160,160,160,21,49,49,49],"floor_reached":56,"language":"KOR","playtime":2056,"items_purged":["Strike_B","Reprogram","Darkness"],"score":1899,"play_id":"188ddf8d-33a1-4075-a821-88673fc4d95f","local_time":"20210214040349","is_ascension_mode":true,"campfire_choices":[{"data":"Zap","floor":6.0,"key":"SMITH"},{"data":"Static Discharge","floor":11.0,"key":"SMITH"},{"data":"Defragment","floor":15.0,"key":"SMITH"},{"data":"Seek","floor":23.0,"key":"SMITH"},{"data":"Capacitor","floor":27.0,"key":"SMITH"},{"floor":32.0,"key":"REST"},{"floor":49.0,"key":"RECALL"},{"data":"Capacitor","floor":53.0,"key":"SMITH"}],"circlet_count":0,"master_deck":["AscendersBane","Zap+1","Dualcast+1","Sweeping Beam","Static Discharge+1","Go for the Eyes+1","Defragment+1","Electrodynamics","Buffer","Seek+1","Melter+1","Capacitor+1","Consume+1","Genetic Algorithm","Aggregate","Turbo","Cold Snap+1","Capacitor+1","Force Field","Coolheaded","Heatsinks+1","Defragment","All For One+1","Glacier","Glacier+1","Force Field","Heatsinks"],"relics":["Cracked Core","NeowsBlessing","Lizard Tail","Molten Egg 2","Symbiotic Virus","Mummified Hand","Pandora\u0027s Box","Centennial Puzzle","Busted Crown","Strawberry","Shovel","Boot","Orichalcum"],"acts_visited":["Exordium","TheCity","TheBeyond","TheEnding"],"potions_floor_usage":[55],"damage_taken":[{"damage":0.0,"enemies":"2 Louse","floor":1.0,"turns":1.0},{"damage":0.0,"enemies":"Lagavulin","floor":7.0,"turns":1.0},{"damage":0.0,"enemies":"Small Slimes","floor":10.0,"turns":1.0},{"damage":1.0,"enemies":"Cultist","floor":12.0,"turns":3.0},{"damage":30.0,"enemies":"3 Sentries","floor":13.0,"turns":4.0},{"damage":0.0,"enemies":"2 Fungi Beasts","floor":14.0,"turns":2.0},{"damage":19.0,"enemies":"Hexaghost","floor":16.0,"turns":7.0},{"damage":0.0,"enemies":"Spheric Guardian","floor":18.0,"turns":1.0},{"damage":11.0,"enemies":"2 Thieves","floor":20.0,"turns":3.0},{"damage":13.0,"enemies":"Chosen and Byrds","floor":22.0,"turns":4.0},{"damage":0.0,"enemies":"3 Cultists","floor":24.0,"turns":3.0},{"damage":37.0,"enemies":"Cultist and Chosen","floor":28.0,"turns":4.0},{"damage":0.0,"enemies":"Sentry and Sphere","floor":29.0,"turns":3.0},{"damage":2.0,"enemies":"Champ","floor":33.0,"turns":9.0},{"damage":12.0,"enemies":"Orb Walker","floor":35.0,"turns":2.0},{"damage":0.0,"enemies":"3 Shapes","floor":36.0,"turns":5.0},{"damage":0.0,"enemies":"Transient","floor":38.0,"turns":6.0},{"damage":0.0,"enemies":"Giant Head","floor":40.0,"turns":9.0},{"damage":6.0,"enemies":"2 Orb Walkers","floor":41.0,"turns":4.0},{"damage":5.0,"enemies":"Jaw Worm Horde","floor":42.0,"turns":3.0},{"damage":0.0,"enemies":"Sphere and 2 Shapes","floor":46.0,"turns":3.0},{"damage":0.0,"enemies":"Maw","floor":48.0,"turns":6.0},{"damage":2.0,"enemies":"Time Eater","floor":50.0,"turns":13.0},{"damage":12.0,"enemies":"Donu and Deca","floor":51.0,"turns":8.0},{"damage":59,"enemies":"Shield and Spear","floor":55,"turns":6},{"damage":9,"enemies":"The Heart","floor":56,"turns":2}],"seed_played":"-704321492834443019","potions_obtained":[{"floor":5.0,"key":"LiquidMemories"},{"floor":5.0,"key":"Ancient Potion"},{"floor":13.0,"key":"ColorlessPotion"},{"floor":16.0,"key":"LiquidMemories"},{"floor":24.0,"key":"AttackPotion"},{"floor":33.0,"key":"AttackPotion"},{"floor":36.0,"key":"Energy Potion"},{"floor":40.0,"key":"PowerPotion"},{"floor":41.0,"key":"EssenceOfDarkness"}],"is_trial":false,"path_per_floor":["M","?","?","?","?","R","E","$","T","M","R","M","E","M","R","B",null,"M","$","M","?","M","R","M","?","T","R","M","M","$","?","R","B",null,"M","M","$","M","?","E","?","M","T","?","?","M","$","M","R","B","B",null,"R","$","E","B"],"character_chosen":"DEFECT","items_purchased":["Static Discharge","Turbo","Defragment","Heatsinks","PowerPotion"],"campfire_rested":1,"item_purchase_floors":[8,19,30,54,54],"current_hp_per_floor":[64,43,38,43,43,43,43,43,43,43,43,42,12,12,12,38,67,67,67,56,56,43,43,43,43,43,43,6,6,6,6,28,26,64,52,52,52,52,52,59,53,48,48,48,48,48,48,48,48,46,34,68,68,68,9,0,0],"gold":49,"neow_bonus":"THREE_ENEMY_KILL","is_daily":false,"chose_seed":false,"campfire_upgraded":6,"win_rate":0.0,"timestamp":1613243029,"path_taken":["M","?","?","?","?","R","E","$","T","?","R","M","E","M","R","BOSS","M","$","M","?","M","R","M","?","T","R","M","?","$","?","R","BOSS","M","M","$","M","?","E","?","M","T","?","?","?","?","M","R","BOSS","BOSS","R","$","E","BOSS"],"items_purchased_type":["Card","Card","Card","Card","Potion"],"build_version":"2020-12-22","purchased_purges":3,"victory":false,"max_hp_per_floor":[71,71,71,76,76,76,76,76,76,76,76,76,76,76,76,76,76,76,76,76,76,76,76,76,76,76,76,76,76,76,76,76,76,76,76,76,76,76,72,79,79,79,79,79,79,79,79,79,79,79,79,79,79,79,79,79,79],"card_choices":[{"not_picked":["Rebound","Redo"],"picked":"Sweeping Beam","floor":1.0},{"not_picked":["Storm","Force Field","Stack"],"picked":"SKIP","floor":7.0},{"not_picked":["Reprogram","Leap"],"picked":"Go for the Eyes+1","floor":10.0},{"not_picked":["Darkness","Amplify"],"picked":"Defragment","floor":12.0},{"not_picked":["Recycle","Barrage+1"],"picked":"Electrodynamics","floor":13.0},{"not_picked":["Redo","Sweeping Beam+1"],"picked":"Sunder+1","floor":14.0},{"not_picked":["Hyperbeam+1","Reboot"],"picked":"Buffer","floor":16.0},{"not_picked":["Streamline+1","Blizzard+1"],"picked":"Aggregate","floor":18.0},{"not_picked":["Static Discharge","Loop"],"picked":"Cold Snap+1","floor":20.0},{"not_picked":["Streamline+1","Ball Lightning+1"],"picked":"Force Field","floor":22.0},{"not_picked":["Leap","Hologram","Stack"],"picked":"SKIP","floor":24.0},{"not_picked":["Sweeping Beam+1","Steam"],"picked":"Coolheaded","floor":28.0},{"not_picked":["Loop","Barrage+1"],"picked":"Heatsinks+1","floor":29.0},{"not_picked":["Buffer","Biased Cognition"],"picked":"All For One+1","floor":33.0},{"not_picked":[],"picked":"Glacier","floor":35.0},{"not_picked":["Rebound+1"],"picked":"SKIP","floor":36.0},{"not_picked":["Beam Cell+1"],"picked":"SKIP","floor":38.0},{"not_picked":["Rip and Tear+1"],"picked":"SKIP","floor":40.0},{"not_picked":[],"picked":"Glacier+1","floor":41.0},{"not_picked":[],"picked":"Force Field","floor":42.0},{"not_picked":["Leap"],"picked":"SKIP","floor":46.0},{"not_picked":["Auto Shields"],"picked":"SKIP","floor":48.0},{"not_picked":["Streamline+1"],"picked":"SKIP","floor":55}],"player_experience":1888391,"relics_obtained":[{"floor":7.0,"key":"Molten Egg 2"},{"floor":9.0,"key":"Symbiotic Virus"},{"floor":13.0,"key":"Mummified Hand"},{"floor":40.0,"key":"Strawberry"},{"floor":41.0,"key":"Shovel"},{"floor":43.0,"key":"Boot"},{"floor":55,"key":"Orichalcum"}],"event_choices":[{"damage_healed":0.0,"max_hp_gain":0.0,"max_hp_loss":0.0,"gold_gain":0.0,"event_name":"Shining Light","player_choice":"Entered Light","floor":2.0,"gold_loss":0.0,"damage_taken":21.0,"cards_upgraded":["Dualcast","Defend_B"]},{"damage_healed":0.0,"max_hp_gain":0.0,"max_hp_loss":0.0,"gold_gain":0.0,"event_name":"Scrap Ooze","player_choice":"Success","floor":3.0,"gold_loss":0.0,"damage_taken":5.0,"relics_obtained":["Lizard Tail"]},{"damage_healed":0.0,"max_hp_gain":5.0,"max_hp_loss":0.0,"gold_gain":0.0,"event_name":"Big Fish","player_choice":"Donut","floor":4.0,"gold_loss":0.0,"damage_taken":0.0},{"damage_healed":0.0,"max_hp_gain":0.0,"max_hp_loss":0.0,"gold_gain":0.0,"event_name":"Lab","player_choice":"Got Potions","floor":5.0,"gold_loss":0.0,"damage_taken":0.0},{"damage_healed":0.0,"max_hp_gain":0.0,"max_hp_loss":0.0,"gold_gain":0.0,"event_name":"The Library","player_choice":"Read","floor":21.0,"gold_loss":0.0,"damage_taken":0.0,"cards_obtained":["Capacitor"]},{"damage_healed":0.0,"max_hp_gain":0.0,"max_hp_loss":0.0,"gold_gain":0.0,"event_name":"Designer","player_choice":"Upgrade","floor":25.0,"gold_loss":50.0,"damage_taken":0.0,"cards_upgraded":["Consume"]},{"damage_healed":0.0,"max_hp_gain":0.0,"max_hp_loss":0.0,"gold_gain":0.0,"event_name":"Addict","player_choice":"Obtained Relic","floor":31.0,"gold_loss":85.0,"damage_taken":0.0,"relics_obtained":["Centennial Puzzle"]},{"damage_healed":0.0,"max_hp_gain":0.0,"max_hp_loss":4.0,"gold_gain":0.0,"event_name":"Winding Halls","player_choice":"Max HP","floor":39.0,"gold_loss":0.0,"damage_taken":0.0},{"damage_healed":0.0,"max_hp_gain":0.0,"max_hp_loss":0.0,"gold_gain":0.0,"event_name":"Mysterious Sphere","player_choice":"Fight","floor":41.0,"gold_loss":0.0,"damage_taken":0.0},{"damage_healed":0.0,"max_hp_gain":0.0,"max_hp_loss":0.0,"gold_gain":0.0,"event_name":"SensoryStone","player_choice":"Memory 1","floor":44.0,"gold_loss":0.0,"damage_taken":0.0},{"cards_removed":["Sunder"],"damage_healed":0.0,"max_hp_gain":0.0,"max_hp_loss":0.0,"gold_gain":0.0,"event_name":"Falling","player_choice":"Removed Attack","floor":45.0,"gold_loss":0.0,"damage_taken":0.0}],"is_beta":false,"boss_relics":[{"not_picked":["Coffee Dripper","Cursed Key"],"picked":"Pandora\u0027s Box"},{"not_picked":["Runic Dome","Runic Pyramid"],"picked":"Busted Crown"}],"items_purged_floors":[8,19,37],"is_endless":false,"potions_floor_spawned":[7,13,16,24,33,36,40,41,42],"killed_by":"The Heart","ascension_level":20}}