{"host":"7k2a2omxz3voj5ax","time":1613244137,"event":{"mods":["BaseMod","Marisa£¨ìFÓê¡¡Ä§ÀíÉ³£©","Minty Spire (QoL Compilation)","Quick Restart","Spicy Shops","StSLib","Starting Relic: Pandora\u0027s Box","Yakumo Yukari mod","¡¾ÒÅÎï¿¨ÅÆ¡¿REMEMod","óô»ðÖ¸ÄÏ"],"gold_per_floor":[115,115,126,51,66,66,93,93,104,104,54,4,4,31,41,41,41,41,142,142,159,159,258,208,223,240,42,42,42],"floor_reached":28,"language":"ZHS","playtime":909,"items_purged":["Sweeping Beam","Dualcast","Sweeping Beam","REME_Shoggoth"],"score":304,"play_id":"9129ae8b-6f57-48f0-946e-7a959576db88","local_time":"20210214042217","is_ascension_mode":true,"campfire_choices":[{"data":"Defragment","floor":6.0,"key":"SMITH"},{"data":"Turbo","floor":8.0,"key":"SMITH"},{"data":"Zap","floor":13.0,"key":"SMITH"},{"data":"Fission","floor":17.0,"key":"SMITH"},{"data":"Hyperbeam","floor":18.0,"key":"SMITH"}],"circlet_count":0,"master_deck":["Zap+1","Steam","Turbo+1","White Noise","Hyperbeam+1","Juggernaut","Defragment+1","Meteor Strike","Consume","Fission+1","Biased Cognition"],"relics":["Pandora\u0027s Box","REME_ComplimentaryCards","DataDisk","Smiling Mask","Singing Bowl","Black Star","Runic Capacitor"],"acts_visited":["Exordium","TheCity"],"potions_floor_usage":[28],"damage_taken":[{"damage":0.0,"enemies":"Cultist","floor":1.0,"turns":1.0},{"damage":10.0,"enemies":"Small Slimes","floor":3.0,"turns":3.0},{"damage":14.0,"enemies":"2 Louse","floor":5.0,"turns":2.0},{"damage":8.0,"enemies":"Lagavulin","floor":7.0,"turns":7.0},{"damage":8.0,"enemies":"Exordium Wildlife","floor":9.0,"turns":2.0},{"damage":9.0,"enemies":"3 Sentries","floor":14.0,"turns":3.0},{"damage":9.0,"enemies":"2 Fungi Beasts","floor":15.0,"turns":2.0},{"damage":0.0,"enemies":"Slime Boss","floor":19.0,"turns":4.0},{"damage":0.0,"enemies":"Spheric Guardian","floor":21.0,"turns":2.0},{"damage":6.0,"enemies":"Chosen","floor":25.0,"turns":3.0},{"damage":37.0,"enemies":"Snake Plant","floor":26.0,"turns":3.0},{"damage":36,"enemies":"Chosen and Byrds","floor":28,"turns":4}],"seed_played":"-4030894541233380348","potions_obtained":[{"floor":5.0,"key":"Block Potion"},{"floor":7.0,"key":"REME_GoldPotion"},{"floor":9.0,"key":"AttackPotion"},{"floor":19.0,"key":"PotionOfCapacity"}],"is_trial":false,"path_per_floor":["M","?","M","$","M","R","E","R","M","T","$","?","R","E","M","$","R","R","B",null,"M","?","?","$","M","M","R","M"],"character_chosen":"DEFECT","items_purchased":["Runic Capacitor"],"campfire_rested":0,"item_purchase_floors":[27],"current_hp_per_floor":[68,68,58,58,44,44,36,36,28,28,28,28,28,21,14,14,14,14,14,72,74,74,74,74,70,35,35,0,0],"gold":42,"neow_bonus":"TRANSFORM_TWO_CARDS","is_daily":false,"chose_seed":false,"campfire_upgraded":5,"win_rate":0.0,"timestamp":1613244137,"path_taken":["M","?","M","$","M","R","E","R","M","T","?","?","R","E","M","$","R","R","BOSS","M","?","?","?","M","M","R","M"],"items_purchased_type":["Relic"],"build_version":"2020-12-22","purchased_purges":4,"victory":false,"max_hp_per_floor":[68,68,68,68,68,68,68,68,68,68,68,68,68,70,72,72,72,72,72,72,74,74,74,74,76,78,78,78,78],"card_choices":[{"not_picked":["Sweeping Beam","Streamline","Ball Lightning"],"picked":"SKIP","floor":1.0},{"not_picked":["Self Repair","Streamline"],"picked":"Consume","floor":3.0},{"not_picked":["Leap","Darkness"],"picked":"Fission","floor":5.0},{"not_picked":["Heatsinks","Hello World","Double Energy"],"picked":"SKIP","floor":7.0},{"not_picked":["Stack","Beam Cell","Steam"],"picked":"SKIP","floor":9.0},{"not_picked":["Aggregate","Hologram","Chill"],"picked":"Singing Bowl","floor":14.0},{"not_picked":["Barrage","Steam","Ball Lightning"],"picked":"Singing Bowl","floor":15.0},{"not_picked":["Multi-Cast","Creative AI"],"picked":"Biased Cognition","floor":19.0},{"not_picked":["Compile Driver+1","Reprogram","Gash"],"picked":"Singing Bowl","floor":21.0},{"not_picked":["Conserve Battery","Gash+1","Aggregate"],"picked":"Singing Bowl","floor":25.0},{"not_picked":["Turbo","Barrage","Sweeping Beam"],"picked":"Singing Bowl","floor":26.0}],"player_experience":270279,"relics_obtained":[{"floor":7.0,"key":"DataDisk"},{"floor":10.0,"key":"Smiling Mask"},{"floor":14.0,"key":"Singing Bowl"}],"event_choices":[{"damage_healed":0.0,"max_hp_gain":0.0,"max_hp_loss":0.0,"gold_gain":0.0,"event_name":"Match and Keep!","player_choice":"2 cards matched","floor":2.0,"gold_loss":0.0,"damage_taken":0.0,"cards_obtained":["Defragment","Meteor Strike"]},{"cards_removed":["Go for the Eyes"],"damage_healed":0.0,"max_hp_gain":0.0,"max_hp_loss":0.0,"gold_gain":0.0,"event_name":"The Cleric","player_choice":"Card Removal","floor":12.0,"gold_loss":50.0,"damage_taken":0.0},{"damage_healed":0.0,"max_hp_gain":0.0,"max_hp_loss":0.0,"gold_gain":0.0,"event_name":"Ghosts","player_choice":"Ignored","floor":22.0,"gold_loss":0.0,"damage_taken":0.0},{"damage_healed":0.0,"max_hp_gain":0.0,"max_hp_loss":0.0,"gold_gain":99.0,"event_name":"Nest","player_choice":"Stole From Cult","floor":23.0,"gold_loss":0.0,"damage_taken":0.0}],"is_beta":false,"boss_relics":[{"not_picked":["Busted Crown","Empty Cage"],"picked":"Black Star"}],"items_purged_floors":[4,11,24,27],"is_endless":false,"potions_floor_spawned":[5,7,9,19,25,26],"killed_by":"Chosen and Byrds","ascension_level":2}}