{"host":"bf5upntvbdompq33","time":1613178424,"event":{"mods":["BaseMod","Bestiary","Colored Map","Colored Powertips","Curses Come First","Minty Spire (QoL Compilation)","StSLib","ojb\u0027s Info Mod"],"gold_per_floor":[112,187,187,197,197,197,372,389,389,389,389,95,124,136,136,214,214,228,228,245,262,361,361,391,404,404,404,404,404],"floor_reached":28,"language":"ENG","playtime":2994,"items_purged":["Doubt"],"score":401,"play_id":"11f537db-7164-4fa3-863a-9ce7947d7c0f","local_time":"20210212180704","is_ascension_mode":true,"campfire_choices":[{"data":"Body Slam","floor":6,"key":"SMITH"},{"data":"Shrug It Off","floor":11,"key":"SMITH"},{"data":"Pommel Strike","floor":15,"key":"SMITH"},{"data":"Barricade","floor":23,"key":"SMITH"},{"floor":27,"key":"RECALL"}],"circlet_count":0,"master_deck":["AscendersBane","Strike_R","Strike_R","Strike_R","Strike_R","Defend_R","Defend_R","Defend_R","Defend_R","Bash","Body Slam+1","Shrug It Off+1","Metallicize","Armaments+1","Pommel Strike+1","Cleave","PanicButton+1","Headbutt","Shrug It Off+1","Barricade+1","Battle Trance+1","Necronomicurse","Armaments+1","Iron Wave","Doubt"],"relics":["Burning Blood","NeowsBlessing","Eternal Feather","Toxic Egg 2","Girya","Cursed Key","Necronomicon","CaptainsWheel","Pantograph"],"acts_visited":["Exordium","TheCity"],"potions_floor_usage":[16,20,24,28],"damage_taken":[{"damage":0,"enemies":"Jaw Worm","floor":1,"turns":1},{"damage":0,"enemies":"Small Slimes","floor":4,"turns":1},{"damage":0,"enemies":"2 Louse","floor":8,"turns":2},{"damage":31,"enemies":"Lagavulin","floor":13,"turns":9},{"damage":0,"enemies":"Large Slime","floor":14,"turns":2},{"damage":45,"enemies":"Slime Boss","floor":16,"turns":16},{"damage":3,"enemies":"Shell Parasite","floor":18,"turns":6},{"damage":0,"enemies":"Chosen","floor":20,"turns":4},{"damage":0,"enemies":"Snecko","floor":21,"turns":7},{"damage":45,"enemies":"Slavers","floor":24,"turns":8},{"damage":2,"enemies":"Snake Plant","floor":25,"turns":5},{"damage":81,"enemies":"Gremlin Leader","floor":28,"turns":8}],"seed_played":"-2350659560887091949","potions_obtained":[{"floor":8,"key":"ColorlessPotion"},{"floor":16,"key":"AttackPotion"},{"floor":21,"key":"Regen Potion"},{"floor":24,"key":"Energy Potion"}],"is_trial":false,"path_per_floor":["M","?","?","M","?","R","?","M","T","?","R","$","E","M","R","B",null,"M","?","M","M","?","R","E","M","T","R","E"],"character_chosen":"IRONCLAD","items_purchased":["Armaments+1","Pommel Strike","Cleave","PanicButton+1"],"campfire_rested":0,"item_purchase_floors":[12,12,12,12],"current_hp_per_floor":[74,63,45,51,51,57,57,63,63,63,69,69,44,50,59,20,61,64,48,54,60,60,72,48,52,52,67,0,0],"gold":404,"neow_bonus":"THREE_ENEMY_KILL","is_daily":false,"chose_seed":false,"campfire_upgraded":4,"win_rate":0.0,"timestamp":1613178424,"path_taken":["M","?","?","M","?","R","?","M","T","?","R","?","E","M","R","BOSS","M","?","M","M","?","R","E","M","T","R","E"],"items_purchased_type":["Card","Card","Card","Card"],"build_version":"2020-12-22","purchased_purges":1,"victory":false,"max_hp_per_floor":[75,75,75,75,75,75,75,75,75,75,75,75,75,75,75,75,75,75,75,75,75,75,75,75,75,75,75,75,75],"card_choices":[{"not_picked":["Dark Embrace","Armaments"],"picked":"Body Slam","floor":1},{"not_picked":["Clash","Clothesline","Thunderclap"],"picked":"SKIP","floor":4},{"not_picked":["Heavy Blade","Anger"],"picked":"Shrug It Off","floor":8},{"not_picked":["Dark Embrace","Second Wind+1"],"picked":"Headbutt","floor":13},{"not_picked":["Sword Boomerang","Flex+1"],"picked":"Shrug It Off+1","floor":14},{"not_picked":["Brutality","Feed"],"picked":"Barricade","floor":16},{"not_picked":["Perfected Strike","Heavy Blade"],"picked":"Battle Trance+1","floor":18},{"not_picked":["Sword Boomerang","Wild Strike"],"picked":"Armaments+1","floor":20},{"not_picked":["Armaments+1","Carnage","Uppercut"],"picked":"SKIP","floor":21},{"not_picked":["Uppercut","Twin Strike"],"picked":"Iron Wave","floor":24},{"not_picked":["Infernal Blade+1","Sentinel+1","Whirlwind"],"picked":"SKIP","floor":25}],"player_experience":1555061,"relics_obtained":[{"floor":9,"key":"Toxic Egg 2"},{"floor":13,"key":"Girya"},{"floor":19,"key":"Necronomicon"},{"floor":24,"key":"CaptainsWheel"},{"floor":26,"key":"Pantograph"}],"event_choices":[{"damage_healed":0,"gold_gain":75,"player_choice":"Gather Gold","damage_taken":11,"max_hp_gain":0,"max_hp_loss":0,"event_name":"World of Goop","floor":2,"gold_loss":0},{"damage_healed":0,"gold_gain":0,"player_choice":"Success","damage_taken":18,"relics_obtained":["Eternal Feather"],"max_hp_gain":0,"max_hp_loss":0,"event_name":"Scrap Ooze","floor":3,"gold_loss":0},{"damage_healed":0,"gold_gain":0,"player_choice":"Ignored","damage_taken":0,"max_hp_gain":0,"max_hp_loss":0,"event_name":"Shining Light","floor":5,"gold_loss":0},{"damage_healed":0,"gold_gain":175,"player_choice":"AGREE","damage_taken":0,"max_hp_gain":0,"max_hp_loss":0,"event_name":"Liars Game","floor":7,"gold_loss":0,"cards_obtained":["Doubt"]},{"damage_healed":0,"gold_gain":0,"cards_transformed":["Strike_R"],"player_choice":"Change","damage_taken":0,"max_hp_gain":0,"max_hp_loss":0,"event_name":"Living Wall","floor":10,"gold_loss":0,"cards_obtained":["Metallicize"]},{"damage_healed":0,"gold_gain":0,"player_choice":"Obtained Book","damage_taken":16,"max_hp_gain":0,"max_hp_loss":0,"event_name":"Cursed Tome","floor":19,"gold_loss":0},{"damage_healed":0,"gold_gain":99,"player_choice":"Stole From Cult","damage_taken":0,"max_hp_gain":0,"max_hp_loss":0,"event_name":"Nest","floor":22,"gold_loss":0}],"is_beta":false,"boss_relics":[{"not_picked":["Empty Cage","Astrolabe"],"picked":"Cursed Key"}],"items_purged_floors":[12],"is_endless":false,"potions_floor_spawned":[8,16,21,24],"killed_by":"Gremlin Leader","ascension_level":14}}