{"host":"hlz9nytggqnehs39","time":1613215645,"event":{"mods":["BaseMod","Highlight Path","Minty Spire (QoL Compilation)","Relic Stats"],"gold_per_floor":[109,123,123,123,139,139,157,188,237,255,255,291,291,309,309,407,407,420,445,203,217,237,237,275,37,60,94,119,119,42,60,60,153,153,167,20,34,57,57,57,81,115,115,139,139,148,148,0,0,0],"floor_reached":51,"language":"ENG","playtime":3268,"items_purged":["Pain","Decay"],"score":1212,"play_id":"515e43ce-d3d8-49c6-a9ae-5bb87c86ef2c","local_time":"20210213122725","is_ascension_mode":true,"campfire_choices":[{"data":"Go for the Eyes","floor":6,"key":"SMITH"},{"floor":15,"key":"REST"},{"floor":23,"key":"REST"},{"floor":32,"key":"REST"},{"floor":40,"key":"REST"},{"floor":47,"key":"REST"},{"floor":49,"key":"REST"}],"circlet_count":0,"master_deck":["AscendersBane","Strike_B","Strike_B","Strike_B","Strike_B","Defend_B","Defend_B","Defend_B","Defend_B","Zap","Dualcast","Genetic Algorithm","Sunder","Coolheaded","Go for the Eyes+1","Ball Lightning","Coolheaded","Capacitor","Electrodynamics","Stack","Apotheosis","Consume","Barrage","BootSequence+1","Glacier","Skim","Loop","Capacitor","Hologram+1","Buffer","Coolheaded+1","Biased Cognition","Biased Cognition","Echo Form","Capacitor","Steam Power","Defragment","Blind"],"relics":["FrozenCore","Symbiotic Virus","Vajra","Golden Idol","Bag of Marbles","WarpedTongs","Fusion Hammer","Ginger","OrangePellets","Nunchaku","Matryoshka","Anchor","Orrery","Ornamental Fan","CeramicFish","Cables"],"acts_visited":["Exordium","TheCity","TheBeyond"],"potions_floor_usage":[4,8,10,12,16,16,19,22,24,27,33,42,50],"damage_taken":[{"damage":7.0,"enemies":"Jaw Worm","floor":1.0,"turns":3.0},{"damage":0,"enemies":"2 Louse","floor":2,"turns":3},{"damage":1,"enemies":"Cultist","floor":5,"turns":3},{"damage":0,"enemies":"Looter","floor":7,"turns":4},{"damage":36,"enemies":"3 Sentries","floor":8,"turns":8},{"damage":0,"enemies":"3 Louse","floor":10,"turns":1},{"damage":1,"enemies":"Lagavulin","floor":12,"turns":6},{"damage":4,"enemies":"Gremlin Gang","floor":14,"turns":4},{"damage":10,"enemies":"The Guardian","floor":16,"turns":12},{"damage":5,"enemies":"Chosen","floor":18,"turns":4},{"damage":7,"enemies":"3 Byrds","floor":19,"turns":3},{"damage":0,"enemies":"Sentry and Sphere","floor":21,"turns":4},{"damage":5,"enemies":"Snecko","floor":22,"turns":5},{"damage":40,"enemies":"Slavers","floor":24,"turns":5},{"damage":34,"enemies":"Book of Stabbing","floor":27,"turns":5},{"damage":0,"enemies":"Centurion and Healer","floor":28,"turns":5},{"damage":3,"enemies":"Snake Plant","floor":31,"turns":7},{"damage":20,"enemies":"Collector","floor":33,"turns":14},{"damage":6,"enemies":"3 Darklings","floor":35,"turns":6},{"damage":0,"enemies":"Orb Walker","floor":37,"turns":4},{"damage":22,"enemies":"Spire Growth","floor":38,"turns":6},{"damage":0,"enemies":"Maw","floor":41,"turns":7},{"damage":28,"enemies":"Nemesis","floor":42,"turns":7},{"damage":0,"enemies":"Transient","floor":44,"turns":5},{"damage":49,"enemies":"Donu and Deca","floor":50,"turns":9}],"seed_played":"8511848140732764095","potions_obtained":[{"floor":1,"key":"Explosive Potion"},{"floor":4,"key":"Fruit Juice"},{"floor":4,"key":"Regen Potion"},{"floor":8,"key":"FearPotion"},{"floor":10,"key":"SpeedPotion"},{"floor":14,"key":"Weak Potion"},{"floor":16,"key":"AttackPotion"},{"floor":19,"key":"Strength Potion"},{"floor":21,"key":"Weak Potion"},{"floor":24,"key":"Ancient Potion"},{"floor":31,"key":"Swift Potion"},{"floor":37,"key":"SteroidPotion"},{"floor":38,"key":"PowerPotion"}],"is_trial":false,"path_per_floor":["M","M","?","?","M","R","M","E","T","M","?","E","?","M","R","B",null,"M","M","$","M","M","R","E","$","T","E","M","?","$","M","R","B",null,"M","$","M","M","?","R","M","E","T","M","?","?","R","$","R","B",null],"character_chosen":"DEFECT","items_purchased":["Apotheosis","OrangePellets","Glacier","FearPotion","Capacitor","Orrery","Swift Potion"],"campfire_rested":6,"item_purchase_floors":[20,25,25,25,30,36,48],"current_hp_per_floor":[61,61,66,71,70,70,70,49,49,49,28,27,27,23,48,38,73,68,61,61,61,56,81,41,41,41,7,7,7,7,4,29,9,66,60,60,60,38,38,63,63,35,35,35,35,35,60,60,85,36],"gold":0,"neow_bonus":"THREE_CARDS","is_daily":false,"chose_seed":false,"campfire_upgraded":1,"win_rate":0.0,"timestamp":1613215645,"path_taken":["M","M","?","?","M","R","M","E","T","?","?","E","?","M","R","BOSS","M","M","$","?","M","R","E","?","T","E","M","?","$","M","R","BOSS","M","$","M","M","?","R","M","E","T","?","?","?","R","$","R","BOSS"],"items_purchased_type":["Card","Relic","Card","Potion","Card","Relic","Potion"],"build_version":"2020-12-22","purchased_purges":2,"victory":true,"max_hp_per_floor":[75,75,80,85,85,85,85,85,85,85,85,85,85,85,85,85,85,85,85,85,85,85,85,85,85,85,85,85,85,85,85,85,85,85,85,85,85,85,85,85,85,85,85,85,85,85,85,85,85,85],"relic_stats":{"OrangePellets":[14],"Nunchaku":[7],"counters":[25,140],"Golden Idol":137,"Ornamental Fan":[4],"CeramicFish":9,"Ginger":[10],"obtain_stats":[{"Golden Idol":11,"CeramicFish":43,"Vajra":9,"Ginger":24,"WarpedTongs":13,"FrozenCore":34,"Cables":43,"OrangePellets":25,"Nunchaku":26,"Anchor":29,"Matryoshka":27,"Ornamental Fan":42,"Orrery":36,"Fusion Hammer":17,"Bag of Marbles":12,"Cracked Core":0,"Symbiotic Virus":8},{"Golden Idol":6,"CeramicFish":23,"Vajra":5,"Ginger":14,"WarpedTongs":7,"FrozenCore":18,"Cables":23,"OrangePellets":14,"Nunchaku":14,"Anchor":16,"Matryoshka":15,"Ornamental Fan":23,"Orrery":19,"Fusion Hammer":9,"Bag of Marbles":7,"Cracked Core":0,"Symbiotic Virus":5},{"Golden Idol":22,"CeramicFish":126,"Vajra":21,"Ginger":65,"WarpedTongs":28,"FrozenCore":96,"Cables":126,"OrangePellets":65,"Nunchaku":65,"Anchor":75,"Matryoshka":70,"Ornamental Fan":126,"Orrery":102,"Fusion Hammer":44,"Bag of Marbles":28,"Cracked Core":0,"Symbiotic Virus":21}],"FrozenCore":[19],"WarpedTongs":[82],"Cables":[16,2,9,5,0]},"card_choices":[{"not_picked":["Streamline","Melter"],"picked":"Genetic Algorithm","floor":0.0},{"not_picked":["FTL","Compile Driver"],"picked":"Sunder","floor":1},{"not_picked":["Genetic Algorithm","Steam Power"],"picked":"Coolheaded","floor":2},{"not_picked":["Chill","Hologram"],"picked":"Go for the Eyes","floor":5},{"not_picked":["Hologram","Blizzard"],"picked":"Ball Lightning","floor":7},{"not_picked":["Streamline","Amplify"],"picked":"Coolheaded","floor":8},{"not_picked":["Genetic Algorithm","Streamline","Force Field"],"picked":"SKIP","floor":10},{"not_picked":["Gash","FTL"],"picked":"Capacitor","floor":12},{"not_picked":["Cold Snap","Double Energy","Gash"],"picked":"SKIP","floor":14},{"not_picked":["Creative AI","Buffer"],"picked":"Electrodynamics","floor":16},{"not_picked":["Coolheaded","Reprogram"],"picked":"Stack","floor":18},{"not_picked":["Rebound+1","Compile Driver"],"picked":"Redo+1","floor":19},{"not_picked":["Streamline","Chill"],"picked":"Consume","floor":21},{"not_picked":["Doom and Gloom","Force Field+1"],"picked":"Barrage","floor":22},{"not_picked":["Machine Learning","Steam Power"],"picked":"BootSequence+1","floor":24},{"not_picked":["Leap","Thunder Strike"],"picked":"Skim","floor":27},{"not_picked":["Doom and Gloom","Hologram"],"picked":"Loop","floor":28},{"not_picked":["Stack","Conserve Battery"],"picked":"Hologram+1","floor":31},{"not_picked":["All For One","Multi-Cast"],"picked":"Buffer","floor":33},{"not_picked":["Ball Lightning+1","Streamline"],"picked":"Coolheaded+1","floor":35},{"not_picked":["Streamline","Steam"],"picked":"Biased Cognition","floor":36},{"not_picked":["Leap","Rip and Tear"],"picked":"Biased Cognition","floor":36},{"not_picked":["Stack+1","Go for the Eyes+1"],"picked":"Echo Form","floor":36},{"not_picked":["Defragment","Redo"],"picked":"Capacitor","floor":36},{"not_picked":["Melter","Gash+1","Streamline"],"picked":"SKIP","floor":37},{"not_picked":["Sunder+1","Reprogram+1"],"picked":"Steam Power","floor":38},{"not_picked":["Chaos","Fission","BootSequence"],"picked":"SKIP","floor":41},{"not_picked":["Ball Lightning+1","Cold Snap"],"picked":"Defragment","floor":42},{"not_picked":["Steam","FTL","Streamline"],"picked":"SKIP","floor":44},{"not_picked":["The Bomb","Magnetism"],"picked":"Blind","floor":46}],"player_experience":442270,"relics_obtained":[{"floor":8,"key":"Symbiotic Virus"},{"floor":9,"key":"Vajra"},{"floor":12,"key":"Bag of Marbles"},{"floor":24,"key":"Ginger"},{"floor":26,"key":"Nunchaku"},{"floor":27,"key":"Matryoshka"},{"floor":42,"key":"Ornamental Fan"},{"floor":43,"key":"CeramicFish"},{"floor":43,"key":"Cables"}],"event_choices":[{"damage_healed":0,"gold_gain":0,"player_choice":"Donut","damage_taken":0,"max_hp_gain":5,"max_hp_loss":0,"event_name":"Big Fish","floor":3,"gold_loss":0},{"damage_healed":0,"gold_gain":0,"player_choice":"Got Potions","damage_taken":0,"max_hp_gain":0,"max_hp_loss":0,"event_name":"Lab","floor":4,"gold_loss":0},{"damage_healed":0,"gold_gain":0,"player_choice":"Take Damage","damage_taken":21,"relics_obtained":["Golden Idol"],"max_hp_gain":0,"max_hp_loss":0,"event_name":"Golden Idol","floor":11,"gold_loss":0},{"damage_healed":0,"gold_gain":0,"player_choice":"Rummage","damage_taken":0,"relics_obtained":["WarpedTongs"],"max_hp_gain":0,"max_hp_loss":0,"event_name":"Accursed Blacksmith","floor":13,"gold_loss":0,"cards_obtained":["Pain"]},{"damage_healed":0,"gold_gain":0,"player_choice":"Gave Potion","damage_taken":0,"relics_obtained":["Anchor"],"max_hp_gain":0,"max_hp_loss":0,"event_name":"WeMeetAgain","floor":29,"gold_loss":0},{"damage_healed":0,"gold_gain":0,"player_choice":"Cursed","damage_taken":0,"max_hp_gain":0,"max_hp_loss":0,"event_name":"Wheel of Change","floor":39,"gold_loss":0,"cards_obtained":["Decay"]},{"cards_removed":["Redo"],"damage_healed":0,"gold_gain":0,"player_choice":"Removed Skill","damage_taken":0,"max_hp_gain":0,"max_hp_loss":0,"event_name":"Falling","floor":45,"gold_loss":0},{"damage_healed":0,"gold_gain":0,"player_choice":"Memory 1","damage_taken":0,"max_hp_gain":0,"max_hp_loss":0,"event_name":"SensoryStone","floor":46,"gold_loss":0}],"is_beta":false,"boss_relics":[{"not_picked":["Velvet Choker","Pandora\u0027s Box"],"picked":"Fusion Hammer"},{"not_picked":["Astrolabe","Busted Crown"],"picked":"FrozenCore"}],"items_purged_floors":[20,48],"is_endless":false,"potions_floor_spawned":[1,8,10,14,16,19,21,24,31,37,38,41],"ascension_level":13}}