{"host":"i8x3uekhioq8aaet","time":1613219891,"event":{"mods":["AchievementEnabler","BaseMod","Colored Map","Colored Powertips","DeckTracker","Minty Spire (QoL Compilation)","Relic Sorter","StSLib"],"gold_per_floor":[115,40,40,57,57,57,57,57,57,73,83,158,158,175,175,272,272,285,384,396,396,396],"floor_reached":21,"language":"ZHT","playtime":572,"items_purged":["Defend_R"],"score":228,"play_id":"11d91b54-a26e-4939-a716-edd8aa1bd85d","local_time":"20210213203811","is_ascension_mode":true,"campfire_choices":[{"data":"Fire Breathing","floor":6,"key":"SMITH"},{"floor":8,"key":"REST"},{"floor":15,"key":"REST"}],"circlet_count":0,"master_deck":["Strike_R+1","Strike_R","Strike_R+1","Defend_R","Defend_R","Defend_R","Bash","Fire Breathing+1","Flame Barrier+1","Heavy Blade","Barricade","Feed","Armaments+1","Body Slam+1"],"relics":["Burning Blood","Centennial Puzzle","Toxic Egg 2","Strawberry","Empty Cage"],"acts_visited":["Exordium","TheCity"],"potions_floor_usage":[16,16,18],"damage_taken":[{"damage":12,"enemies":"2 Louse","floor":1,"turns":3},{"damage":5,"enemies":"Small Slimes","floor":4,"turns":4},{"damage":14,"enemies":"Jaw Worm","floor":10,"turns":3},{"damage":11,"enemies":"Looter","floor":11,"turns":3},{"damage":5,"enemies":"2 Fungi Beasts","floor":14,"turns":4},{"damage":15,"enemies":"Slime Boss","floor":16,"turns":5},{"damage":59,"enemies":"Shell Parasite","floor":18,"turns":13},{"damage":11,"enemies":"Chosen","floor":20,"turns":7},{"damage":32,"enemies":"Centurion and Healer","floor":21,"turns":4}],"seed_played":"-1264509691426890460","potions_obtained":[{"floor":1,"key":"AttackPotion"},{"floor":14,"key":"Fire Potion"},{"floor":16,"key":"Energy Potion"},{"floor":20,"key":"Weak Potion"}],"is_trial":false,"path_per_floor":["M","$","?","M","?","R","?","R","T","M","M","?","?","M","R","B",null,"M","?","M","M"],"character_chosen":"IRONCLAD","items_purchased":[],"campfire_rested":2,"item_purchase_floors":[],"current_hp_per_floor":[66,66,66,67,67,67,51,75,75,67,62,51,58,59,85,76,84,34,34,29,0,0],"gold":396,"neow_bonus":"RANDOM_COMMON_RELIC","is_daily":false,"chose_seed":false,"campfire_upgraded":1,"win_rate":0.0,"timestamp":1613219891,"path_taken":["M","$","?","M","?","R","?","R","T","M","M","?","?","?","R","BOSS","M","?","M","M"],"items_purchased_type":[],"build_version":"2020-12-22","purchased_purges":1,"victory":false,"max_hp_per_floor":[80,80,80,80,80,80,80,80,80,80,80,80,87,87,87,87,87,90,90,90,90,90],"card_choices":[{"not_picked":["Sever Soul","Warcry","Wild Strike"],"picked":"SKIP","floor":1},{"not_picked":["True Grit","Feel No Pain"],"picked":"Fire Breathing","floor":4},{"not_picked":["Rupture","Twin Strike"],"picked":"Flame Barrier+1","floor":10},{"not_picked":["Carnage","Body Slam"],"picked":"Heavy Blade","floor":11},{"not_picked":["Body Slam","Pummel"],"picked":"Barricade","floor":14},{"not_picked":["Berserk","Double Tap+1"],"picked":"Feed","floor":16},{"not_picked":["Sever Soul+1","Rupture"],"picked":"Armaments+1","floor":18},{"not_picked":["Heavy Blade","Uppercut"],"picked":"Body Slam+1","floor":20}],"player_experience":328831,"relics_obtained":[{"floor":9,"key":"Toxic Egg 2"}],"event_choices":[{"damage_healed":0,"gold_gain":0,"player_choice":"Ignored","damage_taken":0,"max_hp_gain":0,"max_hp_loss":0,"event_name":"Liars Game","floor":3,"gold_loss":0},{"damage_healed":0,"gold_gain":0,"player_choice":"Ignored","damage_taken":0,"max_hp_gain":0,"max_hp_loss":0,"event_name":"Golden Idol","floor":5,"gold_loss":0},{"damage_healed":0,"gold_gain":0,"player_choice":"Entered Light","damage_taken":16,"max_hp_gain":0,"max_hp_loss":0,"event_name":"Shining Light","floor":7,"gold_loss":0,"cards_upgraded":["Strike_R","Strike_R"]},{"damage_healed":0,"gold_gain":75,"player_choice":"Gather Gold","damage_taken":11,"max_hp_gain":0,"max_hp_loss":0,"event_name":"World of Goop","floor":12,"gold_loss":0},{"damage_healed":0,"gold_gain":0,"player_choice":"Searched \u00271\u0027 times","damage_taken":0,"relics_obtained":["Strawberry"],"max_hp_gain":0,"max_hp_loss":0,"event_name":"Dead Adventurer","floor":13,"gold_loss":0},{"damage_healed":0,"gold_gain":99,"player_choice":"Stole From Cult","damage_taken":0,"max_hp_gain":0,"max_hp_loss":0,"event_name":"Nest","floor":19,"gold_loss":0}],"is_beta":false,"boss_relics":[{"not_picked":["Fusion Hammer","Runic Dome"],"picked":"Empty Cage"}],"items_purged_floors":[2],"is_endless":false,"potions_floor_spawned":[1,14,16,20],"killed_by":"Centurion and Healer","ascension_level":7}}