{"host":"78wmvn6ehym28k8f","time":1613242202,"event":{"mods":["BaseMod","Minty Spire (QoL Compilation)","Permanent Neow","Relic Sorter","Relic Stats","StSLib"],"gold_per_floor":[111,12,12,84,99,99,99,51,104,133,145,157,186,217,229,344,356,380,392,404,404],"floor_reached":20,"language":"ENG","playtime":1524,"items_purged":[],"score":162,"play_id":"98182524-d864-4952-ace8-9610f1862c47","local_time":"20210213115002","is_ascension_mode":false,"campfire_choices":[{"floor":6.0,"key":"REST"},{"data":"Poisoned Stab","floor":11.0,"key":"SMITH"},{"floor":15.0,"key":"REST"}],"circlet_count":0,"master_deck":["Strike_G","Strike_G","Strike_G+1","Strike_G","Defend_G","Defend_G","Defend_G","Defend_G+1","Defend_G","Survivor","Neutralize","Blur","Poisoned Stab+1","Iron Wave","Crippling Poison","Skewer","Noxious Fumes","Unload","Heel Hook+1","Blade Dance"],"relics":["SlaversCollar","Eternal Feather","MawBank","Sozu"],"acts_visited":["Exordium","TheCity"],"potions_floor_usage":[],"damage_taken":[{"damage":13.0,"enemies":"Small Slimes","floor":1.0,"turns":4.0},{"damage":15.0,"enemies":"Jaw Worm","floor":5.0,"turns":7.0},{"damage":1.0,"enemies":"Cultist","floor":10.0,"turns":5.0},{"damage":9.0,"enemies":"Exordium Wildlife","floor":13.0,"turns":5.0},{"damage":10.0,"enemies":"Exordium Thugs","floor":14.0,"turns":6.0},{"damage":43.0,"enemies":"Hexaghost","floor":16.0,"turns":10.0},{"damage":25,"enemies":"Shell Parasite","floor":18,"turns":8},{"damage":76,"enemies":"Masked Bandits","floor":20,"turns":4}],"seed_played":"-8668360005902387144","potions_obtained":[{"floor":10.0,"key":"LiquidBronze"}],"is_trial":false,"path_per_floor":["M","$","?","T","M","R","?","$","T","M","R","?","M","M","R","B",null,"M","?","?"],"character_chosen":"THE_SILENT","items_purchased":["FairyPotion","Weak Potion"],"campfire_rested":2,"item_purchase_floors":[2,8],"current_hp_per_floor":[57,57,57,57,42,69,69,69,69,68,70,56,47,37,67,24,70,45,45,0,0],"gold":404,"neow_bonus":"BOSS_RELIC","is_daily":false,"chose_seed":false,"campfire_upgraded":1,"win_rate":0.0,"timestamp":1613242202,"path_taken":["M","$","?","?","?","R","?","?","T","M","R","?","M","M","R","BOSS","M","?","?"],"items_purchased_type":["Potion","Potion"],"build_version":"2020-12-22","purchased_purges":0,"victory":false,"max_hp_per_floor":[70,70,70,70,70,70,70,70,70,70,70,70,70,70,70,70,70,70,70,70,70],"relic_stats":{"Sozu":0,"counters":[8,49],"Eternal Feather":17,"MawBank":132,"obtain_stats":[{"Sozu":17,"SlaversCollar":0,"Eternal Feather":4,"MawBank":9,"Ring of the Snake":0},{"Sozu":6,"SlaversCollar":0,"Eternal Feather":1,"MawBank":2,"Ring of the Snake":0},{"Sozu":37,"SlaversCollar":0,"Eternal Feather":4,"MawBank":11,"Ring of the Snake":0}]},"card_choices":[{"not_picked":["Prepared","Expertise"],"picked":"Blur","floor":1.0},{"not_picked":["Backstab","Acrobatics"],"picked":"Poisoned Stab","floor":5.0},{"not_picked":["Flying Knee","Sucker Punch"],"picked":"Crippling Poison","floor":10.0},{"not_picked":["Slice","Blade Dance"],"picked":"Skewer","floor":13.0},{"not_picked":["Sucker Punch","Terror"],"picked":"Noxious Fumes","floor":14.0},{"not_picked":["After Image","Adrenaline"],"picked":"Unload","floor":16.0},{"not_picked":["Acrobatics","Masterful Stab"],"picked":"Heel Hook+1","floor":18}],"player_experience":12371,"relics_obtained":[{"floor":4.0,"key":"Eternal Feather"},{"floor":9.0,"key":"MawBank"}],"event_choices":[{"damage_healed":0.0,"max_hp_gain":0.0,"max_hp_loss":0.0,"gold_gain":0.0,"event_name":"Liars Game","player_choice":"Ignored","floor":3.0,"gold_loss":0.0,"damage_taken":0.0},{"cards_removed":["Strike_G"],"damage_healed":0.0,"max_hp_gain":0.0,"max_hp_loss":0.0,"gold_gain":0.0,"event_name":"NoteForYourself","player_choice":"Took Card","floor":7.0,"gold_loss":0.0,"damage_taken":0.0,"cards_obtained":["Iron Wave"]},{"damage_healed":0.0,"max_hp_gain":0.0,"max_hp_loss":0.0,"gold_gain":0.0,"event_name":"Shining Light","player_choice":"Entered Light","floor":12.0,"gold_loss":0.0,"damage_taken":14.0,"cards_upgraded":["Defend_G","Strike_G"]},{"damage_healed":0,"gold_gain":0,"player_choice":"Read","damage_taken":0,"max_hp_gain":0,"max_hp_loss":0,"event_name":"The Library","floor":19,"gold_loss":0,"cards_obtained":["Blade Dance"]},{"damage_healed":0,"gold_gain":0,"player_choice":"Fought Bandits","damage_taken":0,"max_hp_gain":0,"max_hp_loss":0,"event_name":"Masked Bandits","floor":20,"gold_loss":0}],"is_beta":false,"boss_relics":[{"not_picked":["WristBlade","Cursed Key"],"picked":"Sozu"}],"items_purged_floors":[],"is_endless":false,"potions_floor_spawned":[10],"killed_by":"Masked Bandits","ascension_level":0}}