{"host":"zjc1tzo4ovig5lll","time":1613201685,"event":{"mods":["AchievementEnabler","Aspiration","BaseMod","Beaked The Cultist","Better Altar","Better Match","Better Note","Better Sensory Stone","Colored Map","Colored Powertips","Conspire","Energized Spire","Friendly Minions","GifTheSpireLib","Halation","Hermit","Hubris","Minty Spire (QoL Compilation)","Rare Cards Sparkle","Reliquary","Replay The Spire","StSLib","The Blue Laboratory","The Bug Knight","The Construct","The Jungle","everything is the same but u backflip on backflip"],"gold_per_floor":[112,73,73,27,47,75,75,102,102,116,116,131,56,56,56,56,56],"floor_reached":16,"language":"ENG","playtime":730,"items_purged":["beaked:Strike_Y"],"score":140,"play_id":"ec028c70-7732-4959-9842-1e0f28881bbb","local_time":"20210213093445","is_ascension_mode":true,"campfire_choices":[{"floor":7,"key":"RECALL"},{"floor":11,"key":"REST"},{"floor":15,"key":"DIG"}],"circlet_count":0,"master_deck":["beaked:Strike_Y","beaked:Strike_Y","beaked:Strike_Y","beaked:Strike_Y","beaked:Strike_Y","beaked:Defend_Y","beaked:Defend_Y","beaked:Defend_Y","beaked:Defend_Y","beaked:Ceremony","beaked:Ceremony","beaked:Insight","beaked:Insight","beaked:Insight","beaked:Hexing","beaked:VigorBurst","Scorching Beam","Self Repair"],"relics":["beaked:MendingPlumage","reliquary:SilkGlove","MealTicket","reliquary:JackalopeAntler","Gremlin Horn","Bird Faced Urn"],"acts_visited":["Exordium"],"potions_floor_usage":[6,16],"damage_taken":[{"damage":11.0,"enemies":"Cultist","floor":1.0,"turns":4.0},{"damage":10.0,"enemies":"Small Slimes","floor":5.0,"turns":4.0},{"damage":13,"enemies":"Gremlin Nob","floor":6,"turns":5},{"damage":61,"enemies":"HollowMod:MossKnight","floor":8,"turns":14},{"damage":11,"enemies":"Jaw Worm","floor":10,"turns":6},{"damage":40,"enemies":"3 Louse","floor":12,"turns":13},{"damage":112,"enemies":"Hexaghost","floor":16,"turns":13}],"seed_played":"690966827634010689","potions_obtained":[{"floor":5.0,"key":"blueLaboratory:StoneskinPotion"},{"floor":6,"key":"Block Potion"}],"is_trial":false,"path_per_floor":["M","$","?","$","M","E","R","E","T","M","R","M","$","?","R_BF","B"],"character_chosen":"BEAKED_THE_CULTIST","items_purchased":["beaked:Insight","beaked:Insight"],"campfire_rested":1,"item_purchase_floors":[2,4],"current_hp_per_floor":[42,42,47,47,47,47,47,26,26,32,48,50,60,60,60,0,0],"gold":56,"neow_bonus":"RANDOM_COMMON_RELIC","is_daily":false,"chose_seed":false,"campfire_upgraded":0,"win_rate":0.0,"timestamp":1613201685,"path_taken":["M","?","?","?","M","E","R","E","T","M","R","M","$","?","R_BF","BOSS"],"items_purchased_type":["Card","Card"],"build_version":"2020-12-22","purchased_purges":1,"victory":false,"max_hp_per_floor":[50,50,55,55,55,55,55,55,55,55,55,60,60,60,60,60,60],"card_choices":[{"not_picked":["beaked:Windmill","beaked:MimicWarrior","beaked:WindBringer"],"picked":"SKIP","floor":1.0},{"not_picked":["beaked:SurvivalInstinct","beaked:FeelMyPain","beaked:Replenish"],"picked":"SKIP","floor":5.0},{"not_picked":["beaked:Struggle","beaked:WarriorEssence","ReplayTheSpireMod:Owlgaze"],"picked":"SKIP","floor":6},{"not_picked":["beaked:RuinSticks","beaked:CrazyRituals"],"picked":"beaked:Hexing","floor":8},{"not_picked":["beaked:Daydream","beaked:Tradeoff","beaked:Tweet"],"picked":"SKIP","floor":10},{"not_picked":["beaked:MaddeningMurmurs","beaked:WarriorSpirit"],"picked":"beaked:VigorBurst","floor":12}],"player_experience":730583,"relics_obtained":[{"floor":6,"key":"MealTicket"},{"floor":8,"key":"reliquary:JackalopeAntler"},{"floor":9,"key":"Gremlin Horn"},{"floor":15,"key":"Bird Faced Urn"}],"event_choices":[{"damage_healed":0.0,"max_hp_gain":5.0,"max_hp_loss":0.0,"gold_gain":0.0,"event_name":"Big Fish","player_choice":"Donut","floor":3.0,"gold_loss":0.0,"damage_taken":0.0}],"is_beta":false,"boss_relics":[],"items_purged_floors":[13],"is_endless":false,"potions_floor_spawned":[5,6,10],"killed_by":"Hexaghost","ascension_level":6}}