{"host":"lly094a91h6n5nv5","time":1613250885,"event":{"mods":["AchievementEnabler","BaseMod","Block Reminder","Colored Map","Minty Spire (QoL Compilation)"],"gold_per_floor":[14,34,50,66,81,106,106,120,120,120,295,149,182,198,198,296,296,313,313,313,324,324,324,355,367,392,418,173,173,189,206,206,303,303,318,331,383,2,2,2,22,50,129,142,159,176,176,176,176,176],"floor_reached":51,"language":"ENG","playtime":5709,"items_purged":["Doubt","Strike_R"],"score":1085,"play_id":"73ab51df-c937-431b-a9ad-e4f69ce109e7","local_time":"20210213151445","is_ascension_mode":true,"campfire_choices":[{"floor":7,"key":"REST"},{"data":"Apotheosis","floor":15,"key":"SMITH"},{"data":"Combust","floor":23,"key":"SMITH"},{"floor":29,"key":"REST"},{"data":"Warcry","floor":32,"key":"SMITH"},{"floor":40,"key":"DIG"},{"floor":47,"key":"DIG"},{"floor":49,"key":"DIG"}],"circlet_count":0,"master_deck":["Bash","Apotheosis+1","Disarm","Combust+1","Spot Weakness","Warcry+1","Ghostly Armor+1","Flame Barrier","Shockwave","Twin Strike+1","Bludgeon+1","Pommel Strike+1","Headbutt+1","Exhume","Pommel Strike+1","Brutality","Havoc","Clash+1","Fiend Fire+1","Twin Strike+1","Twin Strike+1","Flex+1","Shrug It Off+1","Intimidate","Good Instincts"],"relics":["Burning Blood","TungstenRod","Ornamental Fan","Molten Egg 2","Busted Crown","War Paint","Torii","Regal Pillow","Orichalcum","Bag of Preparation","Pandora\u0027s Box","Shovel","Potion Belt","ClockworkSouvenir","Strawberry","Smiling Mask","Mercury Hourglass","Nunchaku","Boot"],"acts_visited":["Exordium","TheCity","TheBeyond"],"potions_floor_usage":[8,13,27,50,50,50,50,50,50],"damage_taken":[{"damage":2,"enemies":"Cultist","floor":1,"turns":4},{"damage":0,"enemies":"2 Louse","floor":2,"turns":4},{"damage":16,"enemies":"Jaw Worm","floor":3,"turns":4},{"damage":7,"enemies":"Red Slaver","floor":4,"turns":5},{"damage":22,"enemies":"Large Slime","floor":5,"turns":6},{"damage":28,"enemies":"3 Sentries","floor":6,"turns":6},{"damage":23,"enemies":"Exordium Thugs","floor":8,"turns":6},{"damage":18,"enemies":"Gremlin Nob","floor":13,"turns":4},{"damage":0,"enemies":"2 Fungi Beasts","floor":14,"turns":5},{"damage":0,"enemies":"Hexaghost","floor":16,"turns":9},{"damage":0,"enemies":"3 Byrds","floor":18,"turns":4},{"damage":10,"enemies":"2 Thieves","floor":21,"turns":4},{"damage":59,"enemies":"Gremlin Leader","floor":24,"turns":8},{"damage":0,"enemies":"Snake Plant","floor":25,"turns":4},{"damage":17,"enemies":"Slavers","floor":27,"turns":6},{"damage":0,"enemies":"Chosen and Byrds","floor":30,"turns":4},{"damage":6,"enemies":"3 Cultists","floor":31,"turns":5},{"damage":33,"enemies":"Collector","floor":33,"turns":8},{"damage":0,"enemies":"Orb Walker","floor":35,"turns":2},{"damage":0,"enemies":"3 Shapes","floor":36,"turns":5},{"damage":20,"enemies":"2 Orb Walkers","floor":37,"turns":4},{"damage":9,"enemies":"Writhing Mass","floor":41,"turns":5},{"damage":59,"enemies":"Nemesis","floor":42,"turns":7},{"damage":0,"enemies":"Sphere and 2 Shapes","floor":44,"turns":3},{"damage":0,"enemies":"Jaw Worm Horde","floor":45,"turns":3},{"damage":13,"enemies":"Spire Growth","floor":46,"turns":4},{"damage":23,"enemies":"Donu and Deca","floor":50,"turns":7}],"seed_played":"-4153408867430694479","potions_obtained":[{"floor":1,"key":"EssenceOfSteel"},{"floor":2,"key":"FearPotion"},{"floor":5,"key":"Energy Potion"},{"floor":14,"key":"BlessingOfTheForge"},{"floor":16,"key":"FairyPotion"},{"floor":24,"key":"Swift Potion"},{"floor":25,"key":"SkillPotion"},{"floor":27,"key":"EntropicBrew"},{"floor":30,"key":"FairyPotion"},{"floor":39,"key":"HeartOfIron"}],"is_trial":false,"path_per_floor":["M","M","M","M","M","E","R","M","T","$","?","$","E","M","R","B",null,"M","$","?","M","?","R","E","M","T","E","$","R","M","M","R","B",null,"M","M","?","$","?","R","M","E","T","M","M","M","R","?","R","B",null],"character_chosen":"IRONCLAD","items_purchased":["Shockwave","Bag of Preparation","Potion Belt","ClockworkSouvenir","DuplicationPotion"],"campfire_rested":2,"item_purchase_floors":[12,28,38,38,38],"current_hp_per_floor":[76,80,70,69,53,31,55,38,38,38,38,38,26,32,32,38,70,76,76,76,72,72,72,19,25,25,14,14,53,59,59,59,32,68,74,80,66,66,66,73,70,17,17,23,29,22,22,22,22,32],"gold":176,"neow_bonus":"RANDOM_COLORLESS_2","is_daily":false,"chose_seed":false,"campfire_upgraded":3,"win_rate":0.0,"timestamp":1613250885,"path_taken":["M","M","M","M","?","E","R","M","T","$","?","$","E","M","R","BOSS","M","$","?","?","?","R","E","M","T","E","$","R","M","?","R","BOSS","M","M","?","$","?","R","?","E","T","M","M","M","R","?","R","BOSS"],"items_purchased_type":["Card","Relic","Relic","Relic","Potion"],"build_version":"2020-12-22","purchased_purges":2,"victory":true,"max_hp_per_floor":[80,80,80,80,80,80,80,80,80,80,80,80,80,80,80,80,80,80,80,80,80,80,80,80,80,80,80,80,80,80,80,80,80,80,80,80,80,80,80,87,87,87,87,87,87,87,87,87,87,87],"card_choices":[{"not_picked":["HandOfGreed","Violence"],"picked":"Apotheosis","floor":0},{"not_picked":["Armaments","Sever Soul"],"picked":"Disarm","floor":1},{"not_picked":["Armaments","True Grit"],"picked":"Combust","floor":2},{"not_picked":["Clothesline","Wild Strike"],"picked":"Spot Weakness","floor":3},{"not_picked":["Thunderclap","Blood for Blood","Rampage"],"picked":"SKIP","floor":4},{"not_picked":["Pommel Strike","Perfected Strike"],"picked":"Warcry","floor":5},{"not_picked":["Wild Strike","Carnage"],"picked":"Ghostly Armor","floor":6},{"not_picked":["Heavy Blade","Clash"],"picked":"Flame Barrier","floor":8},{"not_picked":["Ghostly Armor","Sentinel","Iron Wave+1"],"picked":"SKIP","floor":13},{"not_picked":["Iron Wave+1","Shrug It Off"],"picked":"Twin Strike+1","floor":14},{"not_picked":["Corruption","Immolate+1"],"picked":"Bludgeon+1","floor":16},{"not_picked":[],"picked":"Pommel Strike+1","floor":18},{"not_picked":["Clash+1"],"picked":"SKIP","floor":21},{"not_picked":["Body Slam+1"],"picked":"SKIP","floor":24},{"not_picked":["Cleave+1"],"picked":"SKIP","floor":25},{"not_picked":["Armaments+1"],"picked":"SKIP","floor":27},{"not_picked":[],"picked":"Headbutt+1","floor":30},{"not_picked":["Cleave+1"],"picked":"SKIP","floor":31},{"not_picked":[],"picked":"Exhume","floor":33},{"not_picked":[],"picked":"Flex+1","floor":35},{"not_picked":["Seeing Red"],"picked":"SKIP","floor":36},{"not_picked":["Thunderclap+1"],"picked":"SKIP","floor":41},{"not_picked":[],"picked":"Shrug It Off+1","floor":42},{"not_picked":["Intimidate"],"picked":"SKIP","floor":44},{"not_picked":[],"picked":"Intimidate","floor":44},{"not_picked":["Twin Strike+1"],"picked":"SKIP","floor":45},{"not_picked":["Perfected Strike+1"],"picked":"SKIP","floor":46},{"not_picked":[],"picked":"Good Instincts","floor":48}],"player_experience":221411,"relics_obtained":[{"floor":6,"key":"TungstenRod"},{"floor":9,"key":"Ornamental Fan"},{"floor":13,"key":"Molten Egg 2"},{"floor":22,"key":"War Paint"},{"floor":24,"key":"Torii"},{"floor":26,"key":"Regal Pillow"},{"floor":27,"key":"Orichalcum"},{"floor":37,"key":"Shovel"},{"floor":40,"key":"Strawberry"},{"floor":42,"key":"Smiling Mask"},{"floor":43,"key":"Mercury Hourglass"},{"floor":47,"key":"Nunchaku"},{"floor":49,"key":"Boot"}],"event_choices":[{"damage_healed":0,"gold_gain":175,"player_choice":"AGREE","damage_taken":0,"max_hp_gain":0,"max_hp_loss":0,"event_name":"Liars Game","floor":11,"gold_loss":0,"cards_obtained":["Doubt"]},{"cards_removed":["Strike_R"],"damage_healed":0,"gold_gain":0,"player_choice":"Offered Basic","damage_taken":0,"max_hp_gain":0,"max_hp_loss":0,"event_name":"Bonfire Elementals","floor":20,"gold_loss":0},{"damage_healed":0,"gold_gain":0,"player_choice":"Relic","damage_taken":0,"max_hp_gain":0,"max_hp_loss":0,"event_name":"Wheel of Change","floor":22,"gold_loss":0},{"damage_healed":0,"gold_gain":0,"player_choice":"Fight","damage_taken":0,"max_hp_gain":0,"max_hp_loss":0,"event_name":"Mysterious Sphere","floor":37,"gold_loss":0},{"damage_healed":0,"gold_gain":0,"player_choice":"Got Potions","damage_taken":0,"max_hp_gain":0,"max_hp_loss":0,"event_name":"Lab","floor":39,"gold_loss":0},{"damage_healed":0,"gold_gain":0,"player_choice":"Memory 1","damage_taken":0,"max_hp_gain":0,"max_hp_loss":0,"event_name":"SensoryStone","floor":48,"gold_loss":0}],"is_beta":false,"boss_relics":[{"not_picked":["Runic Dome","Runic Cube"],"picked":"Busted Crown"},{"not_picked":["Coffee Dripper","Runic Pyramid"],"picked":"Pandora\u0027s Box"}],"items_purged_floors":[12,28],"is_endless":false,"potions_floor_spawned":[1,2,5,14,16,24,25,27,30,35,36,41],"ascension_level":9}}