{"host":"jjunaul04msmo6r1","time":1613189756,"event":{"mods":["BaseMod","Better Third Choice","Booster Modes","Colored Map","Downfall","Minty Spire (QoL Compilation)","Relic Stats","StSLib","UnlockEverythingMod","everything is the same but u backflip on backflip"],"gold_per_floor":[99,110,123,182,195,225,225,245,278,78,78,78,124,181,198,198,198,198],"floor_reached":16,"language":"ENG","playtime":2596,"items_purged":[],"score":128,"play_id":"e35523df-92ba-4b07-9c5e-8e2bcabe3310","local_time":"20210212211556","is_ascension_mode":true,"campfire_choices":[{"floor":1,"key":"RECALL"},{"data":"Wish","floor":12,"key":"SMITH"}],"circlet_count":0,"master_deck":["sneckomod:Strike","sneckomod:Strike","sneckomod:Strike","sneckomod:Defend","sneckomod:Defend","sneckomod:Defend","sneckomod:SnekBite","sneckomod:Unknown","sneckomod:Unknown","sneckomod:UnknownWeak","sneckomod:CheapStock","sneckomod:UnknownDraw","sneckomod:UnendingSupply","sneckomod:DiceBlock","sneckomod:DiceBlock","Wish+1","sneckomod:UnknownRareSkill","sneckomod:DiceBlock"],"relics":["sneckomod:SneckoSoul","Singing Bowl","Bag of Marbles","Toy Ornithopter","Darkstone Periapt","downfall:HeartBlessingRed","downfall:HeartBlessingGreen","Gremlin Horn"],"acts_visited":["Exordium"],"potions_floor_usage":[13,14,14,15,16],"damage_taken":[{"damage":5,"enemies":"2 Louse","floor":2,"turns":2},{"damage":1,"enemies":"Cultist","floor":3,"turns":3},{"damage":14,"enemies":"3 Sentries","floor":4,"turns":5},{"damage":9,"enemies":"Small Slimes","floor":5,"turns":4},{"damage":28,"enemies":"3 Sentries","floor":6,"turns":7},{"damage":17,"enemies":"Exordium Wildlife","floor":8,"turns":5},{"damage":4,"enemies":"Gremlin Nob","floor":9,"turns":3},{"damage":5,"enemies":"Large Slime","floor":13,"turns":6},{"damage":30,"enemies":"3 Sentries","floor":14,"turns":21},{"damage":9,"enemies":"2 Fungi Beasts","floor":15,"turns":6},{"damage":59,"enemies":"DF_ARCHETYPE_STREAMLINE","floor":16,"turns":14}],"seed_played":"1391268940760914351","potions_obtained":[{"floor":2,"key":"LiquidMemories"},{"floor":6,"key":"bronze:BurnAndBuffPotion"},{"floor":13,"key":"Swift Potion"},{"floor":14,"key":"ColorlessPotion"},{"floor":15,"key":"Swift Potion"}],"is_trial":false,"path_per_floor":["R","M","M","?","M","E","T","M","E","R","?","R","M","E","M","B"],"character_chosen":"THE_SNECKO","items_purchased":[],"campfire_rested":0,"item_purchase_floors":[],"current_hp_per_floor":[99,94,93,79,70,42,42,27,23,23,23,23,25,5,1,0,0,0],"gold":198,"neow_bonus":"TEN_PERCENT_HP_BONUS","is_daily":false,"chose_seed":false,"campfire_upgraded":1,"win_rate":0.0,"timestamp":1613189756,"path_taken":["R","M","M","?","M","E","T","M","E","R","?","R","?","E","M","BOSS"],"items_purchased_type":[],"build_version":"2020-12-22","purchased_purges":0,"victory":false,"max_hp_per_floor":[99,99,99,99,99,99,99,101,101,101,101,101,103,103,103,103,103,103],"relic_stats":{"Darkstone Periapt":0,"Singing Bowl":4,"Gremlin Horn":[1,1],"counters":[11,76],"obtain_stats":[{"Darkstone Periapt":9,"Singing Bowl":4,"downfall:HeartBlessingRed":10,"Gremlin Horn":14,"downfall:HeartBlessingGreen":10,"Bag of Marbles":6,"sneckomod:SneckoSoul":0,"Toy Ornithopter":7},{"Darkstone Periapt":7,"Singing Bowl":3,"downfall:HeartBlessingRed":7,"Gremlin Horn":9,"downfall:HeartBlessingGreen":7,"Bag of Marbles":5,"sneckomod:SneckoSoul":0,"Toy Ornithopter":5},{"Darkstone Periapt":29,"Singing Bowl":10,"downfall:HeartBlessingRed":29,"Gremlin Horn":56,"downfall:HeartBlessingGreen":29,"Bag of Marbles":21,"sneckomod:SneckoSoul":0,"Toy Ornithopter":21}],"Toy Ornithopter":25},"card_choices":[{"not_picked":["sneckomod:IronFang","sneckomod:Unknown0Cost"],"picked":"sneckomod:UnknownWeak","floor":2},{"not_picked":["sneckomod:RainOfDice","sneckomod:QuickMove"],"picked":"sneckomod:CheapStock","floor":3},{"not_picked":["sneckomod:DiceBoulder","sneckomod:QuickBite"],"picked":"sneckomod:UnknownStrength","floor":4},{"not_picked":["sneckomod:SoulRoll","sneckomod:UnknownStrength"],"picked":"sneckomod:UnknownDraw","floor":5},{"not_picked":["sneckomod:DiceBoulder","sneckomod:TrashToTreasure"],"picked":"sneckomod:UnendingSupply","floor":6},{"not_picked":["Guardian:Gem_Green","Guardian:Gem_Lightblue","Guardian:Gem_Cyan"],"picked":"Singing Bowl","floor":8},{"not_picked":["sneckomod:UnendingSupply","sneckomod:ImprovisedAttack"],"picked":"sneckomod:DiceBlock","floor":8},{"not_picked":["sneckomod:UnknownWeak","sneckomod:SoulExchange"],"picked":"sneckomod:DiceBlock","floor":9},{"not_picked":["sneckomod:IronFang","sneckomod:UnknownCommonAttack","sneckomod:DefensiveFlair"],"picked":"Singing Bowl","floor":13},{"not_picked":["sneckomod:UnknownVulnerable","sneckomod:Unknown1Cost"],"picked":"sneckomod:UnknownRareSkill","floor":14},{"not_picked":["sneckomod:UnknownDraw","sneckomod:DefensiveFlair"],"picked":"sneckomod:DiceBlock","floor":15}],"player_experience":558141,"relics_obtained":[{"floor":4,"key":"Singing Bowl"},{"floor":6,"key":"Bag of Marbles"},{"floor":7,"key":"Toy Ornithopter"},{"floor":9,"key":"Darkstone Periapt"},{"floor":14,"key":"Gremlin Horn"}],"event_choices":[{"cards_removed":["sneckomod:TailWhip"],"damage_healed":0,"gold_gain":0,"player_choice":"Offered Basic","damage_taken":0,"max_hp_gain":0,"max_hp_loss":0,"event_name":"Bonfire Elementals","floor":11,"gold_loss":0}],"is_beta":false,"boss_relics":[],"items_purged_floors":[],"is_endless":false,"potions_floor_spawned":[2,6,13,14,15],"killed_by":"DF_ARCHETYPE_STREAMLINE","ascension_level":1}}