{"host":"q2l6xtlpu05lrop8","time":1613257813,"event":{"mods":["AchievementEnabler","BaseMod","Colored Map","Googly Eyes","Minty Spire (QoL Compilation)","Slay the Streamer","StSLib","The IronCluck","slay the spire mod where everything is the same but ironclad has a cowboy hat"],"gold_per_floor":[113,113,126,39,59,59,89,139,139,139,158,189,205,218,247,247,318,318,318,318,318,318,318,318,318,318,318,318,203,203,203,203,15,15,15,15,15,15,15,15,15,15,15,15,15,15,15,15,15,15,15,15,15],"floor_reached":54,"language":"ENG","playtime":4288,"items_purged":[],"score":1492,"play_id":"8c4c8ddb-ad6f-4329-b56d-f81b07cb9bbb","local_time":"20210213151013","is_ascension_mode":true,"campfire_choices":[{"data":"Armaments","floor":6,"key":"SMITH"},{"data":"Feel No Pain","floor":16,"key":"SMITH"},{"data":"Barricade","floor":24,"key":"SMITH"},{"data":"True Grit","floor":26,"key":"SMITH"},{"floor":34,"key":"REST"},{"data":"Impervious","floor":42,"key":"SMITH"},{"data":"Feel No Pain","floor":44,"key":"SMITH"},{"data":"Shockwave","floor":47,"key":"SMITH"},{"data":"Armaments","floor":49,"key":"SMITH"},{"floor":52,"key":"REST"}],"circlet_count":0,"master_deck":["AscendersBane","Pommel Strike","True Grit+1","Armaments+1","Feel No Pain+1","Sword Boomerang","Rampage","Uppercut+1","Impervious+1","Exhume","Shockwave+1","Warcry","Combust","Fiend Fire","Disarm","Spot Weakness","Anger+1","Sentinel","Barricade+1","Feel No Pain+1","Shrug It Off","Combust","Inflame","True Grit","Decay","Heavy Blade","Warcry","Armaments+1","Sword Boomerang"],"relics":["Sozu","Gambling Chip","The Courier","Sundial","White Beast Statue","Ectoplasm","Red Mask","Darkstone Periapt","CaptainsWheel","HornCleat","Matryoshka","ClockworkSouvenir","Snecko Eye","Smiling Mask","Orichalcum","Whetstone","Shuriken","Red Skull","Bag of Preparation"],"acts_visited":["Exordium","TheCity","TheBeyond"],"potions_floor_usage":[],"damage_taken":[{"damage":2,"enemies":"Jaw Worm","floor":1,"turns":3},{"damage":0,"enemies":"2 Louse","floor":3,"turns":3},{"damage":0,"enemies":"Cultist","floor":5,"turns":3},{"damage":8,"enemies":"3 Sentries","floor":7,"turns":6},{"damage":2,"enemies":"Large Slime","floor":11,"turns":4},{"damage":12,"enemies":"Gremlin Nob","floor":12,"turns":4},{"damage":2,"enemies":"3 Louse","floor":13,"turns":3},{"damage":5,"enemies":"2 Fungi Beasts","floor":14,"turns":3},{"damage":7,"enemies":"3 Sentries","floor":15,"turns":4},{"damage":2,"enemies":"The Guardian","floor":17,"turns":8},{"damage":0,"enemies":"Shell Parasite","floor":19,"turns":4},{"damage":17,"enemies":"Masked Bandits","floor":20,"turns":5},{"damage":0,"enemies":"Chosen","floor":22,"turns":6},{"damage":25,"enemies":"Slavers","floor":31,"turns":5},{"damage":0,"enemies":"Champ","floor":35,"turns":12},{"damage":0,"enemies":"Orb Walker","floor":37,"turns":4},{"damage":6,"enemies":"3 Darklings","floor":38,"turns":5},{"damage":0,"enemies":"Jaw Worm Horde","floor":40,"turns":5},{"damage":4,"enemies":"Transient","floor":41,"turns":5},{"damage":12,"enemies":"Reptomancer","floor":48,"turns":5},{"damage":0,"enemies":"Nemesis","floor":50,"turns":9},{"damage":0,"enemies":"Time Eater","floor":53,"turns":11}],"seed_played":"8392875917566127152","potions_obtained":[],"is_trial":false,"path_per_floor":["M","?","M","$","M","R","E","?","T","T","M","E","M","M","E","R","B",null,"M","?","?","M","?","R","?","R","T","T","$","?","E","T","$","R","B",null,"M","M","?","M","M","R","?","R","T","T","R","E","R","E","T","R","B",null],"character_chosen":"IRONCLAD","items_purchased":["Combust","Inflame","True Grit","ClockworkSouvenir","Heavy Blade","Warcry"],"campfire_rested":2,"item_purchase_floors":[4,29,29,33,33,33],"current_hp_per_floor":[66,66,66,66,66,66,58,58,58,58,56,44,42,37,30,30,28,63,63,46,52,52,52,52,52,52,52,52,52,58,33,33,33,59,59,80,80,74,74,74,70,70,70,70,70,70,70,58,58,58,58,84,84],"gold":15,"neow_bonus":"BOSS_RELIC","is_daily":false,"chose_seed":false,"campfire_upgraded":8,"win_rate":0.0,"timestamp":1613257813,"path_taken":["M","?","M","$","M","R","E","?","T","M","E","M","M","E","R","BOSS","M","?","?","M","?","R","?","R","T","$","?","E","?","$","R","BOSS","M","?","?","M","M","R","?","R","T","R","E","R","E","?","R","BOSS"],"items_purchased_type":["Card","Card","Card","Relic","Card","Card"],"build_version":"2020-12-22","purchased_purges":0,"victory":true,"max_hp_per_floor":[75,75,75,75,75,75,75,75,75,75,75,75,75,75,75,75,75,75,75,75,81,81,81,81,81,81,81,81,81,87,87,87,87,87,87,87,87,87,87,87,87,87,87,87,87,87,87,87,87,87,87,87,87],"card_choices":[{"not_picked":["Anger","Bloodletting"],"picked":"Warcry","floor":1},{"not_picked":["Flex","Intimidate"],"picked":"Fiend Fire","floor":5},{"not_picked":["Sword Boomerang","Clothesline"],"picked":"Disarm","floor":7},{"not_picked":["Havoc","Heavy Blade"],"picked":"Spot Weakness","floor":11},{"not_picked":["Shockwave","Intimidate"],"picked":"Anger","floor":12},{"not_picked":["Wild Strike","Inflame"],"picked":"Fire Breathing","floor":13},{"not_picked":["Sword Boomerang","Disarm"],"picked":"Sentinel","floor":14},{"not_picked":["Berserk","Juggernaut"],"picked":"Barricade","floor":17},{"not_picked":["Anger","Thunderclap"],"picked":"Feel No Pain","floor":19},{"not_picked":["Dual Wield","Armaments"],"picked":"Shrug It Off","floor":20},{"not_picked":["Wild Strike","Thunderclap"],"picked":"Combust","floor":22},{"not_picked":["Twin Strike","Pommel Strike"],"picked":"Armaments","floor":40},{"not_picked":["Heavy Blade","Shockwave"],"picked":"Sword Boomerang","floor":50}],"player_experience":830974,"relics_obtained":[{"floor":7,"key":"Gambling Chip"},{"floor":9,"key":"The Courier"},{"floor":12,"key":"Sundial"},{"floor":15,"key":"White Beast Statue"},{"floor":20,"key":"Red Mask"},{"floor":27,"key":"CaptainsWheel"},{"floor":31,"key":"HornCleat"},{"floor":32,"key":"Matryoshka"},{"floor":45,"key":"Smiling Mask"},{"floor":45,"key":"Orichalcum"},{"floor":48,"key":"Whetstone"},{"floor":50,"key":"Shuriken"},{"floor":51,"key":"Red Skull"},{"floor":51,"key":"Bag of Preparation"}],"event_choices":[{"damage_healed":0,"gold_gain":0,"player_choice":"Leave","damage_taken":0,"max_hp_gain":0,"max_hp_loss":0,"event_name":"The Cleric","floor":2,"gold_loss":0},{"damage_healed":0,"gold_gain":50,"player_choice":"Pray","damage_taken":0,"max_hp_gain":0,"max_hp_loss":0,"event_name":"Golden Shrine","floor":8,"gold_loss":0},{"damage_healed":0,"gold_gain":0,"player_choice":"Fought Bandits","damage_taken":0,"max_hp_gain":0,"max_hp_loss":0,"event_name":"Masked Bandits","floor":20,"gold_loss":0},{"damage_healed":0,"gold_gain":0,"player_choice":"Stole Relic","damage_taken":0,"relics_obtained":["Darkstone Periapt"],"max_hp_gain":0,"max_hp_loss":0,"event_name":"Addict","floor":21,"gold_loss":0,"cards_obtained":["Shame"]},{"cards_removed":["Shame"],"damage_healed":0,"gold_gain":0,"player_choice":"Elegance","damage_taken":0,"max_hp_gain":0,"max_hp_loss":0,"event_name":"Back to Basics","floor":23,"gold_loss":0},{"damage_healed":0,"gold_gain":0,"player_choice":"Ignored","damage_taken":0,"max_hp_gain":0,"max_hp_loss":0,"event_name":"Vampires","floor":25,"gold_loss":0},{"damage_healed":0,"gold_gain":0,"player_choice":"Smashed Altar","damage_taken":0,"max_hp_gain":0,"max_hp_loss":0,"event_name":"Forgotten Altar","floor":30,"gold_loss":0,"cards_obtained":["Decay"]},{"cards_removed":["Fire Breathing"],"damage_healed":0,"gold_gain":0,"player_choice":"Removed Power","damage_taken":0,"max_hp_gain":0,"max_hp_loss":0,"event_name":"Falling","floor":39,"gold_loss":0},{"damage_healed":0,"gold_gain":0,"player_choice":"Memory 1","damage_taken":0,"max_hp_gain":0,"max_hp_loss":0,"event_name":"SensoryStone","floor":43,"gold_loss":0}],"is_beta":false,"boss_relics":[{"not_picked":["Mark of Pain","Coffee Dripper"],"picked":"Ectoplasm"},{"not_picked":["Tiny House","Fusion Hammer"],"picked":"Snecko Eye"}],"items_purged_floors":[],"is_endless":false,"potions_floor_spawned":[7,12,13,14,17,19,20,22,31,35,37,38,40,41,48,50],"ascension_level":16}}