{"host":"fkig9nrckec4xsh0","time":1613239680,"event":{"mods":["Act Like it!","BaseMod","Colored Map","Gensokyo","Hermit","Marisa????????","Minty Spire (QoL Compilation)","Quick Restart","Replay The Spire","StSLib"],"gold_per_floor":[116,166,146,165,182,224,58,102,102,252,277,308,308,179,179,273,273,295,215,241,241,262,309,309,349,374,374,405,427,427,474,474,565,565,594,613,613,15,35,35,63,63,141,170,170,205,244,292,292,208],"floor_reached":51,"language":"ENG","playtime":4100,"items_purged":["Sneak Up","Delirium"],"score":2058,"play_id":"cf9957cf-bfb6-43d9-bc51-e3542c4b24ec","local_time":"20210213130800","is_ascension_mode":true,"campfire_choices":[{"data":"Prepared","floor":13,"key":"SMITH"},{"floor":15,"key":"DIG"},{"data":"Burst","floor":24,"key":"SMITH"},{"data":"Burst","floor":27,"key":"SMITH"},{"floor":30,"key":"REST"},{"data":"ReplayTheSpireMod:The Works","floor":32,"key":"SMITH"},{"data":"ReplayTheSpireMod:The Works","floor":40,"key":"SMITH"},{"data":"ReplayTheSpireMod:The Works","floor":42,"key":"SMITH"},{"data":"Expertise","floor":45,"key":"SMITH"},{"data":"Acrobatics","floor":49,"key":"SMITH"}],"circlet_count":0,"master_deck":["AscendersBane","Strike_G","Strike_G","Strike_G","Strike_G","Strike_G","Defend_G","Defend_G","Defend_G","Defend_G","Defend_G","Survivor","Neutralize","Backflip","CommonCold","ReplayTheSpireMod:The Works+1","Acrobatics","Prepared+1","Choke","ReplayTheSpireMod:The Works+1","Acrobatics+1","Backflip","Doubt","Writhe","Delirium","ReplayTheSpireMod:Splinters","Prepared","Backflip","Burst+1","Expertise+1","Languid","Acrobatics","Burst+1","ReplayTheSpireMod:The Works+1","Tactician+1","Replay:Sluggish","Writhe","Venomology+1","Draining Mist+1","Fluid Movement+1","Crow Ritual","Forethought+1","ReplayTheSpireMod:Brewmster","Acrobatics+1","Voices","Backflip+1","Prepared+1","Hidden Blade+1"],"relics":["Ring of the Serpent","NeowsBlessing","Ring of Misfortune","Ring of Greed","Replay:Wax Seal","Replay:Bandana","Ancient Tea Set","Orrery","Blue Candle","Pen Nib","Boot","Bag of Preparation","SlaversCollar","Regal Pillow","Toxic Egg 2","Strawberry","Potion Belt","TungstenRod","Shuriken","Replay:Baseball"],"acts_visited":["Exordium","TheCity","TheBeyond"],"potions_floor_usage":[16,29,35,36,36,41,41,44,44,44,47,48,48,48,48,50,50,50,50,50,50],"damage_taken":[{"damage":0.0,"enemies":"Cultist","floor":1.0,"turns":1.0},{"damage":0.0,"enemies":"Small Slimes","floor":4.0,"turns":1.0},{"damage":0.0,"enemies":"Jaw Worm","floor":5.0,"turns":1.0},{"damage":14.0,"enemies":"Lagavulin","floor":6.0,"turns":7.0},{"damage":13.0,"enemies":"Gremlin Nob","floor":8.0,"turns":3.0},{"damage":8,"enemies":"Lagavulin","floor":11,"turns":13},{"damage":0,"enemies":"Large Slime","floor":12,"turns":6},{"damage":0,"enemies":"Hexaghost","floor":16,"turns":9},{"damage":0,"enemies":"Spheric Guardian","floor":18,"turns":1},{"damage":0,"enemies":"Shell Parasite","floor":20,"turns":1},{"damage":0,"enemies":"Snake Plant","floor":22,"turns":2},{"damage":0,"enemies":"Book of Stabbing","floor":23,"turns":2},{"damage":0,"enemies":"Slavers","floor":25,"turns":6},{"damage":0,"enemies":"Chosen and Byrds","floor":28,"turns":1},{"damage":37,"enemies":"Cultist and Chosen","floor":29,"turns":10},{"damage":0,"enemies":"Gremlin Leader","floor":31,"turns":3},{"damage":0,"enemies":"Champ","floor":33,"turns":1},{"damage":0,"enemies":"3 Shapes","floor":35,"turns":3},{"damage":0,"enemies":"Orb Walker","floor":36,"turns":1},{"damage":0,"enemies":"Writhing Mass","floor":39,"turns":2},{"damage":0,"enemies":"Transient","floor":41,"turns":4},{"damage":5,"enemies":"Sphere and 2 Shapes","floor":44,"turns":3},{"damage":10,"enemies":"3 Darklings","floor":46,"turns":3},{"damage":0,"enemies":"Reptomancer","floor":47,"turns":2},{"damage":0,"enemies":"Transient","floor":48,"turns":5},{"damage":0,"enemies":"Donu and Deca","floor":50,"turns":2}],"seed_played":"-9079373538985357835","potions_obtained":[{"floor":1.0,"key":"Cursed Concoction"},{"floor":3.0,"key":"Explosive Potion"},{"floor":12,"key":"BlessingOfTheForge"},{"floor":20,"key":"Fire Potion"},{"floor":23,"key":"PowerPotion"},{"floor":31,"key":"Weak Potion"},{"floor":33,"key":"Weak Potion"},{"floor":39,"key":"ColorlessPotion"},{"floor":41,"key":"Explosive Potion"},{"floor":44,"key":"Adrenaline Potion"}],"is_trial":false,"path_per_floor":["M","?","?","M","M","E","$","E","T","?","E","M","R","$","R_BF","B",null,"M","?","M","?","M","E","R","E","T","R","M","M","R","E","R","B",null,"M","M","?","$","M","R","M","R","T","M","R","M","E","M","R","B",null],"character_chosen":"THE_SILENT","items_purchased":["Orrery","Backflip","ReplayTheSpireMod:Brewmster","TungstenRod"],"campfire_rested":1,"item_purchase_floors":[7,14,38,38],"current_hp_per_floor":[59,59,59,59,59,45,45,32,32,32,24,24,24,24,24,24,56,56,56,56,56,56,56,56,56,63,63,63,26,62,62,62,62,70,70,70,60,60,60,60,60,60,60,55,55,45,45,54,54,54],"gold":208,"neow_bonus":"THREE_ENEMY_KILL","is_daily":false,"chose_seed":false,"campfire_upgraded":8,"win_rate":0.0,"timestamp":1613239680,"path_taken":["M","?","?","M","?","E","$","E","T","?","E","M","R","?","R_BF","BOSS","M","?","M","?","M","E","R","E","T","R","M","?","R","E","R","BOSS","M","M","?","$","M","R","M","R","T","M","R","M","E","M","R","BOSS"],"items_purchased_type":["Relic","Card","Card","Relic"],"build_version":"2020-12-22","purchased_purges":2,"victory":true,"max_hp_per_floor":[66,66,66,66,66,66,66,66,66,66,66,66,66,66,66,66,66,66,66,66,66,66,66,66,66,73,73,73,73,73,73,73,73,73,73,73,73,73,73,73,73,73,73,73,73,73,73,73,73,73],"card_choices":[{"not_picked":["Dash","Predator"],"picked":"Backflip","floor":1.0},{"not_picked":["Bane","Dodge and Roll","Finisher"],"picked":"SKIP","floor":4.0},{"not_picked":["Prepared","Flying Knee"],"picked":"ReplayTheSpireMod:The Works","floor":5.0},{"not_picked":["Outmaneuver","Deflect"],"picked":"Sneak Up","floor":6.0},{"not_picked":["Flechettes","ReplayTheSpireMod:Exploit Weakness"],"picked":"Acrobatics","floor":7.0},{"not_picked":["Sucker Punch","Well Laid Plans"],"picked":"Prepared","floor":7.0},{"not_picked":["Deflect","Corpse Explosion"],"picked":"Choke","floor":7.0},{"not_picked":["Bane","Prepared"],"picked":"ReplayTheSpireMod:The Works","floor":7.0},{"not_picked":["Dodge and Roll","Backflip"],"picked":"Acrobatics","floor":7.0},{"not_picked":["Masterful Stab","ReplayTheSpireMod:Tripwire"],"picked":"Backflip","floor":8.0},{"not_picked":["Deflect","Terror","Riddle With Holes"],"picked":"SKIP","floor":11},{"not_picked":["Skewer","Quick Slash"],"picked":"Prepared","floor":12},{"not_picked":["ReplayTheSpireMod:Necrosis","Grand Finale"],"picked":"Burst","floor":16},{"not_picked":["Flying Knee","ReplayTheSpireMod:Speed Training"],"picked":"Expertise","floor":18},{"not_picked":["Flying Knee+1","Caltrops"],"picked":"Acrobatics","floor":20},{"not_picked":["Outmaneuver","Slice"],"picked":"ReplayTheSpireMod:The Works","floor":22},{"not_picked":["Endless Agony","Wraith Form v2","Bane"],"picked":"SKIP","floor":23},{"not_picked":["Flying Knee","Masterful Stab"],"picked":"Tactician+1","floor":25},{"not_picked":["Skewer","Flying Knee","Accuracy"],"picked":"SKIP","floor":28},{"not_picked":["Dodge and Roll+1","Outmaneuver+1","Leg Sweep+1"],"picked":"SKIP","floor":29},{"not_picked":["Masterful Stab","Distraction+1","Underhanded Strike"],"picked":"SKIP","floor":31},{"not_picked":["Bullet Time+1","Envenom"],"picked":"Venomology+1","floor":33},{"not_picked":["Flying Knee","Blade Dance+1"],"picked":"Draining Mist+1","floor":35},{"not_picked":["Dodge and Roll+1","Toxin Wave+1"],"picked":"Fluid Movement+1","floor":36},{"not_picked":["Purity+1","Finesse+1"],"picked":"Crow Ritual","floor":37},{"not_picked":["Madness+1","PanicButton+1"],"picked":"Forethought+1","floor":37},{"not_picked":["Dodge and Roll+1","Riddle With Holes","Deadly Poison+1"],"picked":"SKIP","floor":39},{"not_picked":["Blade Dance+1","Well Laid Plans"],"picked":"Acrobatics+1","floor":41},{"not_picked":["Crippling Poison+1","Caltrops"],"picked":"Backflip+1","floor":44},{"not_picked":["Sucker Punch+1","Dagger Throw"],"picked":"Prepared+1","floor":46},{"not_picked":["Dodge and Roll+1","Predator","Unload"],"picked":"SKIP","floor":47},{"not_picked":["Dagger Spray","Outmaneuver+1"],"picked":"Hidden Blade+1","floor":48}],"player_experience":442232,"relics_obtained":[{"floor":2.0,"key":"Ring of Misfortune"},{"floor":2.0,"key":"Ring of Greed"},{"floor":2.0,"key":"Replay:Wax Seal"},{"floor":2.0,"key":"Replay:Bandana"},{"floor":6.0,"key":"Ancient Tea Set"},{"floor":8.0,"key":"Blue Candle"},{"floor":9.0,"key":"Pen Nib"},{"floor":11,"key":"Boot"},{"floor":15,"key":"Bag of Preparation"},{"floor":23,"key":"Regal Pillow"},{"floor":25,"key":"Toxic Egg 2"},{"floor":26,"key":"Strawberry"},{"floor":31,"key":"Potion Belt"},{"floor":43,"key":"Shuriken"},{"floor":47,"key":"Replay:Baseball"}],"event_choices":[{"damage_healed":0.0,"max_hp_gain":0.0,"max_hp_loss":0.0,"gold_gain":0.0,"event_name":"The Woman in Blue","player_choice":"Bought 1 Potion","floor":3.0,"gold_loss":0.0,"damage_taken":0.0},{"damage_healed":0.0,"max_hp_gain":0.0,"max_hp_loss":0.0,"gold_gain":150.0,"event_name":"Liars Game","player_choice":"AGREE","floor":10.0,"gold_loss":0.0,"damage_taken":0.0,"cards_obtained":["Doubt"]},{"damage_healed":0,"gold_gain":0,"player_choice":"Copied","damage_taken":0,"max_hp_gain":0,"max_hp_loss":0,"event_name":"Duplicator","floor":21,"gold_loss":0,"cards_obtained":["Burst"]},{"damage_healed":0,"gold_gain":0,"player_choice":"Memory 3","damage_taken":10,"max_hp_gain":0,"max_hp_loss":0,"event_name":"SensoryStone","floor":37,"gold_loss":0}],"is_beta":false,"boss_relics":[{"not_picked":["Fusion Hammer","Astrolabe"],"picked":"SlaversCollar"},{"not_picked":["WristBlade","Sozu"],"picked":"Ring of the Serpent"}],"items_purged_floors":[14,38],"is_endless":false,"potions_floor_spawned":[1,4,12,20,22,23,28,31,33,39,41,44],"ascension_level":16}}