{"host":"04x9isxu4s2lvye3","time":1613247889,"event":{"mods":["BaseMod","Colored Powertips","Highlight Path","Minty Spire (QoL Compilation)"],"gold_per_floor":[109,109,129,79,79,114,130,158,185,34,34,68,79,91,91,195,195,210,210,228,244,244,244,277,46,46,64,77,2,33,60,60,162,162,182,194,23,37,37,37,69,69,69,69,69,94,94,114,114,114,114,114,41,76,76],"floor_reached":56,"language":"ENG","playtime":2388,"items_purged":["Strike_G","Writhe"],"score":1807,"play_id":"ecf3ba98-0309-407d-9918-fce54dae5967","local_time":"20210213152449","is_ascension_mode":true,"campfire_choices":[{"data":"Neutralize","floor":11,"key":"SMITH"},{"data":"Endless Agony","floor":15,"key":"SMITH"},{"data":"Calculated Gamble","floor":23,"key":"SMITH"},{"data":"Apotheosis","floor":32,"key":"SMITH"},{"data":"After Image","floor":40,"key":"SMITH"},{"floor":44,"key":"RECALL"},{"floor":47,"key":"REST"},{"data":"Footwork","floor":49,"key":"SMITH"},{"floor":52,"key":"REST"}],"circlet_count":0,"master_deck":["AscendersBane","Strike_G+1","Defend_G+1","Defend_G","Defend_G","Defend_G","Defend_G+1","Survivor","Neutralize+1","Backstab","PiercingWail+1","Cloak And Dagger","Blade Dance","Endless Agony+1","Blade Dance","Slice","Glass Knife","Slice","Backflip+1","Calculated Gamble+1","After Image+1","Footwork+1","Apotheosis+1","Terror+1","Slice","Acrobatics+1","Accuracy","Blur","Accuracy+1","Infinite Blades"],"relics":["Ring of the Snake","NeowsBlessing","Happy Flower","War Paint","Strawberry","Bottled Flame","WristBlade","Bag of Marbles","Mango","Centennial Puzzle","Gremlin Horn","Tiny Chest","Busted Crown","Nunchaku","Shuriken","Paper Crane","Mummified Hand"],"acts_visited":["Exordium","TheCity","TheBeyond","TheEnding"],"potions_floor_usage":[8,8,12,24,33,33,41,55,55,55],"damage_taken":[{"damage":0,"enemies":"Jaw Worm","floor":1,"turns":1},{"damage":0,"enemies":"2 Louse","floor":3,"turns":1},{"damage":0,"enemies":"3 Sentries","floor":6,"turns":1},{"damage":0,"enemies":"Small Slimes","floor":7,"turns":4},{"damage":22,"enemies":"Gremlin Nob","floor":8,"turns":5},{"damage":16,"enemies":"3 Sentries","floor":12,"turns":9},{"damage":0,"enemies":"Exordium Wildlife","floor":13,"turns":4},{"damage":0,"enemies":"Lots of Slimes","floor":14,"turns":3},{"damage":28,"enemies":"Slime Boss","floor":16,"turns":18},{"damage":0,"enemies":"Chosen","floor":18,"turns":2},{"damage":0,"enemies":"Shell Parasite","floor":20,"turns":1},{"damage":0,"enemies":"3 Cultists","floor":21,"turns":5},{"damage":6,"enemies":"Book of Stabbing","floor":24,"turns":5},{"damage":11,"enemies":"Snake Plant","floor":27,"turns":3},{"damage":3,"enemies":"Centurion and Healer","floor":28,"turns":2},{"damage":1,"enemies":"Gremlin Leader","floor":30,"turns":4},{"damage":42,"enemies":"Automaton","floor":33,"turns":8},{"damage":0,"enemies":"Orb Walker","floor":35,"turns":1},{"damage":0,"enemies":"3 Darklings","floor":36,"turns":3},{"damage":0,"enemies":"4 Shapes","floor":38,"turns":2},{"damage":0,"enemies":"Nemesis","floor":41,"turns":3},{"damage":5,"enemies":"Giant Head","floor":46,"turns":4},{"damage":0,"enemies":"Jaw Worm Horde","floor":48,"turns":2},{"damage":16,"enemies":"Time Eater","floor":50,"turns":6},{"damage":23,"enemies":"Shield and Spear","floor":54,"turns":4},{"damage":60,"enemies":"The Heart","floor":55,"turns":6}],"seed_played":"2763081220820122362","potions_obtained":[{"floor":3,"key":"DistilledChaos"},{"floor":7,"key":"EssenceOfSteel"},{"floor":12,"key":"LiquidBronze"},{"floor":16,"key":"Fire Potion"},{"floor":21,"key":"PowerPotion"},{"floor":30,"key":"CunningPotion"},{"floor":33,"key":"LiquidBronze"},{"floor":36,"key":"SpeedPotion"},{"floor":46,"key":"FearPotion"}],"is_trial":false,"path_per_floor":["M","?","M","?","?","E","M","E","T","$","R","E","M","M","R","B",null,"M","?","M","M","?","R","E","$","T","M","M","?","E","T","R","B",null,"M","M","$","M","$","R","E","T","T","R","$","E","R","M","R","B",null,"R","$","E","B",null],"character_chosen":"THE_SILENT","items_purchased":["Regen Potion","Footwork","Apotheosis","Accuracy","Infinite Blades"],"campfire_rested":2,"item_purchase_floors":[10,25,25,37,53],"current_hp_per_floor":[63,68,68,68,53,53,53,31,38,38,38,37,37,37,37,9,64,64,64,64,64,64,64,72,72,72,61,58,58,57,57,57,15,76,76,76,76,76,76,76,76,76,76,76,76,71,96,96,96,80,92,96,96,73,13],"gold":76,"neow_bonus":"THREE_ENEMY_KILL","is_daily":false,"chose_seed":false,"campfire_upgraded":6,"win_rate":0.0,"timestamp":1613247889,"path_taken":["M","?","M","?","?","E","?","E","T","$","R","E","?","M","R","BOSS","M","?","M","M","?","R","E","$","T","M","M","?","E","?","R","BOSS","M","M","?","?","?","R","E","?","T","R","$","E","R","M","R","BOSS","R","$","E","BOSS"],"items_purchased_type":["Potion","Card","Card","Card","Card"],"build_version":"2020-12-22","purchased_purges":2,"victory":true,"max_hp_per_floor":[70,75,75,75,75,75,75,75,82,82,82,82,82,82,82,82,82,82,82,82,82,82,82,96,96,96,96,96,96,96,96,96,96,96,96,96,96,96,96,96,96,96,96,96,96,96,96,96,96,96,96,96,96,96,96],"card_choices":[{"not_picked":["PiercingWail","Quick Slash"],"picked":"Backstab","floor":1},{"not_picked":["Setup","Backflip"],"picked":"PiercingWail","floor":3},{"not_picked":["Choke","Prepared"],"picked":"Cloak And Dagger","floor":6},{"not_picked":["Distraction","Bane"],"picked":"Blade Dance","floor":7},{"not_picked":["Tactician","Dagger Throw"],"picked":"Endless Agony","floor":8},{"not_picked":["Quick Slash","Heel Hook"],"picked":"Blade Dance","floor":12},{"not_picked":["Backflip","Dodge and Roll"],"picked":"Slice","floor":13},{"not_picked":["Dagger Spray","Malaise","Flying Knee"],"picked":"SKIP","floor":14},{"not_picked":["Doppelganger","Corpse Explosion"],"picked":"Glass Knife","floor":16},{"not_picked":["Underhanded Strike","Acrobatics"],"picked":"Slice","floor":18},{"not_picked":["Deflect+1","Blade Dance"],"picked":"Backflip+1","floor":20},{"not_picked":["Escape Plan","Poisoned Stab"],"picked":"Calculated Gamble","floor":21},{"not_picked":["Sucker Punch","Deflect"],"picked":"After Image","floor":24},{"not_picked":["Bane","Quick Slash+1"],"picked":"Terror+1","floor":27},{"not_picked":["Outmaneuver","Venomology"],"picked":"Slice","floor":28},{"not_picked":["Masterful Stab","Noxious Fumes"],"picked":"Acrobatics+1","floor":30},{"not_picked":["Deflect+1"],"picked":"SKIP","floor":35},{"not_picked":["Bane+1"],"picked":"SKIP","floor":36},{"not_picked":["Masterful Stab+1"],"picked":"SKIP","floor":38},{"not_picked":[],"picked":"Blur","floor":41},{"not_picked":[],"picked":"Accuracy+1","floor":46},{"not_picked":["Sucker Punch"],"picked":"SKIP","floor":48},{"not_picked":["Outmaneuver"],"picked":"SKIP","floor":54}],"player_experience":273532,"relics_obtained":[{"floor":6,"key":"Happy Flower"},{"floor":8,"key":"War Paint"},{"floor":9,"key":"Strawberry"},{"floor":12,"key":"Bottled Flame"},{"floor":24,"key":"Mango"},{"floor":26,"key":"Centennial Puzzle"},{"floor":30,"key":"Gremlin Horn"},{"floor":31,"key":"Tiny Chest"},{"floor":41,"key":"Nunchaku"},{"floor":42,"key":"Shuriken"},{"floor":46,"key":"Paper Crane"},{"floor":54,"key":"Mummified Hand"}],"event_choices":[{"damage_healed":0,"gold_gain":0,"player_choice":"Donut","damage_taken":0,"max_hp_gain":5,"max_hp_loss":0,"event_name":"Big Fish","floor":2,"gold_loss":0},{"cards_removed":["Strike_G"],"damage_healed":0,"gold_gain":0,"player_choice":"Card Removal","damage_taken":0,"max_hp_gain":0,"max_hp_loss":0,"event_name":"The Cleric","floor":4,"gold_loss":50},{"damage_healed":0,"gold_gain":0,"player_choice":"Entered Light","damage_taken":15,"max_hp_gain":0,"max_hp_loss":0,"event_name":"Shining Light","floor":5,"gold_loss":0,"cards_upgraded":["PiercingWail","Strike_G"]},{"cards_removed":["Strike_G"],"damage_healed":0,"gold_gain":0,"player_choice":"Elegance","damage_taken":0,"max_hp_gain":0,"max_hp_loss":0,"event_name":"Back to Basics","floor":19,"gold_loss":0},{"damage_healed":0,"gold_gain":0,"player_choice":"Opened","damage_taken":0,"relics_obtained":["Bag of Marbles"],"max_hp_gain":0,"max_hp_loss":0,"event_name":"The Mausoleum","floor":22,"gold_loss":0,"cards_obtained":["Writhe"]},{"cards_removed":["Strike_G"],"damage_healed":0,"gold_gain":0,"player_choice":"Gave Gold","damage_taken":0,"max_hp_gain":0,"max_hp_loss":0,"event_name":"Beggar","floor":29,"gold_loss":75}],"is_beta":false,"boss_relics":[{"not_picked":["Astrolabe","SlaversCollar"],"picked":"WristBlade"},{"not_picked":["Velvet Choker","Tiny House"],"picked":"Busted Crown"}],"items_purged_floors":[10,37],"is_endless":false,"potions_floor_spawned":[3,7,12,16,21,30,33,36,46],"ascension_level":10}}