{"host":"rmt60uil2jppa14k","time":1613256561,"event":{"mods":["AchievementEnabler","BaseMod","Better Third Choice","Colored Powertips","Downfall","Highlight Path","Minty Spire (QoL Compilation)","Quick Restart","Rare Cards Sparkle","Shop Mod","StSLib"],"gold_per_floor":[115,115,115,135,152,180,180,79,79,91,91,108,170,187,187,292,292,308,327,337,337,337,337,337],"floor_reached":23,"language":"ENG","playtime":1026,"items_purged":[],"score":193,"play_id":"8d79f821-c8de-454b-afe0-e437f949c8d0","local_time":"20210213224921","is_ascension_mode":false,"campfire_choices":[{"floor":7.0,"key":"REST"},{"floor":15,"key":"REST"}],"circlet_count":0,"master_deck":["Strike_B","Strike_B","Defend_B","Defend_B","Defend_B","Zap","Dualcast","Go for the Eyes","Zap","Storm","Redo","Hello World","Ball Lightning","Chaos","Streamline","Machine Learning","Defragment","Beam Cell","Echo Form","Go for the Eyes+1","Thunder Strike+1","Barrage+1","Static Discharge","Fusion+1","downfall:Bewildered","Turbo"],"relics":["Cracked Core","NeowsBlessing","Mummified Hand","Gremlin Horn","GremlinMask","Pantograph","Astrolabe","sneckomod:BabySnecko"],"acts_visited":["Exordium","TheCity"],"potions_floor_usage":[13,16,23],"damage_taken":[{"damage":0.0,"enemies":"Jaw Worm","floor":1.0,"turns":1.0},{"damage":0.0,"enemies":"Cultist","floor":4.0,"turns":1.0},{"damage":0.0,"enemies":"Small Slimes","floor":5.0,"turns":1.0},{"damage":34.0,"enemies":"3 Sentries","floor":6.0,"turns":7.0},{"damage":6.0,"enemies":"Red Slaver","floor":10.0,"turns":4.0},{"damage":0,"enemies":"Large Slime","floor":12,"turns":5},{"damage":15,"enemies":"Lagavulin Event","floor":13,"turns":5},{"damage":6,"enemies":"2 Fungi Beasts","floor":14,"turns":2},{"damage":33,"enemies":"Hexaghost","floor":16,"turns":7},{"damage":23,"enemies":"3 Byrds","floor":18,"turns":4},{"damage":17,"enemies":"Spheric Guardian","floor":19,"turns":4},{"damage":31,"enemies":"3 Cultists","floor":20,"turns":4},{"damage":9,"enemies":"Sentry and Sphere","floor":23,"turns":2}],"seed_played":"8982737325281445052","potions_obtained":[{"floor":6.0,"key":"BlessingOfTheForge"},{"floor":12,"key":"hexamod:SoulburnPotion"},{"floor":13,"key":"Swift Potion"},{"floor":16,"key":"PotionOfCapacity"},{"floor":20,"key":"FocusPotion"}],"is_trial":false,"path_per_floor":["M","$","?","M","M","E","R","$","T","M","?","M","?","M","R","B",null,"M","M","M","?","?","M"],"character_chosen":"DEFECT","items_purchased":["Ball Lightning","Chaos"],"campfire_rested":2,"item_purchase_floors":[8,8],"current_hp_per_floor":[75,75,75,75,75,41,63,63,63,57,57,57,42,36,58,42,75,52,35,4,4,4,0,0],"gold":337,"neow_bonus":"THREE_ENEMY_KILL","is_daily":false,"chose_seed":false,"campfire_upgraded":0,"win_rate":0.0,"timestamp":1613256561,"path_taken":["M","$","?","M","M","E","R","?","T","M","?","?","?","M","R","BOSS","M","M","M","?","?","M"],"items_purchased_type":["Card","Card"],"build_version":"2020-12-22","purchased_purges":0,"victory":false,"max_hp_per_floor":[75,75,75,75,75,75,75,75,75,75,75,75,75,75,75,75,75,75,75,75,75,75,75,75],"card_choices":[{"not_picked":["Rebound","Beam Cell"],"picked":"Go for the Eyes","floor":1.0},{"not_picked":["Chaos","Turbo"],"picked":"Storm","floor":4.0},{"not_picked":["Stack","Hologram"],"picked":"Redo","floor":5.0},{"not_picked":["Heatsinks","Sweeping Beam"],"picked":"Hello World","floor":6.0},{"not_picked":["Steam","Compile Driver"],"picked":"Streamline","floor":10.0},{"not_picked":["Darkness","Leap"],"picked":"Machine Learning","floor":12},{"not_picked":["Lockon","Aggregate"],"picked":"Defragment","floor":13},{"not_picked":["Cold Snap","Reinforced Body"],"picked":"Beam Cell","floor":14},{"not_picked":["Meteor Strike","Fission"],"picked":"Echo Form","floor":16},{"not_picked":["Streamline","Beam Cell"],"picked":"Static Discharge","floor":18},{"not_picked":["Darkness","Gash+1"],"picked":"Fusion+1","floor":19},{"not_picked":["Glacier","Reprogram"],"picked":"Beam Cell","floor":20}],"player_experience":202390,"relics_obtained":[{"floor":6.0,"key":"Mummified Hand"},{"floor":9.0,"key":"Gremlin Horn"},{"floor":13,"key":"Pantograph"}],"event_choices":[{"damage_healed":0.0,"max_hp_gain":0.0,"max_hp_loss":0.0,"gold_gain":0.0,"event_name":"Match and Keep!","player_choice":"1 cards matched","floor":3.0,"gold_loss":0.0,"damage_taken":0.0,"cards_obtained":["Zap"]},{"damage_healed":0,"gold_gain":0,"player_choice":"Trade","damage_taken":0,"relics_obtained":["GremlinMask"],"max_hp_gain":0,"max_hp_loss":0,"event_name":"FaceTrader","floor":11,"gold_loss":0},{"damage_healed":0,"gold_gain":30,"player_choice":"Searched \u00272\u0027 times","damage_taken":0,"max_hp_gain":0,"max_hp_loss":0,"event_name":"Dead Adventurer","floor":13,"gold_loss":0},{"damage_healed":0,"gold_gain":0,"cards_transformed":["Beam Cell"],"player_choice":"Transformed","damage_taken":0,"max_hp_gain":0,"max_hp_loss":0,"event_name":"Transmorgrifier","floor":22,"gold_loss":0,"cards_obtained":["Turbo"]}],"is_beta":false,"boss_relics":[{"not_picked":["Ectoplasm","Runic Dome"],"picked":"Astrolabe"}],"items_purged_floors":[],"is_endless":false,"potions_floor_spawned":[6,12,13,16,20],"killed_by":"Sentry and Sphere","ascension_level":0}}