{"host":"5yoj846f700ld8qy","time":1613238426,"event":{"mods":["AchievementEnabler","BaseMod","Better Altar","Better Match","Better Note","Better Sensory Stone","Better Skull","Better Third Choice","Colored Map","Colored Powertips","Minty Spire (QoL Compilation)","StSLib","UnlockEverythingMod"],"gold_per_floor":[409,2,20,33,48,48,62,94,94,159,171,171,182,182,182,254,254,264,264,65,65,81,81,1,1,79,13,47,47,47,47,47],"floor_reached":31,"language":"ENG","playtime":817,"items_purged":["Strike_R","Strike_R"],"score":556,"play_id":"163050ee-a2c7-4de6-bcb8-8387750dcc4d","local_time":"20210213194706","is_ascension_mode":true,"campfire_choices":[{"data":"Armaments","floor":6,"key":"SMITH"},{"floor":15,"key":"REST"},{"floor":23,"key":"REST"},{"floor":25,"key":"RECALL"}],"circlet_count":0,"master_deck":["AscendersBane","Strike_R","Strike_R","Strike_R","Defend_R","Defend_R","Defend_R","Defend_R","Bash","CurseOfTheBell","Uppercut","Armaments+1","Perfected Strike","Cleave","Seeing Red","Ghostly Armor","Exhume","Pommel Strike","Demon Form","Shrug It Off","Writhe","Sword Boomerang","Shrug It Off"],"relics":["Calling Bell","Nunchaku","White Beast Statue","Old Coin","Shuriken","WingedGreaves","Matryoshka","Orichalcum","Mercury Hourglass","Bottled Flame","InkBottle","Fusion Hammer","Potion Belt","The Courier","Sundial","Art of War","Frozen Egg 2"],"acts_visited":["Exordium","TheCity"],"potions_floor_usage":[5,8,8,11,16,18,22,28,28,13031,31,31],"damage_taken":[{"damage":12,"enemies":"Cultist","floor":1,"turns":4},{"damage":7,"enemies":"Jaw Worm","floor":3,"turns":3},{"damage":1,"enemies":"Small Slimes","floor":4,"turns":4},{"damage":0,"enemies":"Looter","floor":5,"turns":1},{"damage":7,"enemies":"Exordium Wildlife","floor":7,"turns":4},{"damage":0,"enemies":"Gremlin Nob","floor":8,"turns":2},{"damage":1,"enemies":"2 Fungi Beasts","floor":11,"turns":3},{"damage":18,"enemies":"Exordium Thugs","floor":13,"turns":5},{"damage":20,"enemies":"The Guardian","floor":16,"turns":11},{"damage":6,"enemies":"Spheric Guardian","floor":18,"turns":3},{"damage":16,"enemies":"Shell Parasite","floor":22,"turns":6},{"damage":31,"enemies":"Book of Stabbing","floor":28,"turns":5},{"damage":8,"enemies":"Slavers","floor":31,"turns":3}],"seed_played":"604022648272024937","potions_obtained":[{"floor":1,"key":"Dexterity Potion"},{"floor":3,"key":"Fire Potion"},{"floor":4,"key":"DuplicationPotion"},{"floor":5,"key":"Strength Potion"},{"floor":8,"key":"PowerPotion"},{"floor":11,"key":"BloodPotion"},{"floor":13,"key":"ColorlessPotion"},{"floor":16,"key":"DistilledChaos"},{"floor":18,"key":"HeartOfIron"},{"floor":22,"key":"FearPotion"},{"floor":28,"key":"AttackPotion"}],"is_trial":false,"path_per_floor":["M","$","M","M","M","R","M","E","T","?","M","T","M","T","R","B",null,"M","?","$","?","M","R","$","R","T","$","E","T","?","E"],"character_chosen":"IRONCLAD","items_purchased":["Shuriken","Armaments","Potion Belt","Shrug It Off","Shrug It Off","Dexterity Potion"],"campfire_rested":2,"item_purchase_floors":[2,2,20,20,27,27],"current_hp_per_floor":[56,56,49,48,48,48,41,41,41,41,55,55,37,37,59,39,66,60,60,60,60,44,66,66,66,66,66,35,35,13,25,25],"gold":47,"neow_bonus":"BOSS_RELIC","is_daily":false,"chose_seed":false,"campfire_upgraded":1,"win_rate":0.0,"timestamp":1613238426,"path_taken":["M","$","M","M","M","R","M","E","T","?","M","?","M","?","R","BOSS","M","?","$","?","M","R","?","R","T","$","E","?","?","E"],"items_purchased_type":["Relic","Card","Relic","Card","Card","Potion"],"build_version":"2020-12-22","purchased_purges":2,"victory":false,"max_hp_per_floor":[75,75,75,75,75,75,75,75,75,75,75,75,75,75,75,75,75,75,75,75,75,75,75,75,75,75,75,75,75,75,75,75],"card_choices":[{"not_picked":["Dual Wield","Sword Boomerang"],"picked":"Uppercut","floor":1},{"not_picked":["Armaments","Flex"],"picked":"Perfected Strike","floor":3},{"not_picked":["Heavy Blade","Thunderclap"],"picked":"Cleave","floor":4},{"not_picked":["Wild Strike","Inflame"],"picked":"Seeing Red","floor":5},{"not_picked":["Clash","Uppercut"],"picked":"Ghostly Armor","floor":7},{"not_picked":["True Grit","Whirlwind"],"picked":"Exhume","floor":8},{"not_picked":["Seeing Red","Dual Wield","Sword Boomerang"],"picked":"SKIP","floor":11},{"not_picked":["Body Slam","Rage"],"picked":"Pommel Strike","floor":13},{"not_picked":["Immolate","Feed"],"picked":"Demon Form","floor":16},{"not_picked":["Havoc","Intimidate","Sever Soul"],"picked":"SKIP","floor":18},{"not_picked":["Cleave","Carnage"],"picked":"Sword Boomerang","floor":22},{"not_picked":["Combust","Warcry","Sword Boomerang"],"picked":"SKIP","floor":28}],"player_experience":445380,"relics_obtained":[{"floor":0,"key":"Nunchaku"},{"floor":0,"key":"White Beast Statue"},{"floor":0,"key":"Old Coin"},{"floor":8,"key":"WingedGreaves"},{"floor":9,"key":"Matryoshka"},{"floor":12,"key":"Orichalcum"},{"floor":12,"key":"Mercury Hourglass"},{"floor":14,"key":"Bottled Flame"},{"floor":14,"key":"InkBottle"},{"floor":26,"key":"Sundial"},{"floor":28,"key":"Art of War"},{"floor":29,"key":"Frozen Egg 2"}],"event_choices":[{"damage_healed":0,"gold_gain":65,"player_choice":"Gained Gold","damage_taken":0,"max_hp_gain":0,"max_hp_loss":0,"event_name":"Golden Wing","floor":10,"gold_loss":0},{"damage_healed":0,"gold_gain":0,"player_choice":"Ignored","damage_taken":0,"max_hp_gain":0,"max_hp_loss":0,"event_name":"Ghosts","floor":19,"gold_loss":0},{"damage_healed":0,"gold_gain":0,"player_choice":"Opened","damage_taken":0,"relics_obtained":["The Courier"],"max_hp_gain":0,"max_hp_loss":0,"event_name":"The Mausoleum","floor":21,"gold_loss":0,"cards_obtained":["Writhe"]},{"damage_healed":0,"gold_gain":0,"player_choice":" Potion ","damage_taken":22,"relics_obtained":[],"max_hp_gain":35,"max_hp_loss":13,"event_name":"betterAltar:BetterAltar","floor":30,"potions_obtained":["betterAltar:AltarPotion"],"relics_lost":[],"gold_loss":0}],"is_beta":false,"boss_relics":[{"not_picked":["Runic Dome","Sozu"],"picked":"Fusion Hammer"}],"items_purged_floors":[2,24],"is_endless":false,"potions_floor_spawned":[1,3,4,5,7,8,11,13,16,18,22,28],"killed_by":"Slavers","ascension_level":20}}