{"host":"juqfttvdeykv99sc","time":1613230633,"event":{"mods":["AchievementEnabler","BaseMod","Colored Map","Downfall","Minty Spire (QoL Compilation)","Relic Sorter","StSLib"],"gold_per_floor":[99,114,126,138,153,18,18,73,73,248,248,248,258,270,288,385,435,435,455,455,471,486,521,521,521,521,235,249,249,249,260,276,276,276,276],"floor_reached":33,"language":"ENG","playtime":2354,"items_purged":["Slimebound:Defend_Slimebound","Doubt"],"score":379,"play_id":"549180b4-84c0-4d7f-9a72-cb7f461f2ae5","local_time":"20210213103713","is_ascension_mode":true,"campfire_choices":[{"data":"Slimebound:CorrosiveSpit","floor":1,"key":"SMITH"},{"data":"Slimebound:LeechEnergy","floor":9,"key":"SMITH"},{"data":"Slimebound:GoopSpray","floor":12,"key":"SMITH"},{"data":"Slimebound:Nibble","floor":18,"key":"SMITH"},{"floor":26,"key":"REST"},{"data":"expansioncontent:DashGenerateEvil","floor":29,"key":"SMITH"}],"circlet_count":0,"master_deck":["Slimebound:Strike_Slimebound","Slimebound:Strike_Slimebound","Slimebound:Strike_Slimebound","Slimebound:Tackle","Slimebound:Defend_Slimebound","Slimebound:Defend_Slimebound","Slimebound:Defend_Slimebound+1","Slimebound:Split","Slimebound:CorrosiveSpit+1","Slimebound:OozeBath","Slimebound:SplitMire","Slimebound:Gluttony","Slimebound:GoopSpray+1","Slimebound:Schlurp","Slimebound:LeechEnergy+1","Slimebound:RejuvenatingLick","Slimebound:RainOfGoop","Slimebound:TongueLash","Slimebound:RallyTheTroops","Slimebound:Nibble+1","Slimebound:TongueLash","Slimebound:LivingWall","expansioncontent:DashGenerateEvil+1"],"relics":["Slimebound:AbsorbEndCombat","Ice Cream","Tiny House","downfall:RedIOU","Juzu Bracelet","Ornamental Fan","Pen Nib"],"acts_visited":["Exordium","TheCity"],"potions_floor_usage":[8,16,23,33],"damage_taken":[{"damage":5,"enemies":"Small Slimes","floor":2,"turns":3},{"damage":3,"enemies":"2 Louse","floor":3,"turns":4},{"damage":6,"enemies":"Jaw Worm","floor":4,"turns":3},{"damage":9,"enemies":"Blue Slaver","floor":5,"turns":3},{"damage":3,"enemies":"downfall:FleeingMerchant","floor":6,"turns":4},{"damage":12,"enemies":"Lagavulin Event","floor":8,"turns":5},{"damage":0,"enemies":"3 Louse","floor":13,"turns":4},{"damage":0,"enemies":"2 Fungi Beasts","floor":14,"turns":2},{"damage":33,"enemies":"Gremlin Gang","floor":15,"turns":4},{"damage":15,"enemies":"SI_SHIV_ARCHETYPE","floor":16,"turns":5},{"damage":13,"enemies":"3 Byrds","floor":19,"turns":4},{"damage":19,"enemies":"Shell Parasite","floor":21,"turns":4},{"damage":26,"enemies":"3 Cultists","floor":22,"turns":6},{"damage":36,"enemies":"Slavers","floor":23,"turns":5},{"damage":9,"enemies":"downfall:FleeingMerchant","floor":27,"turns":4},{"damage":16,"enemies":"Shelled Parasite and Fungi","floor":28,"turns":4},{"damage":12,"enemies":"Cultist and Chosen","floor":31,"turns":5},{"damage":6,"enemies":"Centurion and Healer","floor":32,"turns":4},{"damage":33,"enemies":"IC_MUSHROOM_ARCHETYPE","floor":33,"turns":4}],"seed_played":"3258442552390933094","potions_obtained":[{"floor":5,"key":"FearPotion"},{"floor":8,"key":"Swift Potion"},{"floor":14,"key":"Swift Potion"},{"floor":15,"key":"hexamod:SoulburnPotion"},{"floor":16,"key":"EntropicBrew"},{"floor":17,"key":"Energy Potion"},{"floor":23,"key":"DuplicationPotion"}],"is_trial":false,"path_per_floor":["R","M","M","M","M","$","T","?","R","?","?","R","M","M","M","B",null,"R","M","?","M","M","E","T","?","R","$","M","R","?","M","M","B"],"character_chosen":"SLIMEBOUND","items_purchased":["Slimebound:Schlurp","expansioncontent:DashGenerateEvil"],"campfire_rested":1,"item_purchase_floors":[6,27],"current_hp_per_floor":[65,62,63,61,58,63,63,57,57,57,57,57,63,65,38,31,70,70,61,61,50,32,4,4,4,25,24,16,16,16,22,24,0,0,0],"gold":276,"neow_bonus":"ONE_RANDOM_RARE_CARD","is_daily":false,"chose_seed":false,"campfire_upgraded":5,"win_rate":0.0,"timestamp":1613230633,"path_taken":["R","M","M","M","M","$","T","?","R","?","?","R","M","M","M","BOSS","R","M","?","M","M","E","T","?","R","$","M","R","?","M","M","BOSS"],"items_purchased_type":["Card","Card"],"build_version":"2020-12-22","purchased_purges":2,"victory":false,"max_hp_per_floor":[65,65,65,65,65,65,65,65,65,65,65,65,65,65,65,65,70,70,70,70,70,70,70,70,70,70,70,70,70,70,70,70,70,70,70],"card_choices":[{"not_picked":["Slimebound:FinishingTackle","Slimebound:Prepare","Slimebound:DisruptingSlam"],"picked":"SKIP","floor":2},{"not_picked":["Slimebound:SlimeSpikes","Slimebound:ComboTackle"],"picked":"Slimebound:SplitMire","floor":3},{"not_picked":["Slimebound:SamplingLick","Slimebound:GoopTackle"],"picked":"Slimebound:Gluttony","floor":4},{"not_picked":["Slimebound:Gluttony","Slimebound:SplitAcid","Slimebound:RollThrough"],"picked":"SKIP","floor":5},{"not_picked":["Slimebound:PressTheAttack","Slimebound:SlimeBarrage"],"picked":"Slimebound:GoopSpray","floor":6},{"not_picked":["Slimebound:Schlurp","Slimebound:ComboTackle"],"picked":"Slimebound:LeechEnergy","floor":8},{"not_picked":["Slimebound:AcidTongue","Slimebound:SlimeTap"],"picked":"Slimebound:RejuvenatingLick","floor":13},{"not_picked":["Slimebound:LevelUp","Slimebound:GoopSpray"],"picked":"Slimebound:RainOfGoop","floor":14},{"not_picked":["Slimebound:RainOfGoop","Slimebound:LeechEnergy"],"picked":"Slimebound:TongueLash","floor":15},{"not_picked":["Slimebound:Overexert","Slimebound:FirmFortitude"],"picked":"Slimebound:RallyTheTroops","floor":16},{"not_picked":["Slimebound:Replication","Slimebound:PressTheAttack"],"picked":"Slimebound:Nibble","floor":17},{"not_picked":["Slimebound:SamplingLick","Slimebound:RainOfGoop+1"],"picked":"Slimebound:TongueLash","floor":19},{"not_picked":["Slimebound:SplitBruiser+1","Slimebound:Grow"],"picked":"Slimebound:LivingWall","floor":21},{"not_picked":["Slimebound:LivingWall","Slimebound:LeechingTouch","Slimebound:PressTheAttack+1"],"picked":"SKIP","floor":22},{"not_picked":["Slimebound:OneTwoCombo","Slimebound:LivingWall","Slimebound:GoopSpray"],"picked":"SKIP","floor":23},{"not_picked":["Slimebound:PressTheAttack","Slimebound:RollThrough","Slimebound:MassRepurpose"],"picked":"SKIP","floor":27},{"not_picked":["Slimebound:RollThrough+1","Slimebound:Prepare+1","Slimebound:SlimeSpikes"],"picked":"SKIP","floor":28},{"not_picked":["Slimebound:SlimeBarrage","Slimebound:SplitBruiser","Slimebound:GoopTackle+1"],"picked":"SKIP","floor":31},{"not_picked":["Slimebound:SlimeSpikes+1","Slimebound:ComboTackle","Slimebound:FinishingTackle"],"picked":"SKIP","floor":32}],"player_experience":115062,"relics_obtained":[{"floor":7,"key":"The Courier"},{"floor":8,"key":"Ice Cream"},{"floor":23,"key":"Juzu Bracelet"},{"floor":24,"key":"Ornamental Fan"}],"event_choices":[],"is_beta":false,"boss_relics":[{"not_picked":["Philosopher\u0027s Stone","SlaversCollar"],"picked":"Tiny House"}],"items_purged_floors":[6,27],"is_endless":false,"potions_floor_spawned":[5,8,14,15,16,23,31,32],"killed_by":"IC_MUSHROOM_ARCHETYPE","ascension_level":1}}