{"host":"m4pe905ae9bldoe7","time":1613250294,"event":{"mods":["BaseMod","Bestiary","Block Reminder","Downfall","Minty Spire (QoL Compilation)","StSLib"],"gold_per_floor":[109,129,145,145,16,45,56,56,56,98,98,116,116,135,135,217,217,240,269,269,21,40,40,69,69,158,203,203,244,244,244,244,244,244],"floor_reached":33,"language":"ENG","playtime":970,"items_purged":["Defend_R"],"score":548,"play_id":"db3ef7fc-90f3-4df1-b419-2c44c98f76cf","local_time":"20210213220454","is_ascension_mode":true,"campfire_choices":[{"floor":8.0,"key":"REST"},{"data":"Heavy Blade","floor":11.0,"key":"SMITH"},{"floor":13.0,"key":"REST"},{"data":"Iron Wave","floor":15.0,"key":"SMITH"},{"floor":23,"key":"REST"},{"floor":25,"key":"REST"},{"data":"Heavy Blade","floor":28,"key":"SMITH"},{"data":"Armaments","floor":30,"key":"SMITH"},{"floor":32,"key":"REST"}],"circlet_count":0,"master_deck":["AscendersBane","Defend_R","Defend_R","Defend_R","Bash+1","Heavy Blade+1","Armaments+1","Cleave","Iron Wave+1","Heavy Blade+1","Sword Boomerang","Sword Boomerang","Limit Break+1","Iron Wave","Twin Strike","Rupture","Inflame+1","Sword Boomerang+1","Bite","Bite","Bite","Bite","Bite","Armaments+1"],"relics":["Burning Blood","Anchor","CeramicFish","Letter Opener","Cursed Key","Lee\u0027s Waffle","Red Skull"],"acts_visited":["Exordium","TheCity"],"potions_floor_usage":[16,22,29],"damage_taken":[{"damage":4.0,"enemies":"Jaw Worm","floor":1.0,"turns":4.0},{"damage":1.0,"enemies":"2 Louse","floor":2.0,"turns":3.0},{"damage":6.0,"enemies":"Cultist","floor":3.0,"turns":3.0},{"damage":70.0,"enemies":"Lagavulin","floor":6.0,"turns":8.0},{"damage":4.0,"enemies":"2 Fungi Beasts","floor":7.0,"turns":3.0},{"damage":19.0,"enemies":"3 Sentries","floor":10.0,"turns":8.0},{"damage":1.0,"enemies":"Looter","floor":12.0,"turns":3.0},{"damage":11.0,"enemies":"Blue Slaver","floor":14.0,"turns":4.0},{"damage":36,"enemies":"The Guardian","floor":16,"turns":14},{"damage":45,"enemies":"Shell Parasite","floor":18,"turns":6},{"damage":18,"enemies":"Chosen","floor":19,"turns":4},{"damage":54,"enemies":"Shelled Parasite and Fungi","floor":22,"turns":5},{"damage":37,"enemies":"Cultist and Chosen","floor":24,"turns":6},{"damage":33,"enemies":"Book of Stabbing","floor":29,"turns":4},{"damage":134,"enemies":"Automaton","floor":33,"turns":8}],"seed_played":"-2363158430356325952","potions_obtained":[{"floor":3.0,"key":"Dexterity Potion"},{"floor":7.0,"key":"LiquidBronze"},{"floor":10.0,"key":"champ:CounterPotion"},{"floor":14.0,"key":"FairyPotion"},{"floor":19,"key":"DistilledChaos"},{"floor":24,"key":"GamblersBrew"}],"is_trial":false,"path_per_floor":["M","M","M","?","$","E","M","R","T","E","R","M","R","M","R","B",null,"M","M","?","$","M","R","M","R","T","?","R","E","R","?","R","B"],"character_chosen":"IRONCLAD","items_purchased":["Cleave","Lee\u0027s Waffle","Rupture"],"campfire_rested":5,"item_purchase_floors":[5,21,21],"current_hp_per_floor":[70,75,75,75,75,11,13,35,35,22,22,27,49,44,44,14,60,21,9,9,82,34,58,27,51,51,51,51,31,31,31,48,0,0],"gold":244,"neow_bonus":"UPGRADE_CARD","is_daily":false,"chose_seed":false,"campfire_upgraded":4,"win_rate":0.0,"timestamp":1613250294,"path_taken":["M","M","M","?","$","E","M","R","T","E","R","M","R","M","R","BOSS","M","M","?","$","?","R","M","R","T","?","R","E","R","?","R","BOSS"],"items_purchased_type":["Card","Relic","Card"],"build_version":"2020-12-22","purchased_purges":1,"victory":false,"max_hp_per_floor":[75,75,75,75,75,75,75,75,75,75,75,75,75,75,75,75,75,75,75,75,82,82,82,82,82,82,57,57,57,57,57,57,57,57],"card_choices":[{"not_picked":["Wild Strike","Flex","Dark Embrace"],"picked":"SKIP","floor":1.0},{"not_picked":["Burning Pact","Iron Wave"],"picked":"Heavy Blade","floor":2.0},{"not_picked":["Body Slam","Havoc"],"picked":"Armaments","floor":3.0},{"not_picked":["Armaments","Rampage"],"picked":"Iron Wave","floor":6.0},{"not_picked":["Havoc","True Grit"],"picked":"Heavy Blade","floor":7.0},{"not_picked":["Iron Wave","Combust"],"picked":"Sword Boomerang","floor":10.0},{"not_picked":["Armaments","Infernal Blade","Shrug It Off"],"picked":"SKIP","floor":12.0},{"not_picked":["Corruption","Burning Pact"],"picked":"Sword Boomerang","floor":14.0},{"not_picked":["Impervious","Juggernaut"],"picked":"Limit Break","floor":16},{"not_picked":["Havoc+1","Perfected Strike+1"],"picked":"Iron Wave","floor":18},{"not_picked":["Armaments","Entrench"],"picked":"Twin Strike","floor":19},{"not_picked":["Battle Trance","Thunderclap"],"picked":"Inflame+1","floor":22},{"not_picked":["Corruption","Warcry+1"],"picked":"Sword Boomerang+1","floor":24},{"not_picked":["Shrug It Off","Impervious"],"picked":"Armaments+1","floor":29}],"player_experience":597871,"relics_obtained":[{"floor":6.0,"key":"Anchor"},{"floor":9.0,"key":"CeramicFish"},{"floor":10.0,"key":"Letter Opener"},{"floor":29,"key":"Red Skull"}],"event_choices":[{"damage_healed":0.0,"max_hp_gain":0.0,"max_hp_loss":0.0,"gold_gain":0.0,"event_name":"The Cleric","player_choice":"Leave","floor":4.0,"gold_loss":0.0,"damage_taken":0.0},{"damage_healed":0,"gold_gain":0,"player_choice":"Forge","damage_taken":0,"max_hp_gain":0,"max_hp_loss":0,"event_name":"Accursed Blacksmith","floor":20,"gold_loss":0,"cards_upgraded":["Limit Break"]},{"damage_healed":0,"gold_gain":0,"player_choice":"Became a vampire","damage_taken":0,"max_hp_gain":0,"max_hp_loss":25,"event_name":"Vampires","floor":27,"gold_loss":0,"cards_obtained":["Bite","Bite","Bite","Bite","Bite"]},{"cards_removed":["downfall:Icky"],"damage_healed":0,"gold_gain":0,"player_choice":"Elegance","damage_taken":0,"max_hp_gain":0,"max_hp_loss":0,"event_name":"Back to Basics","floor":31,"gold_loss":0}],"is_beta":false,"boss_relics":[{"not_picked":["Ectoplasm","Black Blood"],"picked":"Cursed Key"}],"items_purged_floors":[5],"is_endless":false,"potions_floor_spawned":[3,7,10,12,14,19,24],"killed_by":"Automaton","ascension_level":18}}