{"host":"krw8kyiy0um8ye49","time":1613240898,"event":{"mods":["BaseMod","Minty Spire (QoL Compilation)","StSLib","The Runesmith"],"gold_per_floor":[116,135,135,148,168,168,183,210,210,274,274,301,301,316,316,417,417,431,169,169,186,105,105,135,147,159,171,215,242,169,194,206,323,335,358,420,451,476,30,30,47,47,47,47,47],"floor_reached":44,"language":"ENG","playtime":3572,"items_purged":["Runesmith:Strike_RS","Runesmith:Strike_RS"],"score":506,"play_id":"eb550960-7617-49fa-9b97-3f9fb7c2b117","local_time":"20210213192818","is_ascension_mode":true,"campfire_choices":[{"data":"Runesmith:HammerAndChisel","floor":6,"key":"SMITH"},{"data":"Runesmith:HammerThrow","floor":11,"key":"SMITH"},{"data":"Runesmith:CraftMagma","floor":13,"key":"SMITH"},{"data":"Runesmith:EarthShield","floor":15,"key":"SMITH"},{"data":"Runesmith:CreatorForm","floor":23,"key":"SMITH"},{"data":"Runesmith:LithiumIon","floor":25,"key":"SMITH"},{"floor":27,"key":"REST"},{"floor":32,"key":"REST"},{"data":"Runesmith:Firewall","floor":40,"key":"SMITH"}],"circlet_count":0,"master_deck":["Runesmith:Strike_RS","Runesmith:Strike_RS","Runesmith:Defend_RS","Runesmith:Defend_RS","Runesmith:Defend_RS+1","Runesmith:Defend_RS","Runesmith:CraftFirestone+1","Runesmith:Fortify","Runesmith:RuneHurl","Runesmith:BackupBattery+1","Runesmith:HammerAndChisel+1","Runesmith:EarthShield+1","Runesmith:HammerThrow+1","Runesmith:CraftMagma+1","Runesmith:CreatorForm+1","Runesmith:HeatedChisel","Runesmith:LithiumIon+1","Runesmith:PoweredAnvil","Runesmith:MakeshiftArmor+1","Runesmith:Firewall+1","Runesmith:Reinforce","Runesmith:ArcReactor","Runesmith:EarthShield+1","Runesmith:CraftProtectio+1","Runesmith:FrozenChisel"],"relics":["Runesmith:BrokenRuby","War Paint","PreservedInsect","Potion Belt","Pear","Snecko Eye","Omamori","MawBank","Du-Vu Doll","Ancient Tea Set","Tiny Chest","Calling Bell","Blood Vial","Mercury Hourglass","Girya","Runesmith:Locket","Calipers","HornCleat"],"acts_visited":["Exordium","TheCity","TheBeyond"],"potions_floor_usage":[8,10,16,28,28,31,38,38],"damage_taken":[{"damage":2,"enemies":"2 Louse","floor":1,"turns":4},{"damage":0,"enemies":"Cultist","floor":2,"turns":3},{"damage":1,"enemies":"Jaw Worm","floor":4,"turns":3},{"damage":6,"enemies":"3 Louse","floor":5,"turns":4},{"damage":0,"enemies":"2 Fungi Beasts","floor":7,"turns":3},{"damage":17,"enemies":"Lagavulin","floor":8,"turns":6},{"damage":1,"enemies":"3 Sentries","floor":10,"turns":4},{"damage":8,"enemies":"3 Sentries","floor":12,"turns":6},{"damage":0,"enemies":"Looter","floor":14,"turns":3},{"damage":9,"enemies":"The Guardian","floor":16,"turns":11},{"damage":8,"enemies":"Spheric Guardian","floor":18,"turns":4},{"damage":17,"enemies":"Shell Parasite","floor":21,"turns":7},{"damage":22,"enemies":"Book of Stabbing","floor":24,"turns":5},{"damage":36,"enemies":"Slavers","floor":28,"turns":5},{"damage":8,"enemies":"Snake Plant","floor":29,"turns":4},{"damage":0,"enemies":"Centurion and Healer","floor":31,"turns":8},{"damage":13,"enemies":"Automaton","floor":33,"turns":9},{"damage":22,"enemies":"Orb Walker","floor":35,"turns":4},{"damage":21,"enemies":"Mind Bloom Boss Battle","floor":36,"turns":7},{"damage":22,"enemies":"3 Darklings","floor":37,"turns":4},{"damage":7,"enemies":"Writhing Mass","floor":38,"turns":6},{"damage":12,"enemies":"Sphere and 2 Shapes","floor":41,"turns":6},{"damage":26,"enemies":"Reptomancer","floor":44,"turns":3}],"seed_played":"-7782199731757648220","potions_obtained":[{"floor":5,"key":"Energy Potion"},{"floor":7,"key":"PowerPotion"},{"floor":12,"key":"DistilledChaos"},{"floor":18,"key":"Ancient Potion"},{"floor":21,"key":"CultistPotion"},{"floor":29,"key":"SkillPotion"},{"floor":33,"key":"FearPotion"},{"floor":36,"key":"Explosive Potion"},{"floor":37,"key":"SkillPotion"},{"floor":41,"key":"SteroidPotion"}],"is_trial":false,"path_per_floor":["M","M","?","M","M","R","M","E","T","?","R","E","R","M","R","B",null,"M","$","?","M","$","R","E","R","T","R","E","M","?","M","R","B",null,"M","?","M","M","$","R","M","?","T","E"],"character_chosen":"RUNESMITH_CLASS","items_purchased":["Omamori","Runesmith:LithiumIon","Runesmith:PoweredAnvil","Calipers","Runesmith:FrozenChisel"],"campfire_rested":2,"item_purchase_floors":[19,19,22,39,39],"current_hp_per_floor":[75,75,75,74,68,68,68,51,51,50,50,52,52,52,52,43,87,79,79,62,45,45,45,23,23,23,50,14,6,6,6,33,20,92,70,51,31,26,26,26,16,16,16,0,0],"gold":47,"neow_bonus":"TEN_PERCENT_HP_BONUS","is_daily":false,"chose_seed":false,"campfire_upgraded":7,"win_rate":0.0,"timestamp":1613240898,"path_taken":["M","M","?","M","?","R","?","E","T","?","R","E","R","M","R","BOSS","M","$","?","M","$","R","E","R","T","R","E","M","?","M","R","BOSS","M","?","M","M","$","R","M","?","T","E"],"items_purchased_type":["Relic","Card","Card","Relic","Card"],"build_version":"2020-12-22","purchased_purges":2,"victory":false,"max_hp_per_floor":[77,77,77,77,77,77,77,77,77,77,77,87,87,87,87,87,87,87,87,92,92,92,92,92,92,92,92,92,92,92,92,92,92,92,92,92,92,92,92,92,92,87,87,87,87],"card_choices":[{"not_picked":["Runesmith:CraftProtectio","Runesmith:Overpower"],"picked":"Runesmith:RuneHurl","floor":1},{"not_picked":["Runesmith:DoubleUp","Runesmith:HeatedChisel"],"picked":"Runesmith:BackupBattery","floor":2},{"not_picked":["Runesmith:Grindstone","Runesmith:ShiftingStrike","Runesmith:OneForEveryone"],"picked":"SKIP","floor":4},{"not_picked":["Runesmith:Repurpose","Runesmith:ShiftingStrike"],"picked":"Runesmith:HammerAndChisel","floor":5},{"not_picked":["Runesmith:ChaoticBlast","Runesmith:UnstableHammer"],"picked":"Runesmith:EarthShield","floor":7},{"not_picked":["Runesmith:Augment","Runesmith:MakeshiftArmor"],"picked":"Runesmith:HammerThrow","floor":8},{"not_picked":["Runesmith:CraftSpiculum","Runesmith:BackupBattery"],"picked":"Runesmith:CraftMagma","floor":10},{"not_picked":["Runesmith:Overpower","Runesmith:CraftPrismatica","Runesmith:BackupBattery"],"picked":"SKIP","floor":12},{"not_picked":["Runesmith:HeatExchange","Runesmith:ElementalConversion","Runesmith:StaticCage"],"picked":"SKIP","floor":14},{"not_picked":["Runesmith:GenerateForcefield","Runesmith:CraftMedicinae"],"picked":"Runesmith:CreatorForm","floor":16},{"not_picked":["Runesmith:BackupBattery","Runesmith:Repurpose"],"picked":"Runesmith:HeatedChisel","floor":18},{"not_picked":["Runesmith:ChiselStab+1","Runesmith:EnergizedChisel","Runesmith:ShiftingStrike"],"picked":"SKIP","floor":21},{"not_picked":["Runesmith:GenerateForcefield","Runesmith:NanitesCloud"],"picked":"Runesmith:MakeshiftArmor+1","floor":24},{"not_picked":["Runesmith:Retool","Runesmith:OneForEveryone"],"picked":"Runesmith:Firewall","floor":28},{"not_picked":["Runesmith:UnstableHammer","Runesmith:HammerThrow","Runesmith:CraftIncendium"],"picked":"SKIP","floor":29},{"not_picked":["Runesmith:Discharge","Runesmith:HeatExchange"],"picked":"Runesmith:Reinforce","floor":31},{"not_picked":["Runesmith:CreatorForm","Runesmith:FissionHammer"],"picked":"Runesmith:ArcReactor","floor":33},{"not_picked":["Runesmith:ShiftingStrike","Runesmith:HeatedChisel+1"],"picked":"Runesmith:EarthShield+1","floor":35},{"not_picked":["Runesmith:DoubleUp+1","Runesmith:HammerTime"],"picked":"Runesmith:CraftProtectio+1","floor":37},{"not_picked":["Runesmith:Grindstone","Runesmith:RuneHurl+1","Runesmith:MakeshiftArmor"],"picked":"SKIP","floor":38},{"not_picked":["Runesmith:ShiftingStrike+1","Runesmith:CraftProtectio","Runesmith:Supernova"],"picked":"SKIP","floor":41}],"player_experience":174403,"relics_obtained":[{"floor":8,"key":"War Paint"},{"floor":9,"key":"PreservedInsect"},{"floor":10,"key":"Potion Belt"},{"floor":12,"key":"Pear"},{"floor":24,"key":"MawBank"},{"floor":26,"key":"Du-Vu Doll"},{"floor":28,"key":"Ancient Tea Set"},{"floor":34,"key":"Blood Vial"},{"floor":34,"key":"Mercury Hourglass"},{"floor":34,"key":"Girya"},{"floor":36,"key":"Runesmith:Locket"},{"floor":43,"key":"HornCleat"}],"event_choices":[{"damage_healed":0,"gold_gain":0,"player_choice":"Forge","damage_taken":0,"max_hp_gain":0,"max_hp_loss":0,"event_name":"Accursed Blacksmith","floor":3,"gold_loss":0,"cards_upgraded":["Runesmith:CraftFirestone"]},{"damage_healed":0,"gold_gain":30,"player_choice":"Searched \u00272\u0027 times","damage_taken":0,"max_hp_gain":0,"max_hp_loss":0,"event_name":"Dead Adventurer","floor":10,"gold_loss":0},{"damage_healed":0,"gold_gain":0,"player_choice":"Shed Blood","damage_taken":22,"max_hp_gain":5,"max_hp_loss":0,"event_name":"Forgotten Altar","floor":20,"gold_loss":0},{"damage_healed":0,"gold_gain":0,"player_choice":"Obtained Relic","damage_taken":0,"relics_obtained":["Tiny Chest"],"max_hp_gain":0,"max_hp_loss":0,"event_name":"Addict","floor":30,"gold_loss":85},{"damage_healed":0,"gold_gain":0,"player_choice":"Fight","damage_taken":0,"max_hp_gain":0,"max_hp_loss":0,"event_name":"MindBloom","floor":36,"gold_loss":0},{"damage_healed":0,"gold_gain":0,"player_choice":"Max HP","damage_taken":0,"max_hp_gain":0,"max_hp_loss":5,"event_name":"Winding Halls","floor":42,"gold_loss":0}],"is_beta":false,"boss_relics":[{"not_picked":["Philosopher\u0027s Stone","Runesmith:PocketReactor"],"picked":"Snecko Eye"},{"not_picked":["Coffee Dripper","Black Star"],"picked":"Calling Bell"}],"items_purged_floors":[19,39],"is_endless":false,"potions_floor_spawned":[5,7,12,18,21,29,33,36,37,41],"killed_by":"Reptomancer","ascension_level":1}}