{"host":"w4ub8crw9ou4a5am","time":1613235541,"event":{"mods":["2.2 Compatiblity","BaseMod","Challenge The Spire","Colored Powertips","Hermit","Hubris","Jorbs\u0027s Wanderer Trilogy","KinomotoSakuraMod(????)","Koishi","Marisa????????","Minty Spire (QoL Compilation)","Quick Restart","Rare Cards Sparkle","Remilia??????","StSLib","The Administrix","The Animator","The Bug Knight","The Cursed","The Disciple","The Hierophant","The Jungle","The Marked","The Necromancer","The Senshi","The Servant 0.9.4","WarShipGirlsR/????R mod"],"gold_per_floor":[116,136,146,166,186,186,186],"floor_reached":6,"language":"ENG","playtime":647,"items_purged":[],"score":40,"play_id":"a0941376-6d2a-405b-a424-25caceb47379","local_time":"20210213115901","is_ascension_mode":false,"campfire_choices":[],"circlet_count":0,"master_deck":["Accelerando","Rallentando","Allegro","Strike_Br","Strike_Br","Strike_Br","Strike_Br","Defend_Br","Defend_Br","Defend_Br","Defend_Br","SecondHand","PatternShift","BeatsPerMinute","WatchCommand","LockedAnchor","OldTimer","PrimeTime"],"relics":["Chronometer"],"acts_visited":["Exordium"],"potions_floor_usage":[5,5],"damage_taken":[{"damage":4,"enemies":"Jaw Worm","floor":1,"turns":5},{"damage":0,"enemies":"2 Louse","floor":2,"turns":3},{"damage":0,"enemies":"Small Slimes","floor":3,"turns":2},{"damage":3,"enemies":"Red Slaver","floor":4,"turns":5},{"damage":0,"enemies":"3 Louse","floor":5,"turns":4},{"damage":64,"enemies":"Gremlin Nob","floor":6,"turns":5}],"seed_played":"-6448130291886565835","potions_obtained":[{"floor":1,"key":"SmokeBomb"},{"floor":2,"key":"Dexterity Potion"},{"floor":3,"key":"Block Potion"}],"is_trial":false,"path_per_floor":["M","M","M","M","M","E"],"character_chosen":"CHRONO_CLASS","items_purchased":[],"campfire_rested":0,"item_purchase_floors":[],"current_hp_per_floor":[67,67,67,64,64,0,0],"gold":186,"neow_bonus":"TEN_PERCENT_HP_BONUS","is_daily":false,"chose_seed":false,"campfire_upgraded":0,"win_rate":0.0,"timestamp":1613235541,"path_taken":["M","M","M","M","M","E"],"items_purchased_type":[],"build_version":"2020-12-22","purchased_purges":0,"victory":false,"max_hp_per_floor":[71,71,71,71,71,71,71],"card_choices":[{"not_picked":["Cuckoo","Tempo"],"picked":"BeatsPerMinute","floor":1},{"not_picked":["Backlash","Parity"],"picked":"WatchCommand","floor":2},{"not_picked":["DaylightSavings","LockedMedicine"],"picked":"LockedAnchor","floor":3},{"not_picked":["Engulf","WindUp"],"picked":"OldTimer","floor":4},{"not_picked":["LockedScales","LockedMedicine"],"picked":"PrimeTime","floor":5}],"player_experience":1716548,"relics_obtained":[],"event_choices":[],"is_beta":false,"boss_relics":[],"items_purged_floors":[],"is_endless":false,"potions_floor_spawned":[1,2,3],"killed_by":"Gremlin Nob","ascension_level":0}}