{"host":"1stlzvh7atuy33yh","time":1613188888,"event":{"mods":["BaseMod","Colored Map","Colored Powertips","Downfall","Friendly Minions","Minty Spire (QoL Compilation)","StSLib","The Mystic"],"gold_per_floor":[117,42,56,56,72,98,48,66,91,91,101,18,18,31,31,128,128,145,145,145,45,79,79,102,116,116,135,153,169,183,183,183,183,183],"floor_reached":33,"language":"ENG","playtime":3093,"items_purged":["mysticmod:Defend_Mystic","downfall:Bewildered"],"score":249,"play_id":"6680ee5f-f2d9-4389-8fd1-3f775124ebec","local_time":"20210212230128","is_ascension_mode":false,"campfire_choices":[{"floor":10,"key":"RECALL"},{"floor":15,"key":"REST"},{"floor":23,"key":"REST"},{"floor":32,"key":"REST"}],"circlet_count":0,"master_deck":["mysticmod:Strike_Mystic","mysticmod:Strike_Mystic","mysticmod:Strike_Mystic","mysticmod:Defend_Mystic","mysticmod:Defend_Mystic","mysticmod:ArcaneDodge","mysticmod:ShockingGrasp","mysticmod:ChargedParry","mysticmod:SummonFamiliar","mysticmod:SummonFamiliar","mysticmod:Disengage","mysticmod:SummonFamiliar","Discovery","mysticmod:MagicMissile","mysticmod:Discipline","mysticmod:KeenEdge+1","mysticmod:Fireball","mysticmod:LightningBolt","mysticmod:BladedDash+1","mysticmod:MagicWeapon+1"],"relics":["mysticmod:SpellBook","PreservedInsect","mysticmod:TrainingManual","mysticmod:CrystalBall","Enchiridion","sneckomod:BabySnecko","Red Mask","Nunchaku","Sundial"],"acts_visited":["Exordium","TheCity"],"potions_floor_usage":[16,16,33,33,33],"damage_taken":[{"damage":0,"enemies":"Cultist","floor":1,"turns":4},{"damage":0,"enemies":"Small Slimes","floor":3,"turns":4},{"damage":0,"enemies":"Jaw Worm","floor":5,"turns":3},{"damage":24,"enemies":"3 Sentries","floor":6,"turns":13},{"damage":4,"enemies":"Lots of Slimes","floor":8,"turns":5},{"damage":11,"enemies":"2 Fungi Beasts","floor":11,"turns":4},{"damage":3,"enemies":"Blue Slaver","floor":14,"turns":4},{"damage":26,"enemies":"Slime Boss","floor":16,"turns":15},{"damage":10,"enemies":"Shell Parasite","floor":18,"turns":7},{"damage":29,"enemies":"Masked Bandits","floor":22,"turns":5},{"damage":5,"enemies":"2 Thieves","floor":25,"turns":2},{"damage":9,"enemies":"Cultist and Chosen","floor":27,"turns":5},{"damage":19,"enemies":"Centurion and Healer","floor":28,"turns":6},{"damage":2,"enemies":"3 Cultists","floor":29,"turns":4},{"damage":5,"enemies":"Snecko","floor":30,"turns":5},{"damage":49,"enemies":"Automaton","floor":33,"turns":6}],"seed_played":"-148728837807785653","potions_obtained":[{"floor":3,"key":"champ:CounterPotion"},{"floor":5,"key":"Strength Potion"},{"floor":8,"key":"SneckoOil"},{"floor":11,"key":"SkillPotion"},{"floor":28,"key":"champ:CounterPotion"},{"floor":30,"key":"Dexterity Potion"}],"is_trial":false,"path_per_floor":["M","$","M","?","M","E","?","M","T","R","M","$","T","M","R","B",null,"M","?","?","$","?","R","T","M","T","M","M","M","M","?","R","B"],"character_chosen":"MYSTIC_CLASS","items_purchased":["Discovery"],"campfire_rested":3,"item_purchase_floors":[12],"current_hp_per_floor":[84,84,84,84,84,60,60,56,56,56,45,45,45,42,67,41,84,74,58,58,58,29,54,54,49,49,40,21,19,14,14,39,0,0],"gold":183,"neow_bonus":"TEN_PERCENT_HP_BONUS","is_daily":false,"chose_seed":false,"campfire_upgraded":0,"win_rate":0.0,"timestamp":1613188888,"path_taken":["M","$","M","?","M","E","?","?","T","R","M","$","?","M","R","BOSS","M","?","?","$","?","R","?","M","T","M","M","?","M","?","R","BOSS"],"items_purchased_type":["Card"],"build_version":"2020-12-22","purchased_purges":2,"victory":false,"max_hp_per_floor":[84,84,84,84,84,84,84,84,84,84,84,84,84,84,84,84,84,84,84,84,84,84,84,84,84,84,84,84,84,84,84,84,84,84],"card_choices":[{"not_picked":["mysticmod:DiviningBlow","mysticmod:HeavyStrike"],"picked":"mysticmod:ChargedParry","floor":1},{"not_picked":["mysticmod:Sideswipe","mysticmod:ComponentsPouch"],"picked":"mysticmod:SummonFamiliar","floor":3},{"not_picked":["mysticmod:MightyMagic","mysticmod:Disengage"],"picked":"mysticmod:SummonFamiliar","floor":5},{"not_picked":["mysticmod:BulkUp","mysticmod:ComboCaster"],"picked":"mysticmod:Disengage","floor":6},{"not_picked":["mysticmod:HeavyStrike","mysticmod:PowerSlash"],"picked":"mysticmod:SummonFamiliar","floor":8},{"not_picked":["mysticmod:Daze","mysticmod:ComponentsPouch","mysticmod:HeavyStrike"],"picked":"SKIP","floor":11},{"not_picked":["mysticmod:FloatingDisk","mysticmod:ComponentsPouch"],"picked":"mysticmod:MagicMissile","floor":14},{"not_picked":["mysticmod:GeminiForm","mysticmod:GreaterInvisibility"],"picked":"mysticmod:Discipline","floor":16},{"not_picked":["mysticmod:Riposte","mysticmod:Feint"],"picked":"mysticmod:KeenEdge+1","floor":18},{"not_picked":["mysticmod:PureInstinct+1","mysticmod:StyleChange"],"picked":"mysticmod:Fireball","floor":22},{"not_picked":["mysticmod:PowerSlash","mysticmod:VorpalThrust"],"picked":"mysticmod:LightningBolt","floor":25},{"not_picked":["mysticmod:ComponentsPouch","mysticmod:AllIn","mysticmod:SpellCombat"],"picked":"SKIP","floor":27},{"not_picked":["mysticmod:Snowball","mysticmod:Flourish"],"picked":"mysticmod:BladedDash+1","floor":28},{"not_picked":["mysticmod:PowerSlash","mysticmod:Sideswipe","mysticmod:Daze"],"picked":"SKIP","floor":29},{"not_picked":["mysticmod:PreparedCaster+1","mysticmod:RapidCaster"],"picked":"mysticmod:MagicWeapon+1","floor":30}],"player_experience":105500,"relics_obtained":[{"floor":6,"key":"PreservedInsect"},{"floor":13,"key":"mysticmod:TrainingManual"},{"floor":19,"key":"Enchiridion"},{"floor":22,"key":"Red Mask"},{"floor":24,"key":"Nunchaku"},{"floor":26,"key":"Sundial"}],"event_choices":[{"cards_removed":["mysticmod:Strike_Mystic"],"damage_healed":0,"gold_gain":0,"player_choice":"Forget","damage_taken":0,"max_hp_gain":0,"max_hp_loss":0,"event_name":"Living Wall","floor":4,"gold_loss":0},{"cards_removed":["mysticmod:Defend_Mystic"],"damage_healed":0,"gold_gain":0,"player_choice":"Card Removal","damage_taken":0,"max_hp_gain":0,"max_hp_loss":0,"event_name":"The Cleric","floor":7,"gold_loss":50},{"damage_healed":0,"gold_gain":0,"player_choice":"Obtained Book","damage_taken":16,"max_hp_gain":0,"max_hp_loss":0,"event_name":"Cursed Tome","floor":19,"gold_loss":0},{"damage_healed":0,"gold_gain":0,"player_choice":"Fought Bandits","damage_taken":0,"max_hp_gain":0,"max_hp_loss":0,"event_name":"Masked Bandits","floor":22,"gold_loss":0},{"damage_healed":0,"gold_gain":0,"player_choice":"Ignored","damage_taken":0,"max_hp_gain":0,"max_hp_loss":0,"event_name":"Vampires","floor":31,"gold_loss":0}],"is_beta":false,"boss_relics":[{"not_picked":["Tiny House","mysticmod:DeckOfManyThings"],"picked":"mysticmod:CrystalBall"}],"items_purged_floors":[2,21],"is_endless":false,"potions_floor_spawned":[3,5,8,11,28,30],"killed_by":"Automaton","ascension_level":0}}