{"host":"y13mj1mxwnd5xx1x","time":1613194387,"event":{"mods":["AchievementEnabler","BaseMod","Minty Spire (QoL Compilation)"],"gold_per_floor":[111,137,237,256,267,267,298,298,352,371,383,418,435,468,468,565,565,579,605,704,704,715,715,740,781,781,821,821,821,439,494,494,615,615,655,704,704,704,459,484,501,514,540,540,590,590,610,629,629,629],"floor_reached":51,"language":"ENG","playtime":4580,"items_purged":["Defend_P","Writhe"],"score":824,"play_id":"e2166903-382c-4ba1-b4d3-a2ce2095fd85","local_time":"20210212233307","is_ascension_mode":true,"campfire_choices":[{"data":"WindmillStrike","floor":6.0,"key":"SMITH"},{"data":"Crescendo","floor":8.0,"key":"SMITH"},{"data":"DevaForm","floor":15.0,"key":"SMITH"},{"data":"Ghostly","floor":23.0,"key":"SMITH"},{"data":"Ghostly","floor":28.0,"key":"SMITH"},{"data":"Ghostly","floor":32.0,"key":"SMITH"},{"floor":46,"key":"REST"},{"data":"Scrawl","floor":49,"key":"SMITH"}],"circlet_count":0,"master_deck":["Strike_P","Strike_P","Strike_P","Strike_P","Defend_P","Defend_P","Eruption+1","Vigilance","Meditate","WindmillStrike+1","EmptyBody","Crescendo+1","Protect","Indignation","InnerPeace","DevaForm+1","DeusExMachina","Ghostly+1","Ghostly+1","Ghostly","Ghostly+1","Ghostly","Evaluate","Wish","FlurryOfBlows","Wireheading","FearNoEvil","Scrawl+1","ThirdEye+1","TalkToTheHand+1"],"relics":["HolyWater","Bag of Preparation","Bottled Flame","Damaru","Centennial Puzzle","Bottled Lightning","Busted Crown","Bronze Scales","Juzu Bracelet","Du-Vu Doll","Lee\u0027s Waffle","Pen Nib","Ornamental Fan","Pocketwatch","Frozen Eye","Frozen Egg 2","Potion Belt","Prayer Wheel"],"acts_visited":["Exordium","TheCity","TheBeyond"],"potions_floor_usage":[40,41,44],"damage_taken":[{"damage":0.0,"enemies":"Cultist","floor":1.0,"turns":2.0},{"damage":0.0,"enemies":"2 Louse","floor":4.0,"turns":3.0},{"damage":5.0,"enemies":"Small Slimes","floor":5.0,"turns":3.0},{"damage":6.0,"enemies":"Gremlin Nob","floor":7.0,"turns":3.0},{"damage":2.0,"enemies":"2 Fungi Beasts","floor":10.0,"turns":2.0},{"damage":4.0,"enemies":"Exordium Thugs","floor":11.0,"turns":4.0},{"damage":16.0,"enemies":"3 Sentries","floor":12.0,"turns":10.0},{"damage":0.0,"enemies":"Exordium Wildlife","floor":13.0,"turns":5.0},{"damage":0.0,"enemies":"Gremlin Nob","floor":14.0,"turns":2.0},{"damage":22.0,"enemies":"Hexaghost","floor":16.0,"turns":10.0},{"damage":10.0,"enemies":"Chosen","floor":18.0,"turns":4.0},{"damage":0.0,"enemies":"Shell Parasite","floor":22.0,"turns":6.0},{"damage":6.0,"enemies":"Book of Stabbing","floor":24.0,"turns":5.0},{"damage":0.0,"enemies":"Centurion and Healer","floor":25.0,"turns":5.0},{"damage":0.0,"enemies":"Chosen and Byrds","floor":27.0,"turns":6.0},{"damage":5.0,"enemies":"Slavers","floor":31.0,"turns":6.0},{"damage":16.0,"enemies":"Automaton","floor":33.0,"turns":10.0},{"damage":8.0,"enemies":"3 Shapes","floor":35.0,"turns":7.0},{"damage":0.0,"enemies":"2 Orb Walkers","floor":36.0,"turns":6.0},{"damage":2,"enemies":"Reptomancer","floor":40,"turns":7},{"damage":16,"enemies":"3 Darklings","floor":41,"turns":6},{"damage":0,"enemies":"4 Shapes","floor":42,"turns":6},{"damage":3,"enemies":"Maw","floor":44,"turns":7},{"damage":0,"enemies":"Mind Bloom Boss Battle","floor":45,"turns":10},{"damage":1,"enemies":"Transient","floor":47,"turns":5},{"damage":3,"enemies":"Jaw Worm Horde","floor":48,"turns":5},{"damage":30,"enemies":"Time Eater","floor":50,"turns":8}],"seed_played":"-6818804305376015883","potions_obtained":[{"floor":1.0,"key":"Block Potion"},{"floor":10.0,"key":"Fire Potion"},{"floor":12.0,"key":"Energy Potion"},{"floor":14.0,"key":"BlessingOfTheForge"},{"floor":25.0,"key":"Swift Potion"},{"floor":27.0,"key":"Swift Potion"},{"floor":29.0,"key":"FairyPotion"},{"floor":29.0,"key":"Explosive Potion"},{"floor":42,"key":"SmokeBomb"},{"floor":47,"key":"SkillPotion"},{"floor":48,"key":"Swift Potion"}],"is_trial":false,"path_per_floor":["M","T","?","M","M","R","E","R","T","M","M","E","M","E","R","B",null,"M","T","?","?","M","R","E","M","T","M","R","?","$","E","R","B",null,"M","?","?","?","$","E","M","M","T","M","?","R","M","M","R","B",null],"character_chosen":"WATCHER","items_purchased":["Lee\u0027s Waffle","Pen Nib","Frozen Eye"],"campfire_rested":1,"item_purchase_floors":[30,30,39],"current_hp_per_floor":[72,72,72,72,67,67,61,61,61,59,55,39,39,39,39,17,72,62,62,62,36,36,36,30,30,30,30,30,30,43,38,38,22,43,35,35,35,43,43,41,25,25,25,22,22,34,33,30,30,12],"gold":629,"neow_bonus":"UPGRADE_CARD","is_daily":false,"chose_seed":false,"campfire_upgraded":7,"win_rate":0.0,"timestamp":1613194387,"path_taken":["M","?","?","M","M","R","E","R","T","M","M","E","M","E","R","BOSS","M","?","?","?","M","R","E","M","T","M","R","?","$","E","R","BOSS","M","?","?","?","$","E","M","M","T","M","?","R","M","M","R","BOSS"],"items_purchased_type":["Relic","Relic","Relic"],"build_version":"2020-12-22","purchased_purges":2,"victory":true,"max_hp_per_floor":[72,72,72,72,72,72,72,72,72,72,72,72,72,72,72,72,72,72,72,72,36,36,36,36,36,36,36,36,36,43,43,43,43,43,43,43,43,43,43,43,43,43,43,43,43,43,43,43,43,43],"card_choices":[{"not_picked":["InnerPeace","JustLucky"],"picked":"Meditate","floor":1.0},{"not_picked":["ClearTheMind","Vengeance"],"picked":"WindmillStrike","floor":4.0},{"not_picked":["FollowUp","Prostrate"],"picked":"EmptyBody","floor":5.0},{"not_picked":["Halt","Omniscience"],"picked":"Crescendo","floor":7.0},{"not_picked":["Evaluate","Pray"],"picked":"Protect","floor":10.0},{"not_picked":["FlyingSleeves","Protect"],"picked":"Indignation","floor":11.0},{"not_picked":["Protect","Crescendo","JustLucky"],"picked":"SKIP","floor":12.0},{"not_picked":["EmptyFist","JustLucky"],"picked":"InnerPeace","floor":13.0},{"not_picked":["TalkToTheHand","InnerPeace"],"picked":"DevaForm","floor":14.0},{"not_picked":["Alpha","Establishment"],"picked":"DeusExMachina","floor":16.0},{"not_picked":["PathToVictory+1"],"picked":"SKIP","floor":18.0},{"not_picked":[],"picked":"Evaluate","floor":22.0},{"not_picked":[],"picked":"Wish","floor":24.0},{"not_picked":[],"picked":"FlurryOfBlows","floor":25.0},{"not_picked":[],"picked":"Wireheading","floor":27.0},{"not_picked":[],"picked":"FearNoEvil","floor":31.0},{"not_picked":[],"picked":"Scrawl","floor":33.0},{"not_picked":[],"picked":"ThirdEye+1","floor":35.0},{"not_picked":["Crescendo+1"],"picked":"SKIP","floor":40},{"not_picked":["FearNoEvil+1"],"picked":"SKIP","floor":41},{"not_picked":["ForeignInfluence"],"picked":"SKIP","floor":42},{"not_picked":["Nirvana+1"],"picked":"SKIP","floor":47},{"not_picked":["Wireheading+1"],"picked":"SKIP","floor":47},{"not_picked":[],"picked":"TalkToTheHand+1","floor":48},{"not_picked":["CrushJoints"],"picked":"SKIP","floor":48}],"player_experience":163223,"relics_obtained":[{"floor":2.0,"key":"Bag of Preparation"},{"floor":7.0,"key":"Bottled Flame"},{"floor":9.0,"key":"Damaru"},{"floor":12.0,"key":"Centennial Puzzle"},{"floor":14.0,"key":"Bottled Lightning"},{"floor":19.0,"key":"Bronze Scales"},{"floor":24.0,"key":"Juzu Bracelet"},{"floor":26.0,"key":"Du-Vu Doll"},{"floor":31.0,"key":"Ornamental Fan"},{"floor":36.0,"key":"Pocketwatch"},{"floor":40,"key":"Frozen Egg 2"},{"floor":43,"key":"Potion Belt"},{"floor":45,"key":"Prayer Wheel"}],"event_choices":[{"damage_healed":0.0,"max_hp_gain":0.0,"max_hp_loss":0.0,"gold_gain":100.0,"event_name":"Wheel of Change","player_choice":"Gold","floor":3.0,"gold_loss":0.0,"damage_taken":0.0},{"damage_healed":0.0,"max_hp_gain":0.0,"max_hp_loss":0.0,"gold_gain":99.0,"event_name":"Nest","player_choice":"Stole From Cult","floor":20.0,"gold_loss":0.0,"damage_taken":0.0},{"damage_healed":0.0,"max_hp_gain":0.0,"max_hp_loss":36.0,"gold_gain":0.0,"event_name":"Ghosts","player_choice":"Became a Ghost","floor":21.0,"gold_loss":0.0,"damage_taken":0.0,"cards_obtained":["Ghostly","Ghostly","Ghostly","Ghostly","Ghostly"]},{"damage_healed":0.0,"max_hp_gain":0.0,"max_hp_loss":0.0,"gold_gain":0.0,"event_name":"Lab","player_choice":"Got Potions","floor":29.0,"gold_loss":0.0,"damage_taken":0.0},{"damage_healed":0.0,"max_hp_gain":0.0,"max_hp_loss":0.0,"gold_gain":0.0,"event_name":"Mysterious Sphere","player_choice":"Fight","floor":36.0,"gold_loss":0.0,"damage_taken":0.0},{"cards_removed":["Defend_P"],"damage_healed":0.0,"max_hp_gain":0.0,"max_hp_loss":0.0,"gold_gain":0.0,"event_name":"Falling","player_choice":"Removed Skill","floor":37.0,"gold_loss":0.0,"damage_taken":0.0},{"damage_healed":11.0,"max_hp_gain":0.0,"max_hp_loss":0.0,"gold_gain":0.0,"event_name":"Winding Halls","player_choice":"Writhe","floor":38.0,"gold_loss":0.0,"damage_taken":0.0,"cards_obtained":["Writhe"]},{"damage_healed":0,"gold_gain":0,"player_choice":"Fight","damage_taken":0,"max_hp_gain":0,"max_hp_loss":0,"event_name":"MindBloom","floor":45,"gold_loss":0}],"is_beta":false,"boss_relics":[{"not_picked":["Coffee Dripper","Calling Bell"],"picked":"Busted Crown"},{"not_picked":["Cursed Key","Tiny House"],"picked":"HolyWater"}],"items_purged_floors":[30,39],"is_endless":false,"potions_floor_spawned":[1,10,12,13,14,16,22,25,27,35,42,44,47,48],"ascension_level":1}}