{"host":"baymyijz6sxaqj5s","time":1613214163,"event":{"mods":["AchievementEnabler","BaseMod","Colored Map","Colored Powertips","DeckTracker","Highlight Path","KOR Keyword Fix","Keyboard Shortcuts","Minty Spire (QoL Compilation)","StSLib","SuperFastMode","everything is the same but u backflip on backflip"],"gold_per_floor":[109,122,137,137,137,152,152,165,192,157,169,169,180,180,180,278,278,292,306,160,60,60,60],"floor_reached":22,"language":"KOR","playtime":857,"items_purged":["Strike_G","Strike_G"],"score":205,"play_id":"6e22f8ca-068b-4629-8a0e-75edbf421666","local_time":"20210213200243","is_ascension_mode":true,"campfire_choices":[{"data":"Tactician","floor":7,"key":"SMITH"},{"data":"Survivor","floor":12,"key":"SMITH"},{"floor":15,"key":"REST"}],"circlet_count":0,"master_deck":["Strike_G","Strike_G","Strike_G","Defend_G","Defend_G","Defend_G","Defend_G","Defend_G","Survivor+1","Neutralize","Tactician+1","Deadly Poison","Leg Sweep","Backflip","Burst","Blur+1","Backflip+1","Catalyst"],"relics":["Ring of the Serpent","Vajra","Bag of Marbles"],"acts_visited":["Exordium","TheCity"],"potions_floor_usage":[6,6,16,22,22],"damage_taken":[{"damage":0,"enemies":"Jaw Worm","floor":1,"turns":7},{"damage":2,"enemies":"Small Slimes","floor":2,"turns":4},{"damage":0,"enemies":"Cultist","floor":3,"turns":4},{"damage":17,"enemies":"Gremlin Gang","floor":6,"turns":7},{"damage":17,"enemies":"3 Louse","floor":8,"turns":7},{"damage":15,"enemies":"2 Fungi Beasts","floor":11,"turns":6},{"damage":5,"enemies":"Looter","floor":13,"turns":4},{"damage":40,"enemies":"The Guardian","floor":16,"turns":11},{"damage":9,"enemies":"Spheric Guardian","floor":18,"turns":5},{"damage":13,"enemies":"Shell Parasite","floor":19,"turns":9},{"damage":88,"enemies":"3 Cultists","floor":22,"turns":8}],"seed_played":"1112523885597063937","potions_obtained":[{"floor":1,"key":"Block Potion"},{"floor":3,"key":"SteroidPotion"},{"floor":8,"key":"GhostInAJar"},{"floor":11,"key":"SkillPotion"},{"floor":19,"key":"SpeedPotion"}],"is_trial":false,"path_per_floor":["M","M","M","?","?","M","R","M","T","?","M","R","M","T","R","B",null,"M","M","$","$","M"],"character_chosen":"THE_SILENT","items_purchased":["Catalyst"],"campfire_rested":1,"item_purchase_floors":[20],"current_hp_per_floor":[77,75,75,80,80,63,63,46,46,66,51,51,46,46,70,30,82,73,60,60,60,0,0],"gold":60,"neow_bonus":"TEN_PERCENT_HP_BONUS","is_daily":false,"chose_seed":false,"campfire_upgraded":2,"win_rate":0.0,"timestamp":1613214163,"path_taken":["M","M","M","?","?","M","R","M","T","?","M","R","?","?","R","BOSS","M","M","?","$","M"],"items_purchased_type":["Card"],"build_version":"2020-12-22","purchased_purges":2,"victory":false,"max_hp_per_floor":[77,77,77,82,82,82,82,82,82,82,82,82,82,82,82,82,82,82,82,82,82,82,82],"card_choices":[{"not_picked":["Underhanded Strike","Dodge and Roll"],"picked":"Tactician","floor":1},{"not_picked":["Blade Dance","Dagger Spray","Outmaneuver"],"picked":"SKIP","floor":2},{"not_picked":["Quick Slash","Underhanded Strike","Flying Knee"],"picked":"SKIP","floor":3},{"not_picked":["Accuracy","Blade Dance","Dagger Throw"],"picked":"SKIP","floor":6},{"not_picked":["Wraith Form v2","Prepared"],"picked":"Deadly Poison","floor":8},{"not_picked":["Terror","Distraction"],"picked":"Leg Sweep","floor":11},{"not_picked":["Dodge and Roll","Underhanded Strike"],"picked":"Backflip","floor":13},{"not_picked":["Doppelganger","Tools of the Trade"],"picked":"Burst","floor":16},{"not_picked":["Sucker Punch","Flechettes"],"picked":"Blur+1","floor":18},{"not_picked":["Slice","Predator"],"picked":"Backflip+1","floor":19}],"player_experience":90668,"relics_obtained":[{"floor":9,"key":"Vajra"},{"floor":14,"key":"Bag of Marbles"}],"event_choices":[{"damage_healed":0,"gold_gain":0,"player_choice":"Donut","damage_taken":0,"max_hp_gain":5,"max_hp_loss":0,"event_name":"Big Fish","floor":4,"gold_loss":0},{"damage_healed":0,"gold_gain":0,"player_choice":"Ignored","damage_taken":0,"max_hp_gain":0,"max_hp_loss":0,"event_name":"Golden Idol","floor":5,"gold_loss":0},{"damage_healed":20,"gold_gain":0,"player_choice":"Healed","damage_taken":0,"max_hp_gain":0,"max_hp_loss":0,"event_name":"The Cleric","floor":10,"gold_loss":35}],"is_beta":false,"boss_relics":[{"not_picked":["Runic Dome","Empty Cage"],"picked":"Ring of the Serpent"}],"items_purged_floors":[20,21],"is_endless":false,"potions_floor_spawned":[1,3,8,11,19],"killed_by":"3 Cultists","ascension_level":3}}