{"host":"jz4ul6vrcxqkcr33","time":1613179624,"event":{"mods":["BaseMod","Minty Spire (QoL Compilation)","StSLib"],"gold_per_floor":[112,130,147,147,166,200,200,235,235,235,261,261,261,277,277,402,402,415,415,415,340,109,145,145,181,181,181,212,212,230,251,251,251,251],"floor_reached":33,"language":"ENG","playtime":1250,"items_purged":[],"score":401,"play_id":"be9b610b-b793-4eda-8e92-569748a5fe1d","local_time":"20210212202704","is_ascension_mode":true,"campfire_choices":[{"data":"Reaper","floor":7,"key":"SMITH"},{"data":"Dramatic Entrance","floor":10,"key":"SMITH"},{"floor":13,"key":"REST"},{"data":"Flame Barrier","floor":15,"key":"SMITH"},{"floor":24,"key":"REST"},{"data":"Perfected Strike","floor":27,"key":"SMITH"},{"floor":29,"key":"REST"},{"data":"Spot Weakness","floor":32,"key":"SMITH"}],"circlet_count":0,"master_deck":["Strike_R","Strike_R+1","Strike_R","Defend_R","Defend_R","Defend_R","Bash","Dramatic Entrance+1","Hemokinesis+1","Cleave+1","Intimidate","Flex","Reaper+1","Iron Wave","Spot Weakness+1","Flame Barrier+1","Limit Break","Perfected Strike+1","Pommel Strike+1","Metallicize","Pommel Strike+1","Rampage","Flame Barrier+1","Intimidate","Pommel Strike+1"],"relics":["Burning Blood","Akabeko","Anchor","Lantern","Self Forming Clay","Golden Idol","Empty Cage","Sling","Whetstone","TungstenRod","Frozen Egg 2","Gremlin Horn"],"acts_visited":["Exordium","TheCity"],"potions_floor_usage":[6,11,33,33],"damage_taken":[{"damage":7.0,"enemies":"Jaw Worm","floor":1.0,"turns":3.0},{"damage":2.0,"enemies":"Small Slimes","floor":2.0,"turns":2.0},{"damage":0.0,"enemies":"2 Louse","floor":3.0,"turns":1.0},{"damage":6.0,"enemies":"Red Slaver","floor":5.0,"turns":3.0},{"damage":4,"enemies":"Gremlin Nob","floor":6,"turns":3},{"damage":9,"enemies":"3 Sentries","floor":8,"turns":4},{"damage":42,"enemies":"Lagavulin","floor":11,"turns":6},{"damage":0,"enemies":"3 Louse","floor":14,"turns":1},{"damage":41,"enemies":"The Guardian","floor":16,"turns":11},{"damage":2,"enemies":"Chosen","floor":18,"turns":4},{"damage":34,"enemies":"Book of Stabbing","floor":23,"turns":6},{"damage":7,"enemies":"Slavers","floor":25,"turns":3},{"damage":37,"enemies":"Book of Stabbing","floor":28,"turns":6},{"damage":8,"enemies":"Shell Parasite","floor":30,"turns":5},{"damage":13,"enemies":"Cultist and Chosen","floor":31,"turns":6},{"damage":78,"enemies":"Champ","floor":33,"turns":10}],"seed_played":"6592105557776221483","potions_obtained":[{"floor":1.0,"key":"Ancient Potion"},{"floor":2.0,"key":"AttackPotion"},{"floor":6,"key":"ColorlessPotion"},{"floor":14,"key":"ElixirPotion"},{"floor":23,"key":"Energy Potion"},{"floor":31,"key":"Fire Potion"}],"is_trial":false,"path_per_floor":["M","M","M","?","M","E","R","E","T","R","E","?","R","M","R","B",null,"M","?","?","?","$","E","R","E","T","R","E","R","M","M","R","B"],"character_chosen":"IRONCLAD","items_purchased":["Sling","Metallicize"],"campfire_rested":3,"item_purchase_floors":[22,22],"current_hp_per_floor":[79,80,80,64,64,66,66,77,77,77,46,26,50,56,56,29,67,76,76,76,76,76,48,72,80,80,80,49,73,71,64,64,0,0],"gold":251,"neow_bonus":"RANDOM_COLORLESS","is_daily":false,"chose_seed":false,"campfire_upgraded":5,"win_rate":0.0,"timestamp":1613179624,"path_taken":["M","M","M","?","M","E","R","E","T","R","E","?","R","M","R","BOSS","M","?","?","?","$","E","R","E","T","R","E","R","M","M","R","BOSS"],"items_purchased_type":["Relic","Card"],"build_version":"2020-12-13","purchased_purges":0,"victory":false,"max_hp_per_floor":[80,80,80,80,80,80,80,80,80,80,80,80,80,80,80,80,80,80,80,80,80,80,80,80,80,80,80,80,80,80,80,80,80,80],"card_choices":[{"not_picked":["Mind Blast","Jack Of All Trades"],"picked":"Dramatic Entrance","floor":0.0},{"not_picked":["Armaments","Clash"],"picked":"Hemokinesis","floor":1.0},{"not_picked":["Disarm","Wild Strike"],"picked":"Cleave","floor":2.0},{"not_picked":["Sword Boomerang","Anger"],"picked":"Intimidate","floor":3.0},{"not_picked":["Anger","Entrench"],"picked":"Flex","floor":5.0},{"not_picked":["Pommel Strike","Anger"],"picked":"Reaper","floor":6},{"not_picked":["Clash","Heavy Blade"],"picked":"Iron Wave","floor":8},{"not_picked":["Clothesline","Bloodletting"],"picked":"Spot Weakness","floor":11},{"not_picked":["Infernal Blade","Shrug It Off"],"picked":"Flame Barrier","floor":14},{"not_picked":["Berserk","Bludgeon"],"picked":"Limit Break","floor":16},{"not_picked":["Clothesline","Dropkick"],"picked":"Perfected Strike","floor":18},{"not_picked":["Body Slam","Sword Boomerang"],"picked":"Pommel Strike+1","floor":23},{"not_picked":["Searing Blow","Pommel Strike"],"picked":"Rampage","floor":25},{"not_picked":["Offering","Body Slam+1"],"picked":"Flame Barrier+1","floor":28},{"not_picked":["Flex","Whirlwind"],"picked":"Intimidate","floor":30},{"not_picked":["Anger","Pummel"],"picked":"Pommel Strike+1","floor":31}],"player_experience":233887,"relics_obtained":[{"floor":6,"key":"Akabeko"},{"floor":8,"key":"Anchor"},{"floor":9,"key":"Lantern"},{"floor":11,"key":"Self Forming Clay"},{"floor":23,"key":"Whetstone"},{"floor":25,"key":"TungstenRod"},{"floor":26,"key":"Frozen Egg 2"},{"floor":28,"key":"Gremlin Horn"}],"event_choices":[{"damage_healed":0.0,"max_hp_gain":0.0,"max_hp_loss":0.0,"gold_gain":0.0,"event_name":"Shining Light","player_choice":"Entered Light","floor":4.0,"gold_loss":0.0,"damage_taken":16.0,"cards_upgraded":["Strike_R","Hemokinesis"]},{"damage_healed":0,"gold_gain":0,"player_choice":"Take Damage","damage_taken":20,"relics_obtained":["Golden Idol"],"max_hp_gain":0,"max_hp_loss":0,"event_name":"Golden Idol","floor":12,"gold_loss":0},{"damage_healed":0,"gold_gain":0,"player_choice":"Read","damage_taken":0,"max_hp_gain":0,"max_hp_loss":0,"event_name":"The Library","floor":19,"gold_loss":0,"cards_obtained":["Pommel Strike"]},{"damage_healed":0,"gold_gain":0,"player_choice":"Ignored","damage_taken":0,"max_hp_gain":0,"max_hp_loss":0,"event_name":"Vampires","floor":20,"gold_loss":0},{"cards_removed":["Defend_R"],"damage_healed":0,"gold_gain":0,"player_choice":"Gave Gold","damage_taken":0,"max_hp_gain":0,"max_hp_loss":0,"event_name":"Beggar","floor":21,"gold_loss":75}],"is_beta":false,"boss_relics":[{"not_picked":["Snecko Eye","Velvet Choker"],"picked":"Empty Cage"}],"items_purged_floors":[],"is_endless":false,"potions_floor_spawned":[1,2,6,14,23,25,31],"killed_by":"Champ","ascension_level":5}}