{"host":"dfmye4k1m09gk7de","time":1613246279,"event":{"mods":["AchievementEnabler","AlwaysNeverKeys","BaseMod","Bestiary","Better Altar","Better Match","Better Note","Better Sensory Stone","Better Skull","Better Third Choice","Better Vampires","Block Reminder","Colored Map","Colored Powertips","Highlight Path","Minty Spire (QoL Compilation)","Permanent Neow","Quick Restart","Rare Cards Sparkle","Relic Sorter","StSLib","Synergy Search"],"gold_per_floor":[113,188,204,76,76,76,106,106,175,275,275,288,288,313,313,409,409,428,445,445,76,95,95,130,130,130,150,150,183,282,300,300,403,403,420,149,149,149,54,87,87,101,101,14,14,14,33,33,33,33,33,33,33,63,63,63],"floor_reached":55,"language":"ENG","playtime":2607,"items_purged":["Defend_P","Strike_P","Establishment+1"],"score":808,"play_id":"fefd131f-89a2-47e4-bb26-14d68966ca6f","local_time":"20210213175759","is_ascension_mode":true,"campfire_choices":[{"data":"Eruption","floor":6.0,"key":"SMITH"},{"floor":8.0,"key":"REST"},{"data":"Vigilance","floor":11.0,"key":"SMITH"},{"data":"WindmillStrike","floor":13.0,"key":"SMITH"},{"data":"Establishment","floor":15.0,"key":"SMITH"},{"data":"BattleHymn","floor":23.0,"key":"SMITH"},{"data":"SashWhip","floor":25.0,"key":"SMITH"},{"floor":28.0,"key":"REST"},{"floor":32.0,"key":"REST"},{"floor":41.0,"key":"RECALL"},{"data":"TalkToTheHand","floor":46.0,"key":"SMITH"},{"data":"Protect","floor":49.0,"key":"SMITH"},{"data":"Protect","floor":52.0,"key":"SMITH"}],"circlet_count":0,"master_deck":["Strike_P","Defend_P","Defend_P","Eruption+1","Vigilance+1","Establishment+1","Protect+1","ClearTheMind","FlurryOfBlows","FlurryOfBlows","WindmillStrike+1","Consecrate","BattleHymn+1","SashWhip+1","FollowUp+1","Alpha+1","FlyingSleeves","Protect+1","JustLucky+1","TalkToTheHand+1","Adaptation+1"],"relics":["PureWater","MealTicket","Gremlin Horn","Omamori","Busted Crown","Lee\u0027s Waffle","Thread and Needle","Strawberry","Astrolabe","ClockworkSouvenir","Frozen Egg 2","Calipers","Orichalcum"],"acts_visited":["Exordium","TheCity","TheBeyond","TheEnding"],"potions_floor_usage":[],"damage_taken":[{"damage":6.0,"enemies":"Small Slimes","floor":1.0,"turns":6.0},{"damage":1.0,"enemies":"2 Louse","floor":3.0,"turns":4.0},{"damage":19.0,"enemies":"Gremlin Nob","floor":7.0,"turns":5.0},{"damage":0.0,"enemies":"Cultist","floor":12.0,"turns":3.0},{"damage":10.0,"enemies":"3 Sentries","floor":14.0,"turns":6.0},{"damage":35.0,"enemies":"The Guardian","floor":16.0,"turns":9.0},{"damage":34.0,"enemies":"2 Thieves","floor":18.0,"turns":4.0},{"damage":33.0,"enemies":"Shell Parasite","floor":19.0,"turns":6.0},{"damage":18.0,"enemies":"Centurion and Healer","floor":22.0,"turns":5.0},{"damage":0.0,"enemies":"Gremlin Leader","floor":24.0,"turns":4.0},{"damage":25.0,"enemies":"Snake Plant","floor":27.0,"turns":4.0},{"damage":40.0,"enemies":"Slavers","floor":29.0,"turns":6.0},{"damage":4.0,"enemies":"Snecko","floor":31.0,"turns":5.0},{"damage":36.0,"enemies":"Automaton","floor":33.0,"turns":6.0},{"damage":33.0,"enemies":"3 Shapes","floor":35.0,"turns":4.0},{"damage":48.0,"enemies":"Nemesis","floor":40.0,"turns":7.0},{"damage":7.0,"enemies":"Orb Walker","floor":42.0,"turns":3.0},{"damage":0.0,"enemies":"Spire Growth","floor":47.0,"turns":4.0},{"damage":43.0,"enemies":"Time Eater","floor":50.0,"turns":10.0},{"damage":73.0,"enemies":"Shield and Spear","floor":54.0,"turns":6.0},{"damage":33,"enemies":"The Heart","floor":55,"turns":3}],"seed_played":"9218168462505451605","potions_obtained":[{"floor":1.0,"key":"SteroidPotion"},{"floor":14.0,"key":"BottledMiracle"},{"floor":16.0,"key":"Dexterity Potion"},{"floor":22.0,"key":"StancePotion"},{"floor":27.0,"key":"LiquidBronze"},{"floor":29.0,"key":"PowerPotion"},{"floor":31.0,"key":"LiquidBronze"},{"floor":33.0,"key":"AttackPotion"},{"floor":35.0,"key":"Energy Potion"},{"floor":40.0,"key":"ColorlessPotion"}],"is_trial":false,"path_per_floor":["M","?","M","$","?","R","E","R","T","?","R","M","R","E","R","B",null,"M","M","?","$","M","R","E","R","T","M","R","E","?","M","R","B",null,"M","$","?","?","$","E","R","M","T","$","?","R","M","?","R","B",null,"R","$","E","B"],"character_chosen":"WATCHER","items_purchased":["FlurryOfBlows","Lee\u0027s Waffle","BattleHymn","SashWhip","ClockworkSouvenir","FlyingSleeves","Protect","TalkToTheHand","Dexterity Potion"],"campfire_rested":3,"item_purchase_floors":[4,21,21,21,36,39,39,44,44],"current_hp_per_floor":[59,48,47,47,52,52,33,54,54,54,54,54,54,44,44,9,70,36,3,3,77,59,59,59,59,59,34,57,24,24,20,45,9,84,51,66,66,94,94,46,46,39,39,54,54,54,54,78,78,35,94,94,94,21,0,0],"gold":63,"neow_bonus":"THREE_RARE_CARDS","is_daily":false,"chose_seed":false,"campfire_upgraded":9,"win_rate":0.0,"timestamp":1613246279,"path_taken":["M","?","M","$","?","R","E","R","T","?","R","M","R","E","R","BOSS","M","?","?","$","M","R","E","R","T","M","R","E","?","M","R","BOSS","M","$","?","?","$","E","R","?","T","$","?","R","?","?","R","BOSS","R","$","E","BOSS"],"items_purchased_type":["Card","Relic","Card","Card","Relic","Card","Card","Card","Potion"],"build_version":"2020-12-22","purchased_purges":3,"victory":false,"max_hp_per_floor":[65,65,65,65,70,70,70,70,70,70,70,70,70,70,70,70,70,70,70,70,77,77,77,77,77,77,77,77,84,84,84,84,84,84,84,84,84,94,94,94,94,94,94,94,94,94,94,94,94,94,94,94,94,94,94,94],"card_choices":[{"not_picked":["DevaForm","Alpha"],"picked":"Establishment","floor":0.0},{"not_picked":["Conclude","JustLucky"],"picked":"Protect","floor":1.0},{"not_picked":["CrushJoints","Crescendo"],"picked":"ClearTheMind","floor":3.0},{"not_picked":["BowlingBash","FollowUp"],"picked":"FlurryOfBlows","floor":7.0},{"not_picked":["JustLucky","EmptyBody"],"picked":"WindmillStrike","floor":12.0},{"not_picked":["PathToVictory","ReachHeaven","Devotion"],"picked":"SKIP","floor":14.0},{"not_picked":[],"picked":"Consecrate","floor":18.0},{"not_picked":["ReachHeaven+1"],"picked":"SKIP","floor":19.0},{"not_picked":["CutThroughFate"],"picked":"SKIP","floor":22.0},{"not_picked":[],"picked":"FollowUp+1","floor":24.0},{"not_picked":["Indignation"],"picked":"SKIP","floor":27.0},{"not_picked":["FlurryOfBlows"],"picked":"SKIP","floor":29.0},{"not_picked":["FlyingSleeves"],"picked":"SKIP","floor":31.0},{"not_picked":["Prostrate"],"picked":"SKIP","floor":35.0},{"not_picked":["FearNoEvil"],"picked":"SKIP","floor":40.0},{"not_picked":[],"picked":"JustLucky+1","floor":42.0},{"not_picked":["Conclude+1"],"picked":"SKIP","floor":47.0},{"not_picked":[],"picked":"Adaptation+1","floor":54.0}],"player_experience":101330,"relics_obtained":[{"floor":7.0,"key":"MealTicket"},{"floor":9.0,"key":"Gremlin Horn"},{"floor":14.0,"key":"Omamori"},{"floor":24.0,"key":"Thread and Needle"},{"floor":29.0,"key":"Strawberry"},{"floor":40.0,"key":"Frozen Egg 2"},{"floor":43.0,"key":"Calipers"},{"floor":54.0,"key":"Orichalcum"}],"event_choices":[{"damage_healed":0.0,"max_hp_gain":0.0,"max_hp_loss":0.0,"gold_gain":75.0,"event_name":"betterThird:BetterGoop","player_choice":"Gold","floor":2.0,"gold_loss":0.0,"damage_taken":11.0},{"damage_healed":0.0,"max_hp_gain":5.0,"max_hp_loss":0.0,"gold_gain":0.0,"event_name":"Big Fish","player_choice":"Donut","floor":5.0,"gold_loss":0.0,"damage_taken":0.0},{"damage_healed":0.0,"max_hp_gain":0.0,"max_hp_loss":0.0,"gold_gain":100.0,"event_name":"Wheel of Change","player_choice":"Gold","floor":10.0,"gold_loss":0.0,"damage_taken":0.0},{"cards_removed":["Consecrate"],"damage_healed":0.0,"max_hp_gain":0.0,"max_hp_loss":0.0,"gold_gain":0.0,"event_name":"betterNote:BetterNote","player_choice":"Give","floor":20.0,"gold_loss":0.0,"damage_taken":0.0,"cards_obtained":["None"]},{"damage_healed":0.0,"max_hp_gain":0.0,"max_hp_loss":0.0,"gold_gain":99.0,"event_name":"betterThird:BetterNest","player_choice":"Steal","floor":30.0,"gold_loss":0.0,"damage_taken":0.0},{"damage_healed":0.0,"max_hp_gain":0.0,"max_hp_loss":0.0,"gold_gain":3.0,"event_name":"betterStone:BetterStone","player_choice":"1","floor":37.0,"gold_loss":0.0,"damage_taken":0.0},{"cards_removed":["DevaForm"],"damage_healed":18.0,"max_hp_gain":10.0,"max_hp_loss":0.0,"gold_gain":0.0,"event_name":"Bonfire Elementals","player_choice":"Offered Rare","floor":38.0,"gold_loss":0.0,"damage_taken":0.0},{"damage_healed":0.0,"max_hp_gain":0.0,"max_hp_loss":0.0,"gold_gain":0.0,"event_name":"betterThird:BetterPortal","player_choice":"Ignored","floor":45.0,"gold_loss":0.0,"damage_taken":0.0},{"damage_healed":24.0,"max_hp_gain":0.0,"max_hp_loss":0.0,"gold_gain":0.0,"event_name":"Winding Halls","player_choice":"Writhe","floor":48.0,"gold_loss":0.0,"damage_taken":0.0,"cards_obtained":["Writhe"]}],"is_beta":false,"boss_relics":[{"not_picked":["Ectoplasm","Black Star"],"picked":"Busted Crown"},{"not_picked":["HolyWater","Coffee Dripper"],"picked":"Astrolabe"}],"items_purged_floors":[4,21,36],"is_endless":false,"potions_floor_spawned":[1,14,16,22,27,29,31,33,35,40],"killed_by":"The Heart","ascension_level":2}}