{"host":"baymyijz6sxaqj5s","time":1613210786,"event":{"mods":["AchievementEnabler","BaseMod","Colored Map","Colored Powertips","DeckTracker","Highlight Path","KOR Keyword Fix","Keyboard Shortcuts","Minty Spire (QoL Compilation)","StSLib","SuperFastMode","everything is the same but u backflip on backflip"],"gold_per_floor":[114,114,114,114,133,133,143,143,195,209,227,243,261,275,275,275,275],"floor_reached":16,"language":"KOR","playtime":448,"items_purged":[],"score":110,"play_id":"b0b5d0e0-7671-43b3-b175-28696e9e3551","local_time":"20210213190626","is_ascension_mode":true,"campfire_choices":[{"data":"Armaments","floor":6,"key":"SMITH"},{"data":"Sword Boomerang","floor":8,"key":"SMITH"},{"data":"Whirlwind","floor":15,"key":"SMITH"}],"circlet_count":0,"master_deck":["Strike_R","Strike_R","Strike_R","Strike_R","Defend_R","Defend_R","Defend_R","Defend_R","Bash","Battle Trance+1","Armaments+1","Sword Boomerang+1","Whirlwind+1"],"relics":["Burning Blood","Blood Vial"],"acts_visited":["Exordium"],"potions_floor_usage":[12,16,16,16],"damage_taken":[{"damage":7,"enemies":"Small Slimes","floor":1,"turns":4},{"damage":5,"enemies":"Cultist","floor":5,"turns":5},{"damage":0,"enemies":"Jaw Worm","floor":7,"turns":4},{"damage":14,"enemies":"Large Slime","floor":10,"turns":7},{"damage":20,"enemies":"Exordium Thugs","floor":11,"turns":7},{"damage":8,"enemies":"3 Louse","floor":12,"turns":4},{"damage":11,"enemies":"Blue Slaver","floor":13,"turns":4},{"damage":15,"enemies":"2 Fungi Beasts","floor":14,"turns":3},{"damage":77,"enemies":"Hexaghost","floor":16,"turns":10}],"seed_played":"1951373738707978986","potions_obtained":[{"floor":1,"key":"BloodPotion"},{"floor":7,"key":"LiquidMemories"},{"floor":11,"key":"LiquidMemories"},{"floor":13,"key":"Weak Potion"},{"floor":14,"key":"Block Potion"}],"is_trial":false,"path_per_floor":["M","?","?","?","M","R","M","R","T","M","M","M","M","M","R","B"],"character_chosen":"IRONCLAD","items_purchased":[],"campfire_rested":0,"item_purchase_floors":[],"current_hp_per_floor":[87,87,87,87,88,88,88,88,88,80,68,68,65,58,58,0,0],"gold":275,"neow_bonus":"TEN_PERCENT_HP_BONUS","is_daily":false,"chose_seed":false,"campfire_upgraded":3,"win_rate":0.0,"timestamp":1613210786,"path_taken":["M","?","?","?","M","R","?","R","T","M","M","M","M","M","R","BOSS"],"items_purchased_type":[],"build_version":"2020-12-22","purchased_purges":0,"victory":false,"max_hp_per_floor":[88,88,88,88,88,88,88,88,88,88,88,88,88,88,88,88,88],"card_choices":[{"not_picked":["Rupture","Searing Blow"],"picked":"Battle Trance","floor":1},{"not_picked":["Flex","Warcry"],"picked":"Armaments","floor":5},{"not_picked":["Hemokinesis","Blood for Blood"],"picked":"Sword Boomerang","floor":7},{"not_picked":["Cleave","Dual Wield","Havoc"],"picked":"SKIP","floor":10},{"not_picked":["Armaments","Sword Boomerang","Perfected Strike"],"picked":"SKIP","floor":11},{"not_picked":["Perfected Strike","Clash","Twin Strike"],"picked":"SKIP","floor":12},{"not_picked":["Flex","Burning Pact","Clash"],"picked":"SKIP","floor":13},{"not_picked":["Shrug It Off","Seeing Red"],"picked":"Whirlwind","floor":14}],"player_experience":87842,"relics_obtained":[{"floor":9,"key":"Blood Vial"}],"event_choices":[{"damage_healed":0,"gold_gain":0,"player_choice":"Grow","damage_taken":0,"max_hp_gain":0,"max_hp_loss":0,"event_name":"Living Wall","floor":2,"gold_loss":0,"cards_upgraded":["Battle Trance"]},{"damage_healed":0,"gold_gain":0,"player_choice":"Ignored","damage_taken":0,"max_hp_gain":0,"max_hp_loss":0,"event_name":"Golden Idol","floor":3,"gold_loss":0},{"cards_removed":["Strike_R"],"damage_healed":0,"gold_gain":0,"player_choice":"Purged","damage_taken":0,"max_hp_gain":0,"max_hp_loss":0,"event_name":"Purifier","floor":4,"gold_loss":0}],"is_beta":false,"boss_relics":[],"items_purged_floors":[],"is_endless":false,"potions_floor_spawned":[1,7,11,13,14],"killed_by":"Hexaghost","ascension_level":3}}