{"host":"ootck85h63laxowj","time":1613212267,"event":{"mods":["Act Like it!","Aspiration","BaseMod","Conspire","Lobotomy","Minty Spire (QoL Compilation)","Prisma Mod","Small Relic Pack","StSLib"],"gold_per_floor":[113,127,141,153,163,163,191,191,191,191,191,191,216,216,216,216,216],"floor_reached":16,"language":"ZHS","playtime":902,"items_purged":[],"score":160,"play_id":"112678dd-2ba7-494a-8f9c-0c31052521f3","local_time":"20210213183107","is_ascension_mode":false,"campfire_choices":[{"data":"PrismaMod:ChloeExcalibur","floor":6,"key":"SMITH"},{"data":"PrismaMod:ChloeUnlimitedBladeWorks","floor":8,"key":"SMITH"},{"data":"PrismaMod:ChloeCheapAttack","floor":10,"key":"SMITH"},{"data":"Chrysalis","floor":15,"key":"SMITH"}],"circlet_count":1,"master_deck":["conspire:GhostlyStrike","conspire:GhostlyStrike","conspire:GhostlyStrike","conspire:GhostlyStrike","conspire:GhostlyStrike","conspire:GhostlyDefend","conspire:GhostlyDefend","Scorched","PrismaMod:ChloeExcalibur+1","OSAHOGD","QueenBee","PrismaMod:ChloeChristmas","relicPack:TruthCard","Chrysalis+1","PrismaMod:ChloeGreatTracePools","Mimicry"],"relics":["PrismaMod:PrismaTraceOn","CogitoBucket","MealTicket","aspiration:SeaSaltIceCream","Circlet","TungstenRod","relicPack:EdsArm"],"acts_visited":["Exordium"],"potions_floor_usage":[4,16,16],"damage_taken":[{"damage":0,"enemies":"Jaw Worm","floor":1,"turns":5},{"damage":0,"enemies":"Small Slimes","floor":2,"turns":3},{"damage":0,"enemies":"Cultist","floor":3,"turns":2},{"damage":0,"enemies":"Large Slime","floor":4,"turns":3},{"damage":10,"enemies":"Gremlin Gang","floor":5,"turns":2},{"damage":12,"enemies":"3 Sentries","floor":7,"turns":4},{"damage":0,"enemies":"Lagavulin","floor":13,"turns":3},{"damage":55,"enemies":"Hexaghost","floor":16,"turns":9}],"seed_played":"1868821536486381085","potions_obtained":[{"floor":1,"key":"AttackPotion"},{"floor":3,"key":"Ancient Potion"},{"floor":5,"key":"SmokeBomb"},{"floor":7,"key":"Energy Potion"}],"is_trial":false,"path_per_floor":["M","M","M","M","M","R","E","R","T","R","?","?","E","?","R","B"],"character_chosen":"CHLOE","items_purchased":[],"campfire_rested":0,"item_purchase_floors":[],"current_hp_per_floor":[75,75,75,75,65,65,53,53,53,53,53,53,53,53,53,0,0],"gold":216,"neow_bonus":"","is_daily":false,"chose_seed":false,"campfire_upgraded":4,"win_rate":0.0,"timestamp":1613212267,"path_taken":["M","M","M","M","M","R","E","R","T","R","?","?","E","?","R","BOSS"],"items_purchased_type":[],"build_version":"2020-12-22","purchased_purges":0,"victory":false,"max_hp_per_floor":[75,75,75,75,75,75,75,75,75,75,75,75,75,70,70,70,70],"card_choices":[{"not_picked":["CrumblingArmor","SingingMachine"],"picked":"Scorched","floor":1},{"not_picked":["PrismaMod:ChloeCheapDefendTwo","PrismaMod:ChloeUncommonAttack","PrismaMod:ChloeUncommonAOEAttack"],"picked":"SKIP","floor":1},{"not_picked":["FairyFestival","MHz","Wellcheers"],"picked":"Singing Bowl","floor":2},{"not_picked":["PrismaMod:ChloeCheapDefendTwo","PrismaMod:ChloeCommonAOEAttack","PrismaMod:ChloeUncommonAOEAttack"],"picked":"SKIP","floor":2},{"not_picked":["BlueStar","OldLady","LongBird"],"picked":"Singing Bowl","floor":3},{"not_picked":["PrismaMod:ChloeCaladbolg","PrismaMod:ChloeChristmas"],"picked":"PrismaMod:ChloeExcalibur","floor":3},{"not_picked":["BigBird","PunishingBird","VoidDream"],"picked":"Singing Bowl","floor":4},{"not_picked":["PrismaMod:ChloeCheapAttackTwo","PrismaMod:ChloeCommonAOEAttack","PrismaMod:ChloeRuleBreaker"],"picked":"SKIP","floor":4},{"not_picked":["FairyFestival","Alriune","RedShoes"],"picked":"Singing Bowl","floor":5},{"not_picked":["PrismaMod:ChloeExhaustTwo","PrismaMod:ChloeRuleBreaker","PrismaMod:ChloeCheapDefend"],"picked":"SKIP","floor":5},{"not_picked":["DespairKnight","HappyTeddy"],"picked":"OSAHOGD","floor":7},{"not_picked":["PrismaMod:ChloeCheapDefend","PrismaMod:ChloeCommonAOEAttack"],"picked":"PrismaMod:ChloeUnlimitedBladeWorks","floor":7},{"not_picked":["CrumblingArmor","Wellcheers"],"picked":"QueenBee","floor":13},{"not_picked":["PrismaMod:ChloeDemonicTutor","PrismaMod:ChloeCheapDefend"],"picked":"PrismaMod:ChloeChristmas","floor":13}],"player_experience":160789,"relics_obtained":[{"floor":7,"key":"MealTicket"},{"floor":9,"key":"aspiration:SeaSaltIceCream"},{"floor":13,"key":"TungstenRod"}],"event_choices":[{"damage_healed":0,"gold_gain":0,"player_choice":"Agree","damage_taken":0,"max_hp_gain":0,"max_hp_loss":0,"event_name":"conspire:LoneGhost","floor":11,"gold_loss":0},{"damage_healed":0,"gold_gain":0,"player_choice":"Ignored","damage_taken":0,"max_hp_gain":0,"max_hp_loss":0,"event_name":"Liars Game","floor":12,"gold_loss":0}],"is_beta":false,"boss_relics":[],"items_purged_floors":[],"is_endless":false,"potions_floor_spawned":[1,3,5,7],"killed_by":"Hexaghost","ascension_level":0}}