{"host":"0kwl2uefibxd2nsv","time":1613245061,"event":{"mods":["Act Like it!","Aspiration","BaseMod","Better Note","BetterRewards","DeckTracker","Googly Eyes","Hubris","Minty Spire (QoL Compilation)","Reliquary","Shop Mod","StS++","StSLib"],"gold_per_floor":[115,115,135,135,45,71,71,100,124,49,68,82,82,101,101,101,101],"floor_reached":16,"language":"ENG","playtime":415,"items_purged":["Strike_P"],"score":203,"play_id":"ef408a48-8502-49c9-b2ae-6b2096868b68","local_time":"20210213203741","is_ascension_mode":true,"campfire_choices":[{"data":"Eruption","floor":7,"key":"SMITH"},{"data":"CutThroughFate","floor":15,"key":"SMITH"}],"circlet_count":0,"master_deck":["AscendersBane","Strike_P","Strike_P+1","Defend_P","Defend_P","Defend_P","Defend_P","Eruption+1","Vigilance","StSpp:LatentStrike+1","EmptyBody","Swift Strike","FollowUp","StSpp:TimeDodge","FollowUp","CutThroughFate+1"],"relics":["PureWater","NeowsBlessing","hubris:Towel","Omamori","Whetstone","Anchor"],"acts_visited":["Exordium"],"potions_floor_usage":[8],"damage_taken":[{"damage":0,"enemies":"Small Slimes","floor":1,"turns":1},{"damage":0,"enemies":"Jaw Worm","floor":3,"turns":1},{"damage":0,"enemies":"Lagavulin","floor":6,"turns":1},{"damage":12,"enemies":"3 Sentries","floor":8,"turns":8},{"damage":0,"enemies":"2 Louse","floor":11,"turns":2},{"damage":3,"enemies":"Exordium Wildlife","floor":12,"turns":6},{"damage":0,"enemies":"3 Louse","floor":14,"turns":2},{"damage":49,"enemies":"The Guardian","floor":16,"turns":11}],"seed_played":"-1207802910721994967","potions_obtained":[{"floor":6,"key":"Fire Potion"},{"floor":11,"key":"Explosive Potion"}],"is_trial":false,"path_per_floor":["M","?","M","?","$","E","R","E","T","$","M","M","$","M","R","B"],"character_chosen":"WATCHER","items_purchased":["Swift Strike"],"campfire_rested":0,"item_purchase_floors":[5],"current_hp_per_floor":[65,58,58,58,58,58,58,46,46,46,46,43,43,43,43,0,0],"gold":101,"neow_bonus":"THREE_ENEMY_KILL","is_daily":false,"chose_seed":false,"campfire_upgraded":2,"win_rate":0.0,"timestamp":1613245061,"path_taken":["M","?","M","?","$","E","R","E","T","$","M","M","?","?","R","BOSS"],"items_purchased_type":["Card"],"build_version":"2020-12-22","purchased_purges":1,"victory":false,"max_hp_per_floor":[72,72,72,72,72,72,72,72,72,72,72,72,72,72,72,72,72],"card_choices":[{"not_picked":["ThirdEye","Swivel"],"picked":"StSpp:LatentStrike","floor":1},{"not_picked":["Wireheading","CutThroughFate"],"picked":"EmptyBody","floor":3},{"not_picked":["InnerPeace","LikeWater"],"picked":"FollowUp","floor":6},{"not_picked":["Wireheading","JustLucky"],"picked":"StSpp:TimeDodge","floor":8},{"not_picked":["JustLucky","Protect"],"picked":"FollowUp","floor":11},{"not_picked":["StSpp:Chanting","Consecrate","WindmillStrike"],"picked":"SKIP","floor":12},{"not_picked":["Wireheading","DeusExMachina"],"picked":"CutThroughFate","floor":14}],"player_experience":2029858,"relics_obtained":[{"floor":6,"key":"Omamori"},{"floor":8,"key":"Whetstone"},{"floor":9,"key":"Anchor"}],"event_choices":[{"cards_removed":["Strike_P"],"damage_healed":0,"gold_gain":0,"player_choice":"Card Removal","damage_taken":7,"max_hp_gain":0,"max_hp_loss":0,"event_name":"Golden Wing","floor":2,"gold_loss":0}],"is_beta":false,"boss_relics":[],"items_purged_floors":[10],"is_endless":false,"potions_floor_spawned":[6,11],"killed_by":"The Guardian","ascension_level":10}}