{"host":"6p0attdrtjqaih7v","time":1613250892,"event":{"mods":["2.2 Compatiblity","AchievementEnabler","Bard","BaseMod","Better Skull","Better Third Choice","Card Filter","Colored Powertips","Hermit","Highlight Path","Hubris","Key Reminder","Minty Spire (QoL Compilation)","Permanent Neow","Quick Restart","Random Character Button","Relic Filter","Relic Stats","Reliquary","Replay The Spire","Robot Space Explorer","StSLib","The Hayseed","The Witch"],"gold_per_floor":[368,388,3,17,35,35,35],"floor_reached":6,"language":"ENG","playtime":197,"items_purged":["Strike_R"],"score":76,"play_id":"65791995-a230-4211-bd7b-31cfe6895f51","local_time":"20210213161452","is_ascension_mode":true,"campfire_choices":[],"circlet_count":0,"master_deck":["AscendersBane","Strike_R","Strike_R","Strike_R","Strike_R","Defend_R","Defend_R","Defend_R","Defend_R","Bash","Power Through","Twin Strike","Whirlwind","Feel No Pain","Sever Soul"],"relics":["Burning Blood","Iron Hammer"],"acts_visited":["Exordium"],"potions_floor_usage":[2,6],"damage_taken":[{"damage":5,"enemies":"Small Slimes","floor":1,"turns":3},{"damage":7,"enemies":"Cultist","floor":2,"turns":4},{"damage":0,"enemies":"Jaw Worm","floor":4,"turns":3},{"damage":26,"enemies":"Lots of Slimes","floor":5,"turns":5},{"damage":53,"enemies":"Gremlin Nob","floor":6,"turns":4}],"seed_played":"4448615632948454319","potions_obtained":[{"floor":1,"key":"Energy Potion"},{"floor":5,"key":"BloodPotion"}],"is_trial":false,"path_per_floor":["M","M","$","M","M","E"],"character_chosen":"IRONCLAD","items_purchased":["Whirlwind","Iron Hammer"],"campfire_rested":0,"item_purchase_floors":[3,3],"current_hp_per_floor":[51,50,50,56,36,0,0],"gold":35,"neow_bonus":"TWO_FIFTY_GOLD","is_daily":false,"chose_seed":false,"campfire_upgraded":0,"win_rate":0.0,"timestamp":1613250892,"path_taken":["M","M","$","M","M","E"],"items_purchased_type":["Card","Relic"],"build_version":"2020-12-22","purchased_purges":1,"victory":false,"max_hp_per_floor":[75,75,75,75,75,75,75],"relic_stats":{"counters":[5,19],"obtain_stats":[{"Iron Hammer":3,"Burning Blood":0},{"Iron Hammer":2,"Burning Blood":0},{"Iron Hammer":7,"Burning Blood":0}],"Burning Blood":24},"card_choices":[{"not_picked":["Clothesline","Armaments"],"picked":"Power Through","floor":1},{"not_picked":["Cleave","Warcry"],"picked":"Twin Strike","floor":2},{"not_picked":["Rampage","Wild Strike"],"picked":"Feel No Pain","floor":4},{"not_picked":["Cleave","Iron Wave"],"picked":"Sever Soul","floor":5}],"player_experience":1130435,"relics_obtained":[],"event_choices":[],"is_beta":false,"boss_relics":[],"items_purged_floors":[3],"is_endless":false,"potions_floor_spawned":[1,5],"killed_by":"Gremlin Nob","ascension_level":20}}