{"host":"7k2a2omxz3voj5ax","time":1613236836,"event":{"mods":["BaseMod","Marisa£¨ìFÓê¡¡Ä§ÀíÉ³£©","Minty Spire (QoL Compilation)","Quick Restart","Spicy Shops","StSLib","Starting Relic: Pandora\u0027s Box","Yakumo Yukari mod","¡¾ÒÅÎï¿¨ÅÆ¡¿REMEMod","óô»ðÖ¸ÄÏ"],"gold_per_floor":[112,112,112,128,178,191,210,210,230,256,273,273,301,40,73,3,3,74,74,88,107,9,9,24,24,24,52,52,52,80,95,95,127,147,165,165,243,243,255,32,32,81,81,111,111,138,138,162,162,162,180,209,15,26,53,53,53,53,53,53,10,44,44],"floor_reached":64,"language":"ZHS","playtime":2738,"items_purged":["Deflect","Neutralize","Concentrate+1"],"score":3725,"play_id":"d6eb754b-f59b-488b-8685-5977b31d438e","local_time":"20210214022036","is_ascension_mode":true,"campfire_choices":[{"data":"Prepared","floor":8.0,"key":"SMITH"},{"data":"Reflex","floor":12.0,"key":"SMITH"},{"data":"Dagger Spray","floor":17.0,"key":"PURGE"},{"data":"Survivor","floor":26.0,"key":"PURGE"},{"data":"Underhanded Strike","floor":32.0,"key":"PURGE"},{"data":"Concentrate","floor":36.0,"key":"SMITH"},{"data":"Corpse Explosion+1","floor":45.0,"key":"PURGE"},{"data":"Acrobatics+1","floor":49.0,"key":"PURGE"},{"floor":56.0,"key":"RECALL"},{"floor":60.0,"key":"REST"}],"circlet_count":0,"master_deck":["Acrobatics+1","Eviscerate+1","Escape Plan+1","Reflex+1","Calculated Gamble+1","REME_CopyPotion+1","REME_GreenPollution+1","REME_CopyPotion+1","Calculated Gamble+1","REME_GreenPollution+1","Tactician+1"],"relics":["Pandora\u0027s Box","REME_ComplimentaryCards","Akabeko","Centennial Puzzle","Happy Flower","Membership Card","StrikeDummy","Peace Pipe","Toxic Egg 2","Calling Bell","PreservedInsect","REME_PoisonedDagger","Du-Vu Doll","Gremlin Horn","Kunai","Nunchaku","The Courier","Empty Cage","War Paint","Frozen Egg 2","CatCart","Juzu Bracelet","Pen Nib","Molten Egg 2","Strawberry","Medical Kit","Orrery","Oddly Smooth Stone","Mummified Hand"],"acts_visited":["Exordium","TheCity","TheBeyond","TheEnding"],"potions_floor_usage":[61,63],"damage_taken":[{"damage":9.0,"enemies":"Jaw Worm","floor":1.0,"turns":2.0},{"damage":0.0,"enemies":"2 Louse","floor":4.0,"turns":1.0},{"damage":0.0,"enemies":"Small Slimes","floor":6.0,"turns":2.0},{"damage":0.0,"enemies":"Exordium Thugs","floor":7.0,"turns":2.0},{"damage":0.0,"enemies":"Lots of Slimes","floor":9.0,"turns":2.0},{"damage":0.0,"enemies":"Blue Slaver","floor":11.0,"turns":2.0},{"damage":0.0,"enemies":"Gremlin Nob","floor":13.0,"turns":2.0},{"damage":0.0,"enemies":"3 Sentries","floor":15.0,"turns":2.0},{"damage":0.0,"enemies":"Hexaghost","floor":18.0,"turns":2.0},{"damage":0.0,"enemies":"Shell Parasite","floor":20.0,"turns":1.0},{"damage":0.0,"enemies":"2 Thieves","floor":21.0,"turns":1.0},{"damage":0.0,"enemies":"Cultist and Chosen","floor":24.0,"turns":1.0},{"damage":0.0,"enemies":"Gremlin Leader","floor":27.0,"turns":1.0},{"damage":0.0,"enemies":"Slavers","floor":30.0,"turns":1.0},{"damage":0.0,"enemies":"Snake Plant","floor":31.0,"turns":1.0},{"damage":0.0,"enemies":"Gremlin Leader","floor":33.0,"turns":1.0},{"damage":0.0,"enemies":"3 Cultists","floor":34.0,"turns":1.0},{"damage":0.0,"enemies":"Shelled Parasite and Fungi","floor":35.0,"turns":2.0},{"damage":11.0,"enemies":"Champ","floor":37.0,"turns":2.0},{"damage":4.0,"enemies":"3 Shapes","floor":39.0,"turns":2.0},{"damage":0.0,"enemies":"3 Shapes","floor":41.0,"turns":2.0},{"damage":0.0,"enemies":"Orin","floor":42.0,"turns":2.0},{"damage":0.0,"enemies":"Nemesis","floor":44.0,"turns":1.0},{"damage":0.0,"enemies":"Giant Head","floor":46.0,"turns":1.0},{"damage":24.0,"enemies":"3 Darklings","floor":51.0,"turns":2.0},{"damage":0.0,"enemies":"Reptomancer","floor":52.0,"turns":1.0},{"damage":2.0,"enemies":"Spire Growth","floor":54.0,"turns":2.0},{"damage":13.0,"enemies":"Giant Head","floor":55.0,"turns":2.0},{"damage":0.0,"enemies":"Awakened One","floor":57.0,"turns":2.0},{"damage":54.0,"enemies":"Time Eater","floor":58.0,"turns":3.0},{"damage":0,"enemies":"Shield and Spear","floor":62,"turns":1},{"damage":11,"enemies":"The Heart","floor":63,"turns":3}],"seed_played":"-6082305665301991755","potions_obtained":[{"floor":7.0,"key":"DuplicationPotion"},{"floor":9.0,"key":"FearPotion"},{"floor":24.0,"key":"Swift Potion"},{"floor":33.0,"key":"EssenceOfSteel"}],"is_trial":false,"path_per_floor":["M","?","?","M","?","M","M","R","M","T","M","R","E","$","E","$","R","B",null,"M","M","$","?","M","?","R","E","?","T","E","M","R","E","M","M","R","B",null,"M","$","?","?","?","E","R","E","T","T","R","?","M","E","$","M","E","R","B","B",null,"R","$","E","B",null],"character_chosen":"THE_SILENT","items_purchased":["Membership Card","Peace Pipe","Toxic Egg 2","REME_GreenPollution","Prepared+1","Fruit Juice","War Paint","Frozen Egg 2","Medical Kit","Orrery","GhostInAJar"],"campfire_rested":1,"item_purchase_floors":[14,16,16,22,22,40,40,40,53,53,61],"current_hp_per_floor":[50,32,25,25,19,19,19,19,19,19,19,19,19,19,19,19,19,19,50,50,50,50,60,60,60,60,60,60,60,60,60,60,60,60,60,60,49,57,53,53,70,80,76,86,86,96,96,96,96,96,82,99,99,107,104,104,114,70,143,167,172,172,161],"gold":44,"neow_bonus":"TRANSFORM_TWO_CARDS","is_daily":false,"chose_seed":false,"campfire_upgraded":3,"win_rate":0.0,"timestamp":1613236836,"path_taken":["M","?","?","?","?","M","M","R","M","T","M","R","E","$","E","?","R","BOSS","M","M","$","?","M","?","R","E","?","T","E","M","R","E","M","M","R","BOSS","M","$","?","?","?","E","R","E","T","T","R","?","M","E","?","M","E","R","BOSS","BOSS","R","$","E","BOSS"],"items_purchased_type":["Relic","Relic","Relic","Card","Card","Potion","Relic","Relic","Relic","Relic","Potion"],"build_version":"2020-12-22","purchased_purges":3,"victory":true,"max_hp_per_floor":[60,60,60,60,60,60,60,60,60,60,60,60,60,60,60,60,60,60,60,60,60,60,60,60,60,60,60,60,60,60,60,60,60,60,60,60,60,60,60,60,70,80,80,90,90,100,100,100,100,100,110,127,127,137,147,147,157,167,167,167,172,172,172],"card_choices":[{"not_picked":["Outmaneuver","Dagger Spray","Acrobatics"],"picked":"SKIP","floor":1.0},{"not_picked":["Slice","Blade Dance","Prepared"],"picked":"SKIP","floor":4.0},{"not_picked":["Backflip","Accuracy","Masterful Stab"],"picked":"SKIP","floor":6.0},{"not_picked":["Deflect","Dodge and Roll","Flechettes"],"picked":"SKIP","floor":7.0},{"not_picked":["Acrobatics","Dagger Spray","Doppelganger"],"picked":"SKIP","floor":9.0},{"not_picked":["Masterful Stab","Escape Plan"],"picked":"Reflex","floor":11.0},{"not_picked":["Cloak And Dagger","Poisoned Stab","Backflip"],"picked":"SKIP","floor":13.0},{"not_picked":["Sucker Punch","Bane"],"picked":"Calculated Gamble","floor":15.0},{"not_picked":["Storm of Steel+1","Malaise+1"],"picked":"REME_CopyPotion+1","floor":18.0},{"not_picked":["Bane","Caltrops","Well Laid Plans"],"picked":"SKIP","floor":20.0},{"not_picked":["Poisoned Stab","Sucker Punch","Prepared+1"],"picked":"SKIP","floor":21.0},{"not_picked":["Dagger Spray","Noxious Fumes"],"picked":"REME_CopyPotion+1","floor":24.0},{"not_picked":["Distraction+1","Poisoned Stab","Sucker Punch"],"picked":"SKIP","floor":27.0},{"not_picked":["Cloak And Dagger+1","Dagger Throw"],"picked":"Calculated Gamble+1","floor":30.0},{"not_picked":["Dagger Spray","Deflect+1","Backstab+1"],"picked":"SKIP","floor":31.0},{"not_picked":["Deflect+1","Outmaneuver+1","Night Terror+1"],"picked":"SKIP","floor":33.0},{"not_picked":["Deflect+1","Outmaneuver+1","Night Terror+1"],"picked":"SKIP","floor":33.0},{"not_picked":["Footwork","Underhanded Strike","Prepared+1"],"picked":"SKIP","floor":34.0},{"not_picked":["Noxious Fumes","PiercingWail+1","Backflip+1"],"picked":"SKIP","floor":35.0},{"not_picked":["Deadly Poison+1","Deflect+1","Bane+1"],"picked":"SKIP","floor":39.0},{"not_picked":["Poisoned Stab","Deflect+1"],"picked":"REME_GreenPollution+1","floor":41.0},{"not_picked":["Cloak And Dagger+1","Acrobatics+1","Leg Sweep+1"],"picked":"SKIP","floor":44.0},{"not_picked":["REME_GrazeFinale","Finisher","Flechettes"],"picked":"SKIP","floor":46.0},{"not_picked":["Deflect+1","Finisher+1"],"picked":"Tactician+1","floor":51.0},{"not_picked":["Prepared+1","Cloak And Dagger+1","Quick Slash+1"],"picked":"SKIP","floor":52.0},{"not_picked":["Dodge and Roll+1","Masterful Stab+1","Accuracy+1"],"picked":"SKIP","floor":54.0},{"not_picked":["REME_ShadowStrike+1","Predator+1","Poisoned Stab+1"],"picked":"SKIP","floor":55.0},{"not_picked":["Acrobatics+1","REME_ShadowStrike+1","Concentrate+1"],"picked":"SKIP","floor":62}],"player_experience":262912,"relics_obtained":[{"floor":10.0,"key":"Centennial Puzzle"},{"floor":13.0,"key":"Happy Flower"},{"floor":15.0,"key":"StrikeDummy"},{"floor":19.0,"key":"PreservedInsect"},{"floor":19.0,"key":"REME_PoisonedDagger"},{"floor":19.0,"key":"Du-Vu Doll"},{"floor":27.0,"key":"Gremlin Horn"},{"floor":29.0,"key":"Kunai"},{"floor":30.0,"key":"Nunchaku"},{"floor":33.0,"key":"The Courier"},{"floor":42.0,"key":"CatCart"},{"floor":44.0,"key":"Juzu Bracelet"},{"floor":46.0,"key":"Pen Nib"},{"floor":47.0,"key":"Molten Egg 2"},{"floor":52.0,"key":"Strawberry"},{"floor":55.0,"key":"Oddly Smooth Stone"},{"floor":62,"key":"Mummified Hand"}],"event_choices":[{"damage_healed":0.0,"max_hp_gain":0.0,"max_hp_loss":0.0,"gold_gain":0.0,"event_name":"Scrap Ooze","player_choice":"Success","floor":2.0,"gold_loss":0.0,"damage_taken":18.0,"relics_obtained":["Akabeko"]},{"cards_removed":["Dagger Spray"],"damage_healed":0.0,"max_hp_gain":0.0,"max_hp_loss":0.0,"gold_gain":0.0,"event_name":"Golden Wing","player_choice":"Card Removal","floor":3.0,"gold_loss":0.0,"damage_taken":7.0},{"damage_healed":0.0,"max_hp_gain":0.0,"max_hp_loss":0.0,"gold_gain":50.0,"event_name":"FaceTrader","player_choice":"Touch","floor":5.0,"gold_loss":0.0,"damage_taken":6.0},{"damage_healed":12.0,"max_hp_gain":0.0,"max_hp_loss":0.0,"gold_gain":0.0,"event_name":"The Library","player_choice":"Heal","floor":23.0,"gold_loss":0.0,"damage_taken":0.0},{"damage_healed":0.0,"max_hp_gain":0.0,"max_hp_loss":0.0,"gold_gain":0.0,"event_name":"Cursed Tome","player_choice":"Ignored","floor":25.0,"gold_loss":0.0,"damage_taken":0.0},{"damage_healed":0.0,"max_hp_gain":0.0,"max_hp_loss":0.0,"gold_gain":0.0,"event_name":"Vampires","player_choice":"Ignored","floor":28.0,"gold_loss":0.0,"damage_taken":0.0},{"damage_healed":0.0,"max_hp_gain":0.0,"max_hp_loss":0.0,"gold_gain":0.0,"event_name":"OrinTheCat","player_choice":"Fight","floor":42.0,"gold_loss":0.0,"damage_taken":0.0},{"damage_healed":0.0,"max_hp_gain":0.0,"max_hp_loss":0.0,"gold_gain":0.0,"event_name":"The Woman in Blue","player_choice":"Bought 0 Potions","floor":43.0,"gold_loss":0.0,"damage_taken":0.0},{"damage_healed":0.0,"max_hp_gain":0.0,"max_hp_loss":0.0,"gold_gain":0.0,"event_name":"Transmorgrifier","player_choice":"Ignored","floor":50.0,"gold_loss":0.0,"damage_taken":0.0}],"is_beta":false,"boss_relics":[{"not_picked":["Cursed Key","Tiny House"],"picked":"Calling Bell"},{"not_picked":["Sozu","Snecko Eye"],"picked":"Empty Cage"}],"items_purged_floors":[14,14,53],"is_endless":false,"potions_floor_spawned":[7,9,24,30,33,37,44,46,51,55,62],"ascension_level":20}}