{"host":"6jrnojxwearbrjzo","time":1613230216,"event":{"mods":["BaseMod","Conspire","Minty Spire (QoL Compilation)","MostiFishMod","Quick Restart","Random Character Button","Spicy Shops","StSLib","The Servant 0.9.4","[功能]功能增强和修复MOD","篝火指南"],"gold_per_floor":[110,121,141,141,4,31,31,31,31,63,80,108,138,166,166,240,240,256,276,59,71,81,101,101,135,135,135,168,168,168,168,168,243,243,263,278,239,257,257,283,283,283,283,313,303,303,303,319,319,319,319],"floor_reached":52,"language":"ZHS","playtime":1533,"items_purged":["Defend_G","Strike_G","Strike_G","Strike_G","Defend_G","Backstab","Defend_G","Strike_G+1","Strike_G+1","Defend_G","Neutralize","MostiFishMod:VineMother","Injury","Phantasmal Killer","Survivor"],"score":2852,"play_id":"1f174523-a551-463e-91ca-cc1c747c43bf","local_time":"20210213233016","is_ascension_mode":true,"campfire_choices":[{"data":"MostiFishMod:PoisonShield","floor":8,"key":"SMITH"},{"data":"MostiFishMod:PreservedThorns","floor":15,"key":"SMITH"},{"data":"MostiFishMod:ButterFly","floor":24,"key":"SMITH"},{"data":"Concentrate","floor":27,"key":"SMITH"},{"data":"1","floor":32,"key":"LIFT"},{"data":"2","floor":42,"key":"LIFT"},{"data":"3","floor":46,"key":"LIFT"},{"data":"Finisher","floor":49,"key":"SMITH"}],"circlet_count":0,"master_deck":["AscendersBane","MostiFishMod:PoisonShield+1","MostiFishMod:Neurotoxin+1","MostiFishMod:PreservedThorns+1","Acrobatics","Burst+1","Finisher+1","MostiFishMod:ButterFly+1","Blade Dance+1","Concentrate+1","Reflex","Tactician","MostiFishMod:SupremeArchaeology"],"relics":["DaveBox","DianPoetry","RhineSuit","SynthV:TestCard","Juzu Bracelet","PreservedInsect","Snake Skull","conspire:Dentures","Ginger","Strawberry","Matryoshka","Potion Belt","SynthV:C4","HereWithMe","Gremlin Horn","Bottled Tornado","Centennial Puzzle","Technique","Calipers","Toy Ornithopter","Tiny Chest","Ornamental Fan","Girya","Transparent","DiscerningMonocle","Shuriken","Dead Branch","Bottled Lightning","conspire:BottledYoYo","Mercury Hourglass","conspire:DecoderRing","Pantograph","Oddly Smooth Stone","Anchor","ClockworkSouvenir","Torii","Lantern","Blue Candle","Peace Pipe","Chemical X"],"acts_visited":["Exordium","TheCity","TheBeyond"],"potions_floor_usage":[10,10,16,22,50,51],"damage_taken":[{"damage":0,"enemies":"Cultist","floor":1,"turns":2},{"damage":0,"enemies":"Small Slimes","floor":2,"turns":2},{"damage":1,"enemies":"Jaw Worm","floor":3,"turns":2},{"damage":0,"enemies":"Gremlin Nob","floor":6,"turns":3},{"damage":10,"enemies":"3 Sentries","floor":10,"turns":3},{"damage":4,"enemies":"Large Slime","floor":11,"turns":2},{"damage":0,"enemies":"Lagavulin","floor":12,"turns":2},{"damage":0,"enemies":"conspire:MimicChest","floor":13,"turns":3},{"damage":0,"enemies":"Gremlin Nob","floor":14,"turns":2},{"damage":0,"enemies":"Slime Boss","floor":16,"turns":3},{"damage":0,"enemies":"2 Thieves","floor":18,"turns":1},{"damage":21,"enemies":"Shell Parasite","floor":19,"turns":2},{"damage":0,"enemies":"Snecko","floor":21,"turns":2},{"damage":0,"enemies":"Centurion and Healer","floor":22,"turns":2},{"damage":0,"enemies":"Cultist and Chosen","floor":23,"turns":2},{"damage":0,"enemies":"Gremlin Leader","floor":25,"turns":1},{"damage":0,"enemies":"Slavers","floor":28,"turns":1},{"damage":0,"enemies":"Champ","floor":33,"turns":2},{"damage":15,"enemies":"Orb Walker","floor":35,"turns":1},{"damage":25,"enemies":"3 Shapes","floor":36,"turns":1},{"damage":15,"enemies":"Sphere and 2 Shapes","floor":38,"turns":1},{"damage":15,"enemies":"Reptomancer","floor":40,"turns":1},{"damage":15,"enemies":"Nemesis","floor":44,"turns":1},{"damage":30,"enemies":"3 Darklings","floor":48,"turns":2},{"damage":30,"enemies":"conspire:OrnateMirror","floor":50,"turns":2},{"damage":31,"enemies":"Time Eater","floor":51,"turns":3}],"seed_played":"1705025820412959215","potions_obtained":[{"floor":1,"key":"Strength Potion"},{"floor":2,"key":"DistilledChaos"},{"floor":10,"key":"Fruit Juice"},{"floor":10,"key":"BlessingOfTheForge"},{"floor":11,"key":"Fire Potion"},{"floor":14,"key":"Swift Potion"},{"floor":16,"key":"Regen Potion"},{"floor":16,"key":"Poison Potion"},{"floor":22,"key":"Energy Potion"},{"floor":33,"key":"CunningPotion"},{"floor":33,"key":"CunningPotion"},{"floor":35,"key":"PowerPotion"},{"floor":36,"key":"GhostInAJar"}],"is_trial":false,"path_per_floor":["M","M","M","?","$","E","?","R","T","E","M","E","?","E","R","B",null,"M","M","$","M","M","M","R","E","T","R","E","?","?","?","R","B",null,"M","M","$","M","T","E","?","R","T","E","$","R","?","M","R","B","B",null],"character_chosen":"THE_SILENT","items_purchased":["Juzu Bracelet","PreservedInsect","MostiFishMod:Neurotoxin","Snake Skull","Gremlin Horn","Bottled Tornado","Centennial Puzzle","Technique","MostiFishMod:ButterFly","DiscerningMonocle","Shuriken","Dead Branch","Bottled Lightning","conspire:BottledYoYo","ClockworkSouvenir","Torii","Lantern","Blue Candle","Peace Pipe","Chemical X"],"campfire_rested":0,"item_purchase_floors":[5,5,5,5,20,20,20,20,20,37,37,37,37,37,45,45,45,45,45,45],"current_hp_per_floor":[59,59,58,49,49,49,29,29,29,31,27,27,27,27,27,27,65,65,44,44,44,53,57,57,61,61,61,65,65,61,61,61,73,77,78,78,78,78,78,78,78,78,78,78,78,78,78,78,78,78,78],"gold":319,"neow_bonus":"BOSS_RELIC","is_daily":false,"chose_seed":false,"campfire_upgraded":5,"win_rate":0.0,"timestamp":1613230216,"path_taken":["M","M","?","?","$","E","?","R","T","E","M","E","?","E","R","BOSS","M","M","$","M","M","M","R","E","T","R","E","?","?","?","R","BOSS","M","M","$","M","?","E","?","R","T","E","$","R","?","M","R","BOSS","BOSS"],"items_purchased_type":["Relic","Relic","Card","Relic","Relic","Relic","Relic","Relic","Card","Relic","Relic","Relic","Relic","Relic","Relic","Relic","Relic","Relic","Relic","Relic"],"build_version":"2020-12-22","purchased_purges":15,"victory":true,"max_hp_per_floor":[66,66,66,66,66,66,66,66,66,78,78,78,78,78,78,78,78,78,78,78,78,78,78,78,78,78,78,78,78,78,78,78,78,78,78,78,78,78,78,78,78,78,78,78,78,78,78,78,78,78,78],"card_choices":[{"not_picked":["Leg Sweep","Bane"],"picked":"Backstab","floor":1},{"not_picked":["MostiFishMod:PerfectParry","Sucker Punch","Cloak And Dagger","Masterful Stab"],"picked":"MostiFishMod:PoisonShield","floor":2},{"not_picked":["Footwork","Bane","Poisoned Stab","Cloak And Dagger","Distraction"],"picked":"SKIP","floor":3},{"not_picked":["Backstab","Leg Sweep","Escape Plan","Dodge and Roll","Masterful Stab"],"picked":"SKIP","floor":6},{"not_picked":["Outmaneuver","Leg Sweep","Bane","Endless Agony","Underhanded Strike"],"picked":"SKIP","floor":10},{"not_picked":["Quick Slash","Unload","Outmaneuver","Backflip"],"picked":"MostiFishMod:PreservedThorns","floor":11},{"not_picked":["Sucker Punch","Skewer","Choke","Distraction"],"picked":"Acrobatics","floor":12},{"not_picked":["Eviscerate","Infinite Blades","Expertise","Masterful Stab"],"picked":"MostiFishMod:VineMother","floor":14},{"not_picked":["Die Die Die","After Image","MostiFishMod:Opportunism","Storm of Steel"],"picked":"Burst","floor":16},{"not_picked":["Dodge and Roll","Flying Knee","Underhanded Strike","Backstab","Noxious Fumes+1"],"picked":"SKIP","floor":18},{"not_picked":["Bane","MostiFishMod:PoisonShield","Flying Knee","Backstab"],"picked":"Finisher","floor":19},{"not_picked":["MostiFishMod:PerfectParry","Finisher","Flying Knee","Distraction+1"],"picked":"Blade Dance+1","floor":21},{"not_picked":["Accuracy","Dodge and Roll","Cloak And Dagger","Slice","After Image"],"picked":"SKIP","floor":22},{"not_picked":["Deflect","Terror","Blade Dance+1","Bane+1","Dagger Spray"],"picked":"SKIP","floor":23},{"not_picked":["Infinite Blades","Reflex","Cloak And Dagger","Prepared"],"picked":"Concentrate","floor":25},{"not_picked":["Outmaneuver","Expertise","Doppelganger","Dagger Throw","Dagger Spray"],"picked":"SKIP","floor":28},{"not_picked":["MostiFishMod:Opportunism","MostiFishMod:ShivMaster","Malaise","Grand Finale"],"picked":"Phantasmal Killer","floor":33},{"not_picked":["Quick Slash","Backstab","Dash","Escape Plan+1"],"picked":"Reflex","floor":35},{"not_picked":["Setup","Backflip","Acrobatics","Quick Slash","conspire:PoisonWeapons"],"picked":"SKIP","floor":36},{"not_picked":["Prepared","Bane","Crippling Poison","Night Terror","Distraction"],"picked":"SKIP","floor":38},{"not_picked":["Deadly Poison","Reflex","Cloak And Dagger","Expertise"],"picked":"Tactician","floor":40},{"not_picked":["Flechettes+1","Calculated Gamble","Backflip","Prepared+1","Caltrops"],"picked":"SKIP","floor":44},{"not_picked":["Jack Of All Trades","Panacea","Dramatic Entrance","Dark Shackles"],"picked":"MostiFishMod:SupremeArchaeology","floor":47},{"not_picked":["Sucker Punch","MostiFishMod:PerfectParry","Noxious Fumes","Backflip","Acrobatics+1"],"picked":"SKIP","floor":48}],"player_experience":133445,"relics_obtained":[{"floor":1,"key":"SynthV:TestCard"},{"floor":6,"key":"conspire:Dentures"},{"floor":9,"key":"Ginger"},{"floor":10,"key":"Strawberry"},{"floor":12,"key":"Matryoshka"},{"floor":13,"key":"Potion Belt"},{"floor":14,"key":"SynthV:C4"},{"floor":25,"key":"Calipers"},{"floor":26,"key":"Toy Ornithopter"},{"floor":26,"key":"Tiny Chest"},{"floor":28,"key":"Ornamental Fan"},{"floor":39,"key":"Mercury Hourglass"},{"floor":39,"key":"conspire:DecoderRing"},{"floor":40,"key":"Pantograph"},{"floor":43,"key":"Oddly Smooth Stone"},{"floor":44,"key":"Anchor"}],"event_choices":[{"damage_healed":0,"gold_gain":0,"player_choice":"Damaged","damage_taken":9,"max_hp_gain":0,"max_hp_loss":0,"event_name":"Wheel of Change","floor":4,"gold_loss":0},{"damage_healed":0,"gold_gain":0,"player_choice":"Entered Light","damage_taken":20,"max_hp_gain":0,"max_hp_loss":0,"event_name":"Shining Light","floor":7,"gold_loss":0,"cards_upgraded":["Strike_G","Strike_G"]},{"damage_healed":0,"gold_gain":0,"player_choice":"Gave Potion","damage_taken":0,"relics_obtained":["Girya"],"max_hp_gain":0,"max_hp_loss":0,"event_name":"WeMeetAgain","floor":29,"gold_loss":0},{"damage_healed":0,"gold_gain":0,"player_choice":"Leave","damage_taken":0,"max_hp_gain":0,"max_hp_loss":0,"event_name":"conspire:Investor","floor":30,"gold_loss":0},{"cards_removed":["Defend_G"],"damage_healed":0,"gold_gain":0,"player_choice":"Elegance","damage_taken":0,"max_hp_gain":0,"max_hp_loss":0,"event_name":"Back to Basics","floor":31,"gold_loss":0},{"damage_healed":0,"gold_gain":0,"player_choice":"Got Potions","damage_taken":0,"max_hp_gain":0,"max_hp_loss":0,"event_name":"Lab","floor":41,"gold_loss":0},{"damage_healed":0,"gold_gain":0,"player_choice":"Memory 1","damage_taken":0,"max_hp_gain":0,"max_hp_loss":0,"event_name":"SensoryStone","floor":47,"gold_loss":0}],"is_beta":false,"boss_relics":[{"not_picked":["SacredBark","Velvet Choker"],"picked":"HereWithMe"},{"not_picked":["FixedStarFall","Sozu"],"picked":"Transparent"}],"items_purged_floors":[5,20,20,20,20,20,20,20,20,20,37,37,45,45,45],"is_endless":false,"potions_floor_spawned":[1,2,3,3,6,10,10,10,11,12,12,14,16,16,19,21,21,22,23,25,28,28,33,33,35,36,36,38,40,40],"ascension_level":20}}