{"host":"yml0ux6c8lqydjlc","time":1613256277,"event":{"mods":["Aspiration","BaseMod","Conspire","Downfall","Hermit","Jedi Mod","Minty Spire (QoL Compilation)","Robot Space Explorer","StSLib"],"gold_per_floor":[114,131,149,161,174,174,191,191,191,206,225,241,241,251,251,251,251],"floor_reached":16,"language":"ENG","playtime":1352,"items_purged":[],"score":100,"play_id":"4e8403e2-3fb3-4a9f-b22b-134232cec5a6","local_time":"20210213174437","is_ascension_mode":false,"campfire_choices":[{"floor":6,"key":"REST"},{"data":"Iron Wave","floor":8,"key":"SMITH"},{"floor":15,"key":"REST"}],"circlet_count":0,"master_deck":["Strike_R","Strike_R","Strike_R","Strike_R","Defend_R","Defend_R","Defend_R","Defend_R","Bash","Flex","Thunderclap","Cleave","Iron Wave+1","Pummel","Iron Wave","Cleave","Armaments"],"relics":["Burning Blood","jedi:matchstick"],"acts_visited":["Exordium"],"potions_floor_usage":[],"damage_taken":[{"damage":6,"enemies":"Cultist","floor":1,"turns":3},{"damage":0,"enemies":"2 Louse","floor":2,"turns":2},{"damage":9,"enemies":"Jaw Worm","floor":3,"turns":5},{"damage":10,"enemies":"Looter","floor":4,"turns":4},{"damage":24,"enemies":"Red Slaver","floor":5,"turns":5},{"damage":11,"enemies":"Blue Slaver","floor":7,"turns":4},{"damage":12,"enemies":"3 Louse","floor":10,"turns":2},{"damage":32,"enemies":"Large Slime","floor":11,"turns":7},{"damage":3,"enemies":"2 Fungi Beasts","floor":12,"turns":3},{"damage":10,"enemies":"Looter","floor":14,"turns":3},{"damage":62,"enemies":"The Guardian","floor":16,"turns":6}],"seed_played":"4202889405324221361","potions_obtained":[{"floor":3,"key":"Swift Potion"},{"floor":7,"key":"PowerPotion"},{"floor":10,"key":"Dexterity Potion"},{"floor":12,"key":"Slimebound:ThreeZeroPotion"}],"is_trial":false,"path_per_floor":["M","M","M","M","M","R","M","R","T","M","M","M","?","M","R","B"],"character_chosen":"IRONCLAD","items_purchased":[],"campfire_rested":2,"item_purchase_floors":[],"current_hp_per_floor":[80,80,77,73,55,79,74,74,74,68,42,45,38,34,58,0,0],"gold":251,"neow_bonus":"THREE_CARDS","is_daily":false,"chose_seed":false,"campfire_upgraded":1,"win_rate":0.0,"timestamp":1613256277,"path_taken":["M","?","M","M","M","R","M","R","T","M","M","M","?","M","R","BOSS"],"items_purchased_type":[],"build_version":"2020-12-22","purchased_purges":0,"victory":false,"max_hp_per_floor":[80,80,80,80,80,80,80,80,80,80,80,80,80,80,80,80,80],"card_choices":[{"not_picked":["Body Slam","Pommel Strike"],"picked":"Flex","floor":0},{"not_picked":["jedi:fear","Metallicize","Combust"],"picked":"SKIP","floor":1},{"not_picked":["Evolve","Blood for Blood","Power Through"],"picked":"SKIP","floor":2},{"not_picked":["Flex","True Grit"],"picked":"Thunderclap","floor":3},{"not_picked":["True Grit","Entrench"],"picked":"Cleave","floor":4},{"not_picked":["Evolve","Flex","Reckless Charge"],"picked":"SKIP","floor":5},{"not_picked":["Burning Pact","Flex"],"picked":"Iron Wave","floor":7},{"not_picked":["Iron Wave","Entrench"],"picked":"Pummel","floor":10},{"not_picked":["Searing Blow","Rupture"],"picked":"Iron Wave","floor":11},{"not_picked":["Brutality","Clothesline"],"picked":"Cleave","floor":12},{"not_picked":["Headbutt","jedi:fear"],"picked":"Armaments","floor":14}],"player_experience":80274,"relics_obtained":[{"floor":9,"key":"jedi:matchstick"}],"event_choices":[{"cards_removed":["Strike_R"],"damage_healed":0,"gold_gain":0,"player_choice":"Card Removal","damage_taken":7,"max_hp_gain":0,"max_hp_loss":0,"event_name":"Golden Wing","floor":13,"gold_loss":0}],"is_beta":false,"boss_relics":[],"items_purged_floors":[],"is_endless":false,"potions_floor_spawned":[3,7,10,11,12,14],"killed_by":"The Guardian","ascension_level":0}}