{"host":"m4pe905ae9bldoe7","time":1613241245,"event":{"mods":["BaseMod","Bestiary","Block Reminder","Downfall","Minty Spire (QoL Compilation)","StSLib"],"gold_per_floor":[99,113,113,20,195,105,131,142,142,142,156,156,156,70,89,186,186,86,98,113,126,42,242,242,142,170,70,70,70,70],"floor_reached":28,"language":"ENG","playtime":5797,"items_purged":["Regret"],"score":224,"play_id":"f258ef4a-76ce-44b9-b7de-43b667d33909","local_time":"20210213193405","is_ascension_mode":false,"campfire_choices":[{"data":"Discovery","floor":1,"key":"SMITH"},{"data":"bronze:Fortify","floor":9,"key":"SMITH"},{"floor":18,"key":"RECALL"},{"floor":25,"key":"REST"},{"data":"bronze:Separator","floor":27,"key":"SMITH"}],"circlet_count":0,"master_deck":["bronze:Strike","bronze:Strike","bronze:Strike","bronze:Defend","bronze:Defend","bronze:Defend","bronze:Replicate","bronze:Goto","Discovery+1","bronze:Frontload","bronze:Return","bronze:CloningBeam","bronze:Constructor","bronze:Fortify+1","bronze:Flail","bronze:Flail","bronze:SpaghettiCode","bronze:BronzeOrb","bronze:Terminator","bronze:Assembly","bronze:Fortify","downfall:Haunted","bronze:Separator+1"],"relics":["bronze:BronzeCore","White Beast Statue","Regal Pillow","bronze:BottledCode","Empty Cage","downfall:HeartBlessingBlue","Tiny Chest","downfall:HeartBlessingRed","Oddly Smooth Stone","downfall:HeartBlessingGreen"],"acts_visited":["Exordium","TheCity"],"potions_floor_usage":[16,26,28,28,28],"damage_taken":[{"damage":1,"enemies":"Cultist","floor":2,"turns":4},{"damage":8,"enemies":"downfall:FleeingMerchant","floor":4,"turns":4},{"damage":2,"enemies":"downfall:FleeingMerchant","floor":6,"turns":4},{"damage":4,"enemies":"Jaw Worm","floor":8,"turns":4},{"damage":0,"enemies":"Small Slimes","floor":11,"turns":3},{"damage":4,"enemies":"downfall:FleeingMerchant","floor":14,"turns":4},{"damage":0,"enemies":"3 Louse","floor":15,"turns":2},{"damage":4,"enemies":"SI_SHIV_ARCHETYPE","floor":16,"turns":6},{"damage":20,"enemies":"Chosen","floor":19,"turns":4},{"damage":9,"enemies":"Spheric Guardian","floor":20,"turns":5},{"damage":4,"enemies":"Cultist and Chosen","floor":21,"turns":7},{"damage":0,"enemies":"downfall:FleeingMerchant","floor":22,"turns":4},{"damage":22,"enemies":"Gremlin Leader","floor":26,"turns":9},{"damage":60,"enemies":"Gremlin Leader","floor":28,"turns":6}],"seed_played":"4528126327338872735","potions_obtained":[{"floor":2,"key":"Block Potion"},{"floor":4,"key":"bronze:CleanCodePotion"},{"floor":6,"key":"ColorlessPotion"},{"floor":8,"key":"bronze:FreeFunctionsPotion"},{"floor":15,"key":"PowerPotion"},{"floor":16,"key":"ColorlessPotion"},{"floor":26,"key":"EssenceOfSteel"}],"is_trial":false,"path_per_floor":["R","M","?","$","?","$","T","M","R","?","M","?","T","$","M","B",null,"R","M","M","M","$","?","T","R","E","R","?"],"character_chosen":"THE_AUTOMATON","items_purchased":["bronze:CloningBeam","bronze:Flail","bronze:Fortify"],"campfire_rested":1,"item_purchase_floors":[4,14,22],"current_hp_per_floor":[70,69,69,61,61,59,59,55,55,55,55,55,55,51,51,47,60,70,50,41,37,37,37,37,70,48,48,0,0,0],"gold":70,"neow_bonus":"RANDOM_COLORLESS","is_daily":false,"chose_seed":false,"campfire_upgraded":3,"win_rate":0.0,"timestamp":1613241245,"path_taken":["R","M","?","$","?","$","T","M","R","?","M","?","?","?","M","BOSS","R","M","M","M","$","?","T","R","E","R","?"],"items_purchased_type":["Card","Card","Card"],"build_version":"2020-12-22","purchased_purges":1,"victory":false,"max_hp_per_floor":[70,70,70,70,70,70,70,70,70,60,60,60,60,60,60,60,60,70,70,70,70,70,70,70,70,70,70,70,70,70],"card_choices":[{"not_picked":["Blind","Jack Of All Trades"],"picked":"Discovery","floor":0},{"not_picked":["bronze:DelayedSlice","bronze:BuggyMess"],"picked":"bronze:Frontload","floor":2},{"not_picked":["bronze:WhirlingStrike","bronze:Overload"],"picked":"bronze:Return","floor":4},{"not_picked":["bronze:CutThrough","bronze:CloningBeam"],"picked":"bronze:Constructor","floor":6},{"not_picked":["bronze:Constructor","bronze:DelayedSlice"],"picked":"bronze:Fortify","floor":8},{"not_picked":["bronze:CloningBeam","bronze:Frontload"],"picked":"bronze:Flail","floor":11},{"not_picked":["bronze:OilSpill","bronze:BuggyMess","bronze:CloningBeam"],"picked":"SKIP","floor":14},{"not_picked":["bronze:WildBeam","bronze:Turbo","bronze:BugBarrage"],"picked":"SKIP","floor":15},{"not_picked":["bronze:Mutator","bronze:FindAndReplace"],"picked":"bronze:SpaghettiCode","floor":16},{"not_picked":["bronze:WhirlingStrike","bronze:WildBeam+1","bronze:Shield"],"picked":"SKIP","floor":19},{"not_picked":["bronze:Overload+1","bronze:Safeguard+1"],"picked":"bronze:BronzeOrb","floor":20},{"not_picked":["bronze:Return","bronze:BuggyMess"],"picked":"bronze:Terminator","floor":21},{"not_picked":["bronze:Iterate","bronze:OilSpill"],"picked":"bronze:Assembly","floor":22},{"not_picked":["bronze:Optimize","bronze:WhirlingStrike"],"picked":"bronze:Separator","floor":26}],"player_experience":584807,"relics_obtained":[{"floor":7,"key":"Regal Pillow"},{"floor":24,"key":"Tiny Chest"},{"floor":26,"key":"Oddly Smooth Stone"}],"event_choices":[{"damage_healed":0,"gold_gain":0,"player_choice":"Box","damage_taken":0,"relics_obtained":["White Beast Statue"],"max_hp_gain":0,"max_hp_loss":0,"event_name":"Big Fish","floor":3,"gold_loss":0,"cards_obtained":["Regret"]},{"cards_removed":["Doubt"],"damage_healed":0,"gold_gain":0,"player_choice":"Card Removal","damage_taken":0,"max_hp_gain":0,"max_hp_loss":0,"event_name":"The Cleric","floor":12,"gold_loss":0}],"is_beta":false,"boss_relics":[{"not_picked":["SacredBark","Astrolabe"],"picked":"Empty Cage"}],"items_purged_floors":[6],"is_endless":false,"potions_floor_spawned":[2,4,6,8,11,14,15,16,19,20,21,22,26],"killed_by":"Gremlin Leader","ascension_level":0}}