{"host":"17xjy7b7ubl548g2","time":1613187561,"event":{"mods":["2.2 Compatiblity","Act Like it!","Aspiration","Astrologer","Bard","BaseMod","Challenge The Spire","ChefMod","Colored Map","Colored Powertips","Conspire","Elementarium","Energized Spire","Gensokyo","GifTheSpireLib","Halation","Hallownest","Hermit","Hubris","Infinite Spire","Jedi Mod","Jorbs\u0027s Wanderer Trilogy","Marisa（霧雨　魔理沙）","Marked Mod","Menagerie","Minty Spire (QoL Compilation)","Permanent Neow","Reliquary","Replay The Spire","Robot Space Explorer","Spicy Shops","Spire Arcade","StSLib","Stuff the Spire","The Blue Laboratory","The Bug Knight","The Construct","The Disciple","The Hayseed","The Hierophant","The Marked","The Runesmith","The Sage","TheFirefly"],"gold_per_floor":[369,382,382,15,26,26,51,51,130,142,142,155,189,204,204,299,299,318,336,296,296,296,296,322,322,347,360,390,410,426,453,453,550,550,566,615,126,226,237,237,253,286,310,339,339,339,339,365,365,365,365],"floor_reached":50,"language":"ENG","playtime":5636,"items_purged":["Runesmith:Strike_RS","Runesmith:Strike_RS","Runesmith:Defend_RS"],"score":1345,"play_id":"ea38ff7c-a50c-410c-89b6-abefdb672303","local_time":"20210212223921","is_ascension_mode":true,"campfire_choices":[{"data":"Runesmith:CraftFirestone","floor":6,"key":"SMITH"},{"data":"Runesmith:EnergizedChisel","floor":11,"key":"SMITH"},{"data":"Runesmith:Permafrost","floor":15,"key":"SMITH"},{"data":"infinitespire:SevenWalls","floor":23,"key":"SMITH"},{"data":"Runesmith:FrozenChisel","floor":25,"key":"SMITH"},{"data":"Runesmith:ArcReactor","floor":32,"key":"SMITH"},{"data":"Runesmith:HeatedChisel","floor":40,"key":"SMITH"},{"data":"infinitespire:Punishment","floor":45,"key":"SMITH"},{"floor":49,"key":"RECALL"}],"circlet_count":0,"master_deck":["AscendersBane","Runesmith:Defend_RS","Runesmith:Defend_RS","Runesmith:Defend_RS","Runesmith:CraftFirestone+1","Runesmith:Fortify","Runesmith:PerfectChisel","Runesmith:Reinforce","Runesmith:FrozenChisel+1","Runesmith:EnergizedChisel+1","Runesmith:Overpower","Runesmith:Grindstone","Runesmith:UnstableHammer","Runesmith:Permafrost+1","Runesmith:ArcReactor+1","stsjorbsmod:Procrastination","infinitespire:Starlight","Finesse","Runesmith:Supernova+1","stsjorbsmod:SpiritShield_Cull","Runesmith:EarthShield","Runesmith:Firewall","infinitespire:SevenWalls+1","Runesmith:Superposition","Runesmith:CraftReservo+1","infinitespire:Punishment+1","Runesmith:CraftProtectio","Runesmith:ArcReactor+1","Runesmith:EnergizedChisel+1","Runesmith:HeatedChisel+1","Runesmith:Grindstone+1","Runesmith:GenerateForcefield+1","infinitespire:Gouge"],"relics":["Runesmith:BrokenRuby","Anchor","Nunchaku","infinitespire:Broken Mirror","Singing Bowl","ReplayTheSpireMod:SealedPack","hubris:ScarierMask","Runesmith:EmergencyProvisions","Replay:Baseball","Golden Egg","Toy Ornithopter","energizedSpire:DeadBattery","halation:VictoryRuler","Membership Card","HollowMod:JonisBlessing","StuffTheSpire:HeavyRock","infinitespire:BottledMercury","Bag of Preparation","hubris:BundleOfHerbs","halation:PinkSoulGem","halation:KoshaPiece"],"acts_visited":["Exordium","TheCity","TheBeyond"],"potions_floor_usage":[2,7,13,19,19,21,39,44,50],"damage_taken":[{"damage":0,"enemies":"Jaw Worm","floor":1,"turns":4},{"damage":0,"enemies":"2 Louse","floor":2,"turns":1},{"damage":0,"enemies":"Cultist","floor":5,"turns":3},{"damage":7,"enemies":"Lagavulin","floor":7,"turns":6},{"damage":6,"enemies":"conspire:2 RoseBushes","floor":10,"turns":4},{"damage":0,"enemies":"Exordium Thugs","floor":12,"turns":3},{"damage":0,"enemies":"HollowMod:MossKnight","floor":13,"turns":4},{"damage":0,"enemies":"2 Fungi Beasts","floor":14,"turns":2},{"damage":0,"enemies":"The Guardian","floor":16,"turns":9},{"damage":0,"enemies":"Chosen","floor":18,"turns":6},{"damage":2,"enemies":"Snecko","floor":19,"turns":7},{"damage":13,"enemies":"3 Cultists","floor":21,"turns":5},{"damage":0,"enemies":"conspire:SneckoGhost","floor":24,"turns":9},{"damage":0,"enemies":"Centurion and Healer","floor":27,"turns":3},{"damage":8,"enemies":"Nightmare","floor":28,"turns":7},{"damage":1,"enemies":"conspire:HollyBat","floor":29,"turns":7},{"damage":0,"enemies":"Shelled Parasite and Fungi","floor":30,"turns":1},{"damage":0,"enemies":"conspire:SneckoGhost","floor":31,"turns":7},{"damage":4,"enemies":"Automaton","floor":33,"turns":11},{"damage":0,"enemies":"3 Darklings","floor":35,"turns":5},{"damage":0,"enemies":"2 Orb Walkers","floor":36,"turns":2},{"damage":0,"enemies":"Orb Walker","floor":39,"turns":2},{"damage":0,"enemies":"Sphere and 2 Shapes","floor":41,"turns":4},{"damage":0,"enemies":"HollowMod:StalkingDevout","floor":42,"turns":8},{"damage":0,"enemies":"Reptomancer","floor":44,"turns":4},{"damage":0,"enemies":"Giant Head","floor":48,"turns":9},{"damage":89,"enemies":"hubris:GrandSnecko","floor":50,"turns":17}],"seed_played":"4390663311394661269","potions_obtained":[{"floor":1,"key":"Explosive Potion"},{"floor":7,"key":"AttackPotion"},{"floor":12,"key":"AttackPotion"},{"floor":13,"key":"blueLaboratory:StoneskinPotion"},{"floor":16,"key":"blueLaboratory:StoneskinPotion"},{"floor":19,"key":"SmokeBomb"},{"floor":31,"key":"SneckoOil"},{"floor":36,"key":"blueLaboratory:FruitPunch"},{"floor":44,"key":"LiquidBronze"},{"floor":48,"key":"Strength Potion"}],"is_trial":false,"path_per_floor":["M","M","?","$","M","R","E","?","T","M","R","M","E","M","R","B",null,"M","M","?","M","AVR","R","E","R","T","M","NM","M","M","E","R","B",null,"M","?","$","?","M","R","M","E","T","E","R","?","AVR","E","R","B"],"character_chosen":"RUNESMITH_CLASS","items_purchased":["Runesmith:FrozenChisel","Anchor","blueLaboratory:FruitPunch","Membership Card","HollowMod:JonisBlessing","StuffTheSpire:HeavyRock","Runesmith:EnergizedChisel","infinitespire:BottledMercury"],"campfire_rested":0,"item_purchase_floors":[4,4,4,37,37,37,37,37],"current_hp_per_floor":[63,63,63,63,63,63,58,58,58,52,52,52,54,54,54,54,64,64,65,65,62,62,62,62,62,62,62,61,68,70,73,73,73,73,75,77,77,77,77,77,79,79,79,79,79,79,79,81,81,0,0],"gold":365,"neow_bonus":"TWO_FIFTY_GOLD","is_daily":false,"chose_seed":false,"campfire_upgraded":8,"win_rate":0.0,"timestamp":1613187561,"path_taken":["M","M","?","$","M","R","E","?","T","?","R","M","E","M","R","BOSS","M","M","?","?","AVR","R","E","R","T","M","NM","M","M","E","R","BOSS","M","?","$","?","M","R","?","E","T","E","R","?","AVR","E","R","BOSS"],"items_purchased_type":["Card","Relic","Potion","Relic","Relic","Relic","Card","Relic"],"build_version":"2020-12-22","purchased_purges":3,"victory":false,"max_hp_per_floor":[63,63,63,63,63,63,65,65,65,65,65,65,67,67,67,67,67,67,67,67,67,67,67,67,67,67,67,69,69,71,73,73,73,73,75,77,77,77,79,79,81,81,81,81,81,81,81,83,83,83,83],"card_choices":[{"not_picked":["Runesmith:Discharge","Runesmith:CraftProtectio"],"picked":"Runesmith:PerfectChisel","floor":1},{"not_picked":["Runesmith:ChiselStab","Runesmith:RunicBlueprint"],"picked":"Runesmith:Reinforce","floor":2},{"not_picked":["Runesmith:DoubleUp","Runesmith:RuneHurl"],"picked":"Runesmith:EnergizedChisel","floor":5},{"not_picked":["Runesmith:HammerThrow","Runesmith:RuneHurl"],"picked":"Runesmith:Overpower","floor":7},{"not_picked":["Runesmith:UnstableHammer","Runesmith:MakeshiftArmor"],"picked":"Runesmith:Grindstone","floor":10},{"not_picked":["Runesmith:StaticCage","Runesmith:Supernova"],"picked":"Runesmith:UnstableHammer","floor":12},{"not_picked":["Runesmith:ChiselStab","Runesmith:Grindstone","Runesmith:ChargedHammer"],"picked":"Singing Bowl","floor":13},{"not_picked":["Runesmith:BackupBattery","aspiration:UnbridledHammer"],"picked":"Runesmith:Permafrost","floor":14},{"not_picked":["Runesmith:DuctTape","Runesmith:LastStand"],"picked":"Runesmith:ArcReactor","floor":16},{"not_picked":["hubris:Rewind","hubris:Fate"],"picked":"infinitespire:Starlight","floor":17},{"not_picked":["jedi:forcepull","Dark Shackles"],"picked":"Finesse","floor":17},{"not_picked":["Runesmith:CreatorForm","Runesmith:ReplicatingBarrier"],"picked":"Runesmith:Supernova","floor":17},{"not_picked":["construct:AttackMode","hierophant:Punish"],"picked":"stsjorbsmod:SpiritShield_Cull","floor":17},{"not_picked":["Runesmith:Repurpose","Runesmith:HammerThrow"],"picked":"Runesmith:EarthShield","floor":18},{"not_picked":["Runesmith:ChargedHammer","Runesmith:PoweredAnvil"],"picked":"Runesmith:Firewall","floor":19},{"not_picked":["Runesmith:GrandSlam","Runesmith:EnergizedChisel"],"picked":"Runesmith:Superposition","floor":24},{"not_picked":["aspiration:UnbridledHammer","Runesmith:Empowerment"],"picked":"Runesmith:CraftReservo+1","floor":27},{"not_picked":["infinitespire:SealOfDarkness+","Replay:Fractal Strike"],"picked":"infinitespire:Punishment","floor":28},{"not_picked":["Runesmith:ChiselStab","Runesmith:GenerateForcefield","Runesmith:Terraform"],"picked":"Singing Bowl","floor":28},{"not_picked":["Runesmith:StaticCage","Runesmith:Grindstone"],"picked":"Runesmith:CraftProtectio","floor":29},{"not_picked":["Runesmith:ShiftingStrike","Runesmith:MakeshiftArmor","Runesmith:ChiselStab"],"picked":"Singing Bowl","floor":30},{"not_picked":["Runesmith:CraftMedicinae","Runesmith:BackupBattery","Runesmith:UnstableHammer"],"picked":"Singing Bowl","floor":31},{"not_picked":["Runesmith:UnlimitedPower","Runesmith:GrandSlam"],"picked":"Runesmith:ArcReactor","floor":33},{"not_picked":["Runesmith:ChiselStab","Runesmith:ShiftingStrike+1","Runesmith:HammerThrow"],"picked":"Singing Bowl","floor":35},{"not_picked":["Runesmith:DuctTape","Runesmith:CraftProtectio","Runesmith:FieryHammer"],"picked":"Singing Bowl","floor":36},{"not_picked":["Runesmith:Permafrost+1","Runesmith:UnstableHammer+1"],"picked":"Runesmith:HeatedChisel","floor":39},{"not_picked":["Runesmith:Grindstone","Runesmith:ChiselStab","Runesmith:Electrocute"],"picked":"Singing Bowl","floor":41},{"not_picked":["Runesmith:CraftObretio","Runesmith:PoweredAnvil"],"picked":"Runesmith:Grindstone+1","floor":42},{"not_picked":["Runesmith:MakeshiftArmor","Runesmith:Accelerate"],"picked":"Runesmith:GenerateForcefield","floor":44},{"not_picked":["Runesmith:Supernova","Runesmith:CraftProtectio","Runesmith:CraftObretio"],"picked":"Singing Bowl","floor":48}],"player_experience":2153045,"relics_obtained":[{"floor":7,"key":"Nunchaku"},{"floor":9,"key":"infinitespire:Broken Mirror"},{"floor":13,"key":"Singing Bowl"},{"floor":24,"key":"Runesmith:EmergencyProvisions"},{"floor":26,"key":"Replay:Baseball"},{"floor":28,"key":"Golden Egg"},{"floor":31,"key":"Toy Ornithopter"},{"floor":36,"key":"halation:VictoryRuler"},{"floor":42,"key":"Bag of Preparation"},{"floor":44,"key":"hubris:BundleOfHerbs"},{"floor":48,"key":"halation:KoshaPiece"}],"event_choices":[{"cards_removed":["Runesmith:Strike_RS"],"damage_healed":0,"gold_gain":0,"player_choice":"Offered Basic","damage_taken":0,"max_hp_gain":0,"max_hp_loss":0,"event_name":"Bonfire Elementals","floor":8,"gold_loss":0},{"damage_healed":0,"gold_gain":0,"player_choice":"Upgrade","damage_taken":0,"max_hp_gain":0,"max_hp_loss":0,"event_name":"Designer","floor":20,"gold_loss":40,"cards_upgraded":["Runesmith:Supernova"]},{"damage_healed":0,"gold_gain":0,"player_choice":"Fight","damage_taken":0,"max_hp_gain":0,"max_hp_loss":0,"event_name":"Mysterious Sphere","floor":36,"gold_loss":0},{"damage_healed":0,"gold_gain":100,"player_choice":"Pray","damage_taken":0,"max_hp_gain":0,"max_hp_loss":0,"event_name":"Golden Shrine","floor":38,"gold_loss":0}],"is_beta":false,"boss_relics":[{"not_picked":["ReplayTheSpireMod:DimensionalGlitch","aspiration:SecretTechniqueScroll"],"picked":"ReplayTheSpireMod:SealedPack"},{"not_picked":["aspiration:PoetsPen_weak","Astrolabe"],"picked":"energizedSpire:DeadBattery"}],"items_purged_floors":[4,22,37],"is_endless":false,"potions_floor_spawned":[1,7,12,13,16,18,19,21,31,36,44,48],"killed_by":"hubris:GrandSnecko","ascension_level":12}}