{"host":"fa35vd3kig5td25x","time":1613223396,"event":{"mods":["BaseMod","Colored Powertips","Minty Spire (QoL Compilation)","Relic Stats","Slay the Relics Exporter"],"gold_per_floor":[111,10,28,48,48,48,83,83,83,83,98,113,113,144,144,237,237,255,255,255,180,193,224,249,249,249,290,290,321,342,342,342,342,342],"floor_reached":33,"language":"ENG","playtime":2312,"items_purged":["Strike_B"],"score":626,"play_id":"cbe36484-7030-487b-98e3-c85d2bdb1185","local_time":"20210213143636","is_ascension_mode":true,"campfire_choices":[{"data":"Lockon","floor":6,"key":"SMITH"},{"data":"Machine Learning","floor":8,"key":"SMITH"},{"data":"Zap","floor":15,"key":"SMITH"},{"floor":28,"key":"REST"},{"data":"Loop","floor":32,"key":"SMITH"}],"circlet_count":0,"master_deck":["AscendersBane","Strike_B","Strike_B","Defend_B","Defend_B","Defend_B","Defend_B","Zap+1","Dualcast","Sweeping Beam","Coolheaded","Lockon+1","Glacier","Machine Learning+1","Conserve Battery","Ball Lightning","Electrodynamics","Go for the Eyes+1","Cold Snap","Loop+1","Capacitor","Self Repair","Loop","Coolheaded"],"relics":["Cracked Core","Bag of Preparation","Golden Idol","Mummified Hand","Letter Opener","DataDisk","Strawberry","Black Star","Prayer Wheel","The Courier","Orichalcum","Shuriken","Toy Ornithopter","Cables","InkBottle"],"acts_visited":["Exordium","TheCity"],"potions_floor_usage":[14,27,33,33],"damage_taken":[{"damage":0,"enemies":"Small Slimes","floor":1,"turns":2},{"damage":0,"enemies":"Jaw Worm","floor":3,"turns":5},{"damage":1,"enemies":"Cultist","floor":4,"turns":3},{"damage":4,"enemies":"Lagavulin","floor":7,"turns":9},{"damage":2,"enemies":"3 Louse","floor":11,"turns":3},{"damage":0,"enemies":"Looter","floor":12,"turns":4},{"damage":28,"enemies":"Gremlin Nob","floor":14,"turns":4},{"damage":2,"enemies":"The Guardian","floor":16,"turns":9},{"damage":0,"enemies":"3 Byrds","floor":18,"turns":2},{"damage":0,"enemies":"Spheric Guardian","floor":22,"turns":3},{"damage":33,"enemies":"Book of Stabbing","floor":23,"turns":6},{"damage":0,"enemies":"Centurion and Healer","floor":24,"turns":5},{"damage":24,"enemies":"Slavers","floor":27,"turns":4},{"damage":37,"enemies":"Gremlin Leader","floor":29,"turns":7},{"damage":4,"enemies":"Chosen and Byrds","floor":30,"turns":4},{"damage":26,"enemies":"Champ","floor":33,"turns":12}],"seed_played":"8974792534500778961","potions_obtained":[{"floor":1,"key":"Block Potion"},{"floor":11,"key":"Weak Potion"},{"floor":14,"key":"PotionOfCapacity"},{"floor":24,"key":"GamblersBrew"},{"floor":29,"key":"Strength Potion"}],"is_trial":false,"path_per_floor":["M","$","M","M","?","R","E","R","T","?","M","M","T","E","R","B",null,"M","T","?","?","M","E","M","?","T","E","R","E","M","?","R","B"],"character_chosen":"DEFECT","items_purchased":["Coolheaded"],"campfire_rested":1,"item_purchase_floors":[2],"current_hp_per_floor":[64,64,64,63,63,63,59,59,59,64,62,62,62,41,41,39,67,67,67,67,67,67,34,34,34,34,17,39,9,12,12,12,0,0],"gold":342,"neow_bonus":"RANDOM_COMMON_RELIC","is_daily":false,"chose_seed":false,"campfire_upgraded":4,"win_rate":0.0,"timestamp":1613223396,"path_taken":["M","$","M","M","?","R","E","R","T","?","M","M","?","E","R","BOSS","M","?","?","?","M","E","M","?","T","E","R","E","M","?","R","BOSS"],"items_purchased_type":["Card"],"build_version":"2020-12-22","purchased_purges":1,"victory":false,"max_hp_per_floor":[71,71,71,71,64,64,64,64,64,69,69,69,69,76,76,76,76,76,76,76,76,76,76,76,76,76,76,76,76,76,76,76,76,76],"relic_stats":{"counters":[16,81],"Golden Idol":74,"Bag of Preparation":[32],"Letter Opener":[75],"Orichalcum":[42],"Cables":[15,6,9,0,0],"Mummified Hand":[39],"Shuriken":[7],"Prayer Wheel":3,"Black Star":3,"obtain_stats":[{"Golden Idol":5,"The Courier":23,"Bag of Preparation":0,"Letter Opener":9,"Orichalcum":23,"Cables":29,"DataDisk":13,"Mummified Hand":7,"Shuriken":27,"Strawberry":14,"Prayer Wheel":19,"Black Star":17,"Cracked Core":0,"Toy Ornithopter":27,"InkBottle":29},{"Golden Idol":3,"The Courier":11,"Bag of Preparation":0,"Letter Opener":4,"Orichalcum":11,"Cables":14,"DataDisk":6,"Mummified Hand":4,"Shuriken":13,"Strawberry":7,"Prayer Wheel":9,"Black Star":8,"Cracked Core":0,"Toy Ornithopter":13,"InkBottle":14},{"Golden Idol":10,"The Courier":50,"Bag of Preparation":0,"Letter Opener":19,"Orichalcum":50,"Cables":65,"DataDisk":26,"Mummified Hand":19,"Shuriken":58,"Strawberry":30,"Prayer Wheel":41,"Black Star":39,"Cracked Core":0,"Toy Ornithopter":58,"InkBottle":65}],"Toy Ornithopter":10,"InkBottle":[5]},"card_choices":[{"not_picked":["Aggregate","Stack"],"picked":"Sweeping Beam","floor":1},{"not_picked":["Beam Cell","Rebound"],"picked":"Lockon","floor":3},{"not_picked":["Ball Lightning","Barrage"],"picked":"Glacier","floor":4},{"not_picked":["Sweeping Beam","Coolheaded"],"picked":"Machine Learning","floor":7},{"not_picked":["Beam Cell","Sweeping Beam","Rebound"],"picked":"SKIP","floor":11},{"not_picked":["Compile Driver","Ball Lightning"],"picked":"Conserve Battery","floor":12},{"not_picked":["Streamline","Coolheaded"],"picked":"Ball Lightning","floor":14},{"not_picked":["Thunder Strike","Echo Form"],"picked":"Electrodynamics","floor":16},{"not_picked":["Hologram","Hello World"],"picked":"Go for the Eyes+1","floor":18},{"not_picked":["Reinforced Body","Hologram"],"picked":"Cold Snap","floor":22},{"not_picked":["Streamline","Glacier"],"picked":"Loop","floor":22},{"not_picked":["Sweeping Beam","Redo"],"picked":"Capacitor","floor":23},{"not_picked":["Genetic Algorithm","Rebound"],"picked":"Self Repair","floor":24},{"not_picked":["Ball Lightning","Stack","Barrage"],"picked":"SKIP","floor":24},{"not_picked":["Ball Lightning","Stack","Barrage"],"picked":"SKIP","floor":24},{"not_picked":["Gash","Auto Shields","Streamline"],"picked":"SKIP","floor":27},{"not_picked":["Rebound","Meteor Strike","Recycle+1"],"picked":"SKIP","floor":29},{"not_picked":["Sunder","Steam Power"],"picked":"Loop","floor":30},{"not_picked":["Ball Lightning","Rebound","Streamline"],"picked":"SKIP","floor":30}],"player_experience":3133243,"relics_obtained":[{"floor":7,"key":"Mummified Hand"},{"floor":9,"key":"Letter Opener"},{"floor":13,"key":"DataDisk"},{"floor":14,"key":"Strawberry"},{"floor":19,"key":"Prayer Wheel"},{"floor":23,"key":"The Courier"},{"floor":23,"key":"Orichalcum"},{"floor":27,"key":"Shuriken"},{"floor":27,"key":"Toy Ornithopter"},{"floor":29,"key":"Cables"},{"floor":29,"key":"InkBottle"}],"event_choices":[{"damage_healed":0,"gold_gain":0,"player_choice":"Lose Max HP","damage_taken":0,"relics_obtained":["Golden Idol"],"max_hp_gain":0,"max_hp_loss":7,"event_name":"Golden Idol","floor":5,"gold_loss":0},{"damage_healed":0,"gold_gain":0,"player_choice":"Donut","damage_taken":0,"max_hp_gain":5,"max_hp_loss":0,"event_name":"Big Fish","floor":10,"gold_loss":0},{"damage_healed":0,"gold_gain":0,"player_choice":"Ignored","damage_taken":0,"max_hp_gain":0,"max_hp_loss":0,"event_name":"Vampires","floor":20,"gold_loss":0},{"cards_removed":["Strike_B"],"damage_healed":0,"gold_gain":0,"player_choice":"Gave Gold","damage_taken":0,"max_hp_gain":0,"max_hp_loss":0,"event_name":"Beggar","floor":21,"gold_loss":75},{"damage_healed":0,"gold_gain":0,"player_choice":"Ignored","damage_taken":0,"max_hp_gain":0,"max_hp_loss":0,"event_name":"Ghosts","floor":25,"gold_loss":0},{"damage_healed":0,"gold_gain":0,"player_choice":"1 cards matched","damage_taken":0,"max_hp_gain":0,"max_hp_loss":0,"event_name":"Match and Keep!","floor":31,"gold_loss":0,"cards_obtained":["Coolheaded"]}],"is_beta":false,"boss_relics":[{"not_picked":["Ectoplasm","Inserter"],"picked":"Black Star"}],"items_purged_floors":[2],"is_endless":false,"potions_floor_spawned":[1,11,14,24,29,30],"killed_by":"Champ","ascension_level":20}}