{"host":"za1qviwhp34x909e","time":1613188384,"event":{"mods":["BaseMod","Colored Map","Colored Powertips","Highlight Path","Koishi","Marisa????????","Minty Spire (QoL Compilation)","Quick Restart","Reimu??????","Remilia??????","StSLib","The Servant 0.9.4","Youmu??????"],"gold_per_floor":[218,393,129,140,155,182,240,240,240,258,271,271,290,324,324,419,419,430,443,443,118,78,107,107,137,137,137,154,165,175,175,175,275,575,588,588,602,612,612,637,651,685,739,757,215,226,240,270,270,270,270,270,16,49,49],"floor_reached":56,"language":"ENG","playtime":6048,"items_purged":["Doubt","Strike_MRS","Strike_MRS","Strike_MRS"],"score":1466,"play_id":"c06e1a35-9741-440e-b80f-d4e330bae633","local_time":"20210212215304","is_ascension_mode":false,"campfire_choices":[{"floor":8.0,"key":"REST"},{"data":"EarthLightRay","floor":12.0,"key":"SMITH"},{"data":"TreasureHunter","floor":15.0,"key":"SMITH"},{"floor":24.0,"key":"REST"},{"data":"GalacticHalo","floor":27.0,"key":"SMITH"},{"data":"BinaryStars","floor":32.0,"key":"SMITH"},{"floor":49,"key":"RECALL"},{"data":"ZunPunch:ReiMu","floor":52,"key":"SMITH"}],"circlet_count":0,"master_deck":["Strike_MRS+1","Defend_MRS","Defend_MRS","Defend_MRS","Defend_MRS","MasterSpark","UpSweep+1","LuminesStrike","TreasureHunter+1","SporeBomb","WitchLeyline","EarthLightRay+1","PulseMagic","NonDirectionalLaser","MagicAbsorber","IllusionStar","Acceleration","GalacticHalo+1","BinaryStars+1","Acceleration","Acceleration","OrrerysSun","ShootingEcho","PowerUp","ZunPunch:ReiMu+1","OpenUniverse+1","ChargeUpSpray","OrrerysSun","SatelliteIllusion+1","CurseOfTheBell","GasGiant+1","OrrerysSun","GalacticHalo+1","Secret Weapon","Master of Strategy","Finesse","WitchLeyline+1","GrandCross","WitchLeyline+1","MysteriousBeam","SporeBomb","EarthLightRay+1"],"relics":["MiniHakkero","Art of War","Tea:ReiMu","Ancient Tea Set","Happy Flower","Sundial","Whetstone","Sozu","Mastiff:ReiMu","Ornamental Fan","PureWhite:ReiMu","BreadOfAWashokuLover","Singing Bowl","Shuriken","Smiling Mask","Calling Bell","Omamori","AmplifyWand","Old Coin","Blood Vial","Lizard Tail","RuthlessExorcism:ReiMu","Mummified Hand","Torii","DollysMirror","Centennial Puzzle","AntiCross","ShroomBag","Bag of Preparation"],"acts_visited":["Exordium","TheCity","TheBeyond","TheEnding"],"potions_floor_usage":[],"damage_taken":[{"damage":1.0,"enemies":"Cultist","floor":1.0,"turns":3.0},{"damage":4.0,"enemies":"Small Slimes","floor":4.0,"turns":3.0},{"damage":6.0,"enemies":"Jaw Worm","floor":5.0,"turns":3.0},{"damage":22.0,"enemies":"Lagavulin","floor":6.0,"turns":7.0},{"damage":43.0,"enemies":"3 Sentries","floor":7.0,"turns":11.0},{"damage":8.0,"enemies":"2 Fungi Beasts","floor":10.0,"turns":3.0},{"damage":0.0,"enemies":"Large Slime","floor":11.0,"turns":3.0},{"damage":2.0,"enemies":"Red Slaver","floor":13.0,"turns":2.0},{"damage":13.0,"enemies":"Gremlin Nob","floor":14.0,"turns":4.0},{"damage":19.0,"enemies":"Slime Boss","floor":16.0,"turns":9.0},{"damage":17.0,"enemies":"2 Thieves","floor":18.0,"turns":3.0},{"damage":34.0,"enemies":"3 Byrds","floor":19.0,"turns":5.0},{"damage":34.0,"enemies":"Slavers","floor":23.0,"turns":4.0},{"damage":1.0,"enemies":"Book of Stabbing","floor":25.0,"turns":3.0},{"damage":0.0,"enemies":"Shelled Parasite and Fungi","floor":28.0,"turns":1.0},{"damage":0.0,"enemies":"Cultist and Chosen","floor":29.0,"turns":3.0},{"damage":0.0,"enemies":"3 Cultists","floor":30.0,"turns":3.0},{"damage":0.0,"enemies":"Champ","floor":33.0,"turns":4.0},{"damage":0.0,"enemies":"3 Shapes","floor":35.0,"turns":3.0},{"damage":19.0,"enemies":"3 Darklings","floor":37.0,"turns":4.0},{"damage":17.0,"enemies":"Sphere and 2 Shapes","floor":38.0,"turns":6.0},{"damage":21.0,"enemies":"Reptomancer","floor":40.0,"turns":6.0},{"damage":11.0,"enemies":"Jaw Worm Horde","floor":41.0,"turns":4.0},{"damage":0.0,"enemies":"Giant Head","floor":42.0,"turns":5.0},{"damage":0,"enemies":"Transient","floor":44,"turns":5},{"damage":0,"enemies":"Maw","floor":46,"turns":4},{"damage":7,"enemies":"Spire Growth","floor":47,"turns":4},{"damage":0,"enemies":"Reptomancer","floor":48,"turns":5},{"damage":25,"enemies":"Time Eater","floor":50,"turns":5},{"damage":11,"enemies":"Shield and Spear","floor":54,"turns":4},{"damage":25,"enemies":"The Heart","floor":55,"turns":7}],"seed_played":"-5985158365503459012","potions_obtained":[{"floor":1.0,"key":"Weak Potion"},{"floor":11.0,"key":"Fire Potion"},{"floor":13.0,"key":"SteroidPotion"},{"floor":14.0,"key":"LiquidBronze"}],"is_trial":false,"path_per_floor":["M","?","$","M","M","E","?","R","T","M","M","R","M","E","R","B",null,"M","M","?","$","?","E","R","E","T","R","M","M","M","?","R","B",null,"M","?","M","M","?","E","M","E","T","M","$","M","M","E","R","B",null,"R","$","E","B",null],"character_chosen":"MARISA","items_purchased":["TreasureHunter","SporeBomb","ShootingEcho","Mastiff:ReiMu","PowerUp","Torii","GrandCross","DollysMirror","SporeBomb","ShroomBag"],"campfire_rested":2,"item_purchase_floors":[3,3,21,21,21,45,45,45,53,53],"current_hp_per_floor":[74,74,74,70,64,46,7,29,29,21,25,25,29,16,16,3,75,64,36,36,36,36,8,30,35,35,35,35,37,45,45,45,52,79,79,79,67,58,48,36,35,44,44,54,54,72,67,77,77,54,102,102,102,91,74],"gold":49,"neow_bonus":"HUNDRED_GOLD","is_daily":false,"chose_seed":false,"campfire_upgraded":5,"win_rate":0.0,"timestamp":1613188384,"path_taken":["M","?","$","M","M","E","?","R","T","M","M","R","M","E","R","BOSS","M","M","?","$","?","E","R","E","T","R","M","M","M","?","R","BOSS","M","?","?","M","?","E","M","E","T","M","$","M","M","E","R","BOSS","R","$","E","BOSS"],"items_purchased_type":["Card","Card","Card","Relic","Card","Relic","Card","Relic","Card","Relic"],"build_version":"2020-12-22","purchased_purges":4,"victory":true,"max_hp_per_floor":[75,75,75,75,75,75,75,75,75,75,75,75,75,75,75,75,75,75,75,75,75,75,75,75,75,75,75,75,77,79,79,79,79,79,79,79,79,79,79,81,83,85,85,85,85,100,100,102,102,102,102,102,102,102,102],"card_choices":[{"not_picked":["EnergyFlow","Acceleration"],"picked":"LuminesStrike","floor":1.0},{"not_picked":["RefractionSpark","Acceleration"],"picked":"WitchLeyline","floor":4.0},{"not_picked":["UnstableBomb","StarlightTyphoon"],"picked":"EarthLightRay","floor":5.0},{"not_picked":["WitchOfGreed","GravityBeat"],"picked":"PulseMagic","floor":6.0},{"not_picked":["6A","WitchOfGreed"],"picked":"NonDirectionalLaser","floor":7.0},{"not_picked":["IllusionStar","SporeBomb"],"picked":"MagicAbsorber","floor":10.0},{"not_picked":["WitchLeyline","UnstableBomb"],"picked":"IllusionStar","floor":11.0},{"not_picked":["NonDirectionalLaser","CasketOfStar"],"picked":"Acceleration","floor":13.0},{"not_picked":["ShootTheMoon","PropBag"],"picked":"GalacticHalo","floor":14.0},{"not_picked":["AbsoluteMagnitude","MaximisePower"],"picked":"BinaryStars","floor":16.0},{"not_picked":["SuperPerseids+1","PowerUp"],"picked":"Acceleration","floor":18.0},{"not_picked":["UnstableBomb","Singularity"],"picked":"Acceleration","floor":19.0},{"not_picked":["RefractionSpark","ChargingUp"],"picked":"OpenUniverse+1","floor":23.0},{"not_picked":["GasGiant","NonDirectionalLaser"],"picked":"ChargeUpSpray","floor":25.0},{"not_picked":["6A","GalacticHalo"],"picked":"OrrerysSun","floor":28.0},{"not_picked":["GrandCross","Orbital","LuminesStrike+1"],"picked":"Singing Bowl","floor":29.0},{"not_picked":["GravityBeat","ManaRampage","MilkyWay"],"picked":"Singing Bowl","floor":30.0},{"not_picked":["JA","ManaRampage"],"picked":"SatelliteIllusion","floor":33.0},{"not_picked":["DeepEcoloBomb","DC+1"],"picked":"GasGiant+1","floor":35.0},{"not_picked":["FairyDestructionRay","DoubleSpark+1"],"picked":"OrrerysSun","floor":37.0},{"not_picked":["Acceleration","ShootingEcho"],"picked":"GalacticHalo+1","floor":38.0},{"not_picked":["Panache","Impatience"],"picked":"Secret Weapon","floor":39.0},{"not_picked":["Dark Shackles","Mind Blast"],"picked":"Master of Strategy","floor":39.0},{"not_picked":["Enlightenment","Impatience"],"picked":"Finesse","floor":39.0},{"not_picked":["SatelliteIllusion","LuminesStrike","RefractionSpark"],"picked":"Singing Bowl","floor":40.0},{"not_picked":["DeepEcoloBomb+1","OortCloud","MachineGunSpark+1"],"picked":"Singing Bowl","floor":41.0},{"not_picked":["StarlightTyphoon+1","ShootTheMoon+1","WitchOfGreed"],"picked":"Singing Bowl","floor":42.0},{"not_picked":["IllusionStar","GravityBeat+1"],"picked":"WitchLeyline+1","floor":44},{"not_picked":["AsteroidBelt","GrandCross","SuperPerseids"],"picked":"Singing Bowl","floor":46},{"not_picked":["GravityBeat","NonDirectionalLaser"],"picked":"MysteriousBeam","floor":47},{"not_picked":["FairyDestructionRay+1","GrandCross+1","6A"],"picked":"Singing Bowl","floor":48},{"not_picked":["ChargingUp+1","GasGiant"],"picked":"EarthLightRay+1","floor":54}],"player_experience":680971,"relics_obtained":[{"floor":6.0,"key":"Art of War"},{"floor":6.0,"key":"Tea:ReiMu"},{"floor":7.0,"key":"Ancient Tea Set"},{"floor":7.0,"key":"Happy Flower"},{"floor":9.0,"key":"Sundial"},{"floor":14.0,"key":"Whetstone"},{"floor":23.0,"key":"Ornamental Fan"},{"floor":23.0,"key":"PureWhite:ReiMu"},{"floor":25.0,"key":"BreadOfAWashokuLover"},{"floor":25.0,"key":"Singing Bowl"},{"floor":26.0,"key":"Shuriken"},{"floor":34.0,"key":"Omamori"},{"floor":34.0,"key":"AmplifyWand"},{"floor":34.0,"key":"Old Coin"},{"floor":40.0,"key":"Blood Vial"},{"floor":40.0,"key":"Lizard Tail"},{"floor":42.0,"key":"RuthlessExorcism:ReiMu"},{"floor":42.0,"key":"Mummified Hand"},{"floor":48,"key":"Centennial Puzzle"},{"floor":48,"key":"AntiCross"},{"floor":54,"key":"Bag of Preparation"}],"event_choices":[{"damage_healed":0.0,"max_hp_gain":0.0,"max_hp_loss":0.0,"gold_gain":175.0,"event_name":"Liars Game","player_choice":"AGREE","floor":2.0,"gold_loss":0.0,"damage_taken":0.0,"cards_obtained":["Doubt"]},{"damage_healed":0.0,"max_hp_gain":0.0,"max_hp_loss":0.0,"gold_gain":0.0,"event_name":"Dead Adventurer","player_choice":"Searched \u00272\u0027 times","floor":7.0,"gold_loss":0.0,"damage_taken":0.0},{"damage_healed":0.0,"max_hp_gain":0.0,"max_hp_loss":0.0,"gold_gain":0.0,"event_name":"The Library","player_choice":"Read","floor":20.0,"gold_loss":0.0,"damage_taken":0.0,"cards_obtained":["OrrerysSun"]},{"damage_healed":0.0,"max_hp_gain":0.0,"max_hp_loss":0.0,"gold_gain":0.0,"event_name":"ZunEvent","player_choice":"Hand rover O-miki","floor":22.0,"relics_lost":["ZunR:ReiMu"],"gold_loss":0.0,"damage_taken":0.0,"cards_obtained":["ZunPunch:ReiMu"]},{"damage_healed":0.0,"max_hp_gain":0.0,"max_hp_loss":0.0,"gold_gain":0.0,"event_name":"The Mausoleum","player_choice":"Opened","floor":31.0,"gold_loss":0.0,"damage_taken":0.0,"relics_obtained":["Smiling Mask"]},{"damage_healed":0.0,"max_hp_gain":0.0,"max_hp_loss":0.0,"gold_gain":0.0,"event_name":"Accursed Blacksmith","player_choice":"Forge","floor":36.0,"gold_loss":0.0,"damage_taken":0.0,"cards_upgraded":["SatelliteIllusion"]},{"damage_healed":0.0,"max_hp_gain":0.0,"max_hp_loss":0.0,"gold_gain":0.0,"event_name":"SensoryStone","player_choice":"Memory 3","floor":39.0,"gold_loss":0.0,"damage_taken":10.0}],"is_beta":false,"boss_relics":[{"not_picked":["SlaversCollar","Fusion Hammer"],"picked":"Sozu"},{"not_picked":["SacredBark","Snecko Eye"],"picked":"Calling Bell"}],"items_purged_floors":[3,21,45,53],"is_endless":false,"potions_floor_spawned":[1,11,13,14,18,23,25,30,35,41,44,48,54],"ascension_level":0}}