{"host":"a57oumegxze0vmhs","time":1613174535,"event":{"mods":["AchievementEnabler","BaseMod","Colored Powertips","Minty Spire (QoL Compilation)","Relic Stats"],"gold_per_floor":[113,288,300,317,138,138,167,167,167,167,183,183,217,73,73,177,177,193,193,47,63,63,63,89,108,155,155,182,182,61,78,78,78,78],"floor_reached":33,"language":"ENG","playtime":1290,"items_purged":["Doubt","Strike_B"],"score":393,"play_id":"e634272b-b729-444e-89bc-3d9edce9182e","local_time":"20210213020215","is_ascension_mode":true,"campfire_choices":[{"floor":6.0,"key":"REST"},{"floor":10.0,"key":"REST"},{"data":"Loop","floor":12.0,"key":"SMITH"},{"floor":15.0,"key":"REST"},{"data":"Redo","floor":23.0,"key":"SMITH"},{"floor":27.0,"key":"REST"},{"floor":29.0,"key":"REST"},{"floor":32,"key":"REST"}],"circlet_count":0,"master_deck":["Strike_B","Strike_B","Strike_B","Defend_B","Defend_B","Defend_B","Defend_B","Zap+1","Dualcast","Sweeping Beam","Gash","Rebound","Loop+1","Undo","Redo+1","Seek","Leap","Ball Lightning","Streamline","Decay","Barrage","FTL","Self Repair","Core Surge","Gash","Loop","Cold Snap+1"],"relics":["Cracked Core","Ice Cream","FaceOfCleric","Mercury Hourglass","MealTicket","Membership Card","Inserter","Sling","White Beast Statue","Happy Flower","Mummified Hand"],"acts_visited":["Exordium","TheCity"],"potions_floor_usage":[],"damage_taken":[{"damage":1.0,"enemies":"Cultist","floor":1.0,"turns":3.0},{"damage":13.0,"enemies":"Jaw Worm","floor":3.0,"turns":4.0},{"damage":8.0,"enemies":"Small Slimes","floor":4.0,"turns":3.0},{"damage":25.0,"enemies":"3 Sentries","floor":7.0,"turns":6.0},{"damage":22.0,"enemies":"Exordium Wildlife","floor":11.0,"turns":4.0},{"damage":17.0,"enemies":"Lagavulin","floor":13.0,"turns":6.0},{"damage":37.0,"enemies":"Hexaghost","floor":16.0,"turns":9.0},{"damage":16.0,"enemies":"Spheric Guardian","floor":18.0,"turns":4.0},{"damage":0.0,"enemies":"Chosen","floor":21.0,"turns":4.0},{"damage":34.0,"enemies":"Gremlin Leader","floor":24.0,"turns":7.0},{"damage":13.0,"enemies":"Centurion and Healer","floor":25.0,"turns":6.0},{"damage":34.0,"enemies":"Book of Stabbing","floor":28.0,"turns":4.0},{"damage":34,"enemies":"Snecko","floor":31,"turns":5},{"damage":117,"enemies":"Champ","floor":33,"turns":9}],"seed_played":"-3597779557085225847","potions_obtained":[{"floor":3.0,"key":"FairyPotion"},{"floor":11.0,"key":"DuplicationPotion"},{"floor":13.0,"key":"Block Potion"},{"floor":16.0,"key":"PotionOfCapacity"},{"floor":18.0,"key":"DistilledChaos"},{"floor":25.0,"key":"Regen Potion"},{"floor":28.0,"key":"GamblersBrew"},{"floor":31,"key":"BlessingOfTheForge"}],"is_trial":false,"path_per_floor":["M","?","M","M","$","R","E","?","T","R","M","R","E","$","R","B",null,"M","?","$","M","?","R","E","M","T","R","E","R","$","M","R","B"],"character_chosen":"DEFECT","items_purchased":["Loop","Undo","Membership Card","Ball Lightning","Sling","Core Surge","Gash","Loop"],"campfire_rested":6,"item_purchase_floors":[5,5,14,20,20,30,30,30],"current_hp_per_floor":[67,67,54,46,46,68,43,43,43,65,44,44,28,43,66,30,66,51,51,66,67,67,67,34,22,22,46,18,42,57,31,56,0,0],"gold":78,"neow_bonus":"UPGRADE_CARD","is_daily":false,"chose_seed":false,"campfire_upgraded":2,"win_rate":0.0,"timestamp":1613174535,"path_taken":["M","?","M","M","$","R","E","?","T","R","?","R","E","?","R","BOSS","M","?","$","M","?","R","E","M","T","R","E","R","?","?","R","BOSS"],"items_purchased_type":["Card","Card","Relic","Card","Relic","Card","Card","Card"],"build_version":"2020-12-22","purchased_purges":2,"victory":false,"max_hp_per_floor":[75,75,75,75,75,75,75,75,75,75,76,76,77,77,77,78,78,79,79,79,80,80,80,81,82,82,82,83,83,83,84,84,84,84],"relic_stats":{"Inserter":[19],"FaceOfCleric":9,"Happy Flower":[6],"counters":[14,71],"Mummified Hand":[10],"MealTicket":45,"obtain_stats":[{"Ice Cream":7,"Inserter":17,"FaceOfCleric":8,"Happy Flower":26,"Mummified Hand":28,"MealTicket":13,"Membership Card":14,"Cracked Core":0,"Sling":20,"White Beast Statue":24,"Mercury Hourglass":9},{"Ice Cream":4,"Inserter":7,"FaceOfCleric":4,"Happy Flower":11,"Mummified Hand":12,"MealTicket":6,"Membership Card":6,"Cracked Core":0,"Sling":8,"White Beast Statue":10,"Mercury Hourglass":4},{"Ice Cream":15,"Inserter":33,"FaceOfCleric":15,"Happy Flower":54,"Mummified Hand":58,"MealTicket":24,"Membership Card":24,"Cracked Core":0,"Sling":37,"White Beast Statue":48,"Mercury Hourglass":15}],"Mercury Hourglass":[189]},"card_choices":[{"not_picked":["Beam Cell","Stack"],"picked":"Sweeping Beam","floor":1.0},{"not_picked":["Redo","Undo"],"picked":"Gash","floor":3.0},{"not_picked":["Turbo","Recycle"],"picked":"Rebound","floor":4.0},{"not_picked":["Hello World","Turbo","Hyperbeam"],"picked":"SKIP","floor":7.0},{"not_picked":["Undo","Rebound","Turbo"],"picked":"SKIP","floor":11.0},{"not_picked":["Aggregate","Conserve Battery"],"picked":"Redo","floor":13.0},{"not_picked":["Reboot","Buffer"],"picked":"Seek","floor":16.0},{"not_picked":["Redo","Conserve Battery"],"picked":"Leap","floor":18.0},{"not_picked":["Undo","Genetic Algorithm"],"picked":"Streamline","floor":21.0},{"not_picked":["Steam+1","Darkness"],"picked":"Barrage","floor":24.0},{"not_picked":["Blizzard","Fusion"],"picked":"FTL","floor":25.0},{"not_picked":["Redo+1","Genetic Algorithm"],"picked":"Self Repair","floor":28.0},{"not_picked":["Leap","Sweeping Beam"],"picked":"Cold Snap+1","floor":31}],"player_experience":435309,"relics_obtained":[{"floor":7.0,"key":"Ice Cream"},{"floor":9.0,"key":"Mercury Hourglass"},{"floor":13.0,"key":"MealTicket"},{"floor":24.0,"key":"White Beast Statue"},{"floor":26.0,"key":"Happy Flower"},{"floor":28.0,"key":"Mummified Hand"}],"event_choices":[{"damage_healed":0.0,"max_hp_gain":0.0,"max_hp_loss":0.0,"gold_gain":175.0,"event_name":"Liars Game","player_choice":"AGREE","floor":2.0,"gold_loss":0.0,"damage_taken":0.0,"cards_obtained":["Doubt"]},{"damage_healed":0.0,"max_hp_gain":0.0,"max_hp_loss":0.0,"gold_gain":0.0,"event_name":"FaceTrader","player_choice":"Trade","floor":8.0,"gold_loss":0.0,"damage_taken":0.0,"relics_obtained":["FaceOfCleric"]},{"damage_healed":0.0,"max_hp_gain":0.0,"max_hp_loss":0.0,"gold_gain":0.0,"event_name":"Ghosts","player_choice":"Ignored","floor":19.0,"gold_loss":0.0,"damage_taken":0.0},{"damage_healed":0.0,"max_hp_gain":0.0,"max_hp_loss":0.0,"gold_gain":0.0,"event_name":"Forgotten Altar","player_choice":"Smashed Altar","floor":22.0,"gold_loss":0.0,"damage_taken":0.0,"cards_obtained":["Decay"]}],"is_beta":false,"boss_relics":[{"not_picked":["Nuclear Battery","Empty Cage"],"picked":"Inserter"}],"items_purged_floors":[5,20],"is_endless":false,"potions_floor_spawned":[3,11,13,16,18,25,28,31],"killed_by":"Champ","ascension_level":7}}