{"host":"86nc795wsqxyrbm0","time":1613223779,"event":{"mods":["AchievementEnabler","BaseMod","Colored Map","Minty Spire (QoL Compilation)","StSLib"],"gold_per_floor":[113,124,124,143,153,153,182,182,182,197,197,197,214,245,245,346,346,346,346,346,346,346,346,346,346,346,346,346,346,346,195,195,195,195,195,195,195,195,195,195,195,195],"floor_reached":41,"language":"ENG","playtime":2509,"items_purged":["Survivor"],"score":785,"play_id":"4c594383-575c-4127-ad9e-710e58400bd1","local_time":"20210213134259","is_ascension_mode":true,"campfire_choices":[{"data":"Dash","floor":6,"key":"SMITH"},{"floor":8,"key":"REST"},{"data":"Neutralize","floor":15,"key":"SMITH"},{"data":"Corpse Explosion","floor":23,"key":"SMITH"},{"data":"Backstab","floor":27,"key":"SMITH"},{"data":"Accuracy","floor":32,"key":"SMITH"},{"floor":40,"key":"REST"}],"circlet_count":0,"master_deck":["Strike_G+1","Strike_G+1","Strike_G+1","Strike_G+1","Defend_G+1","Defend_G+1","Defend_G+1","Defend_G+1","Defend_G+1","Neutralize+1","Dash+1","Blur","Backflip","Dagger Throw","Backstab+1","Corpse Explosion+1","Poisoned Stab+1","Blur+1","Cloak And Dagger+1","Accuracy+1","Deadly Poison+1"],"relics":["Ring of the Snake","Vajra","Whetstone","Oddly Smooth Stone","Eternal Feather","Singing Bowl","Ectoplasm","MutagenicStrength","Ancient Tea Set","MealTicket","Tiny Chest","Turnip","Empty Cage"],"acts_visited":["Exordium","TheCity","TheBeyond"],"potions_floor_usage":[14,28,30,33,38,41],"damage_taken":[{"damage":0,"enemies":"Cultist","floor":1,"turns":4},{"damage":4,"enemies":"Small Slimes","floor":2,"turns":3},{"damage":0,"enemies":"2 Louse","floor":4,"turns":3},{"damage":0,"enemies":"Looter","floor":5,"turns":4},{"damage":2,"enemies":"3 Sentries","floor":7,"turns":8},{"damage":15,"enemies":"Large Slime","floor":10,"turns":6},{"damage":0,"enemies":"Blue Slaver","floor":13,"turns":4},{"damage":6,"enemies":"Gremlin Nob","floor":14,"turns":4},{"damage":12,"enemies":"The Guardian","floor":16,"turns":17},{"damage":1,"enemies":"Shell Parasite","floor":18,"turns":6},{"damage":0,"enemies":"Chosen","floor":21,"turns":4},{"damage":0,"enemies":"Centurion and Healer","floor":24,"turns":4},{"damage":0,"enemies":"Gremlin Leader","floor":25,"turns":6},{"damage":0,"enemies":"Slavers","floor":28,"turns":1},{"damage":21,"enemies":"Snecko","floor":29,"turns":5},{"damage":0,"enemies":"Book of Stabbing","floor":30,"turns":7},{"damage":73,"enemies":"Automaton","floor":33,"turns":14},{"damage":7,"enemies":"3 Darklings","floor":35,"turns":4},{"damage":18,"enemies":"3 Shapes","floor":37,"turns":2},{"damage":40,"enemies":"Transient","floor":38,"turns":5},{"damage":70,"enemies":"Reptomancer","floor":41,"turns":5}],"seed_played":"-7246431204007695367","potions_obtained":[{"floor":1,"key":"SmokeBomb"},{"floor":2,"key":"PowerPotion"},{"floor":13,"key":"FearPotion"},{"floor":14,"key":"FairyPotion"},{"floor":18,"key":"SpeedPotion"},{"floor":29,"key":"AttackPotion"},{"floor":35,"key":"Explosive Potion"},{"floor":37,"key":"Energy Potion"},{"floor":38,"key":"Fire Potion"}],"is_trial":false,"path_per_floor":["M","M","$","M","M","R","E","R","T","M","T","?","M","E","R","B",null,"M","?","?","M","?","R","M","E","T","R","E","M","E","$","R","B",null,"M","?","M","M","?","R","E"],"character_chosen":"THE_SILENT","items_purchased":["Accuracy"],"campfire_rested":2,"item_purchase_floors":[31],"current_hp_per_floor":[63,59,59,59,59,59,57,70,70,55,55,48,48,44,53,41,64,63,63,63,65,65,74,76,76,76,76,76,55,55,70,76,5,60,53,55,39,26,26,63,0,0],"gold":195,"neow_bonus":"RANDOM_COMMON_RELIC","is_daily":false,"chose_seed":false,"campfire_upgraded":5,"win_rate":0.0,"timestamp":1613223779,"path_taken":["M","M","?","M","M","R","E","R","T","M","?","?","M","E","R","BOSS","M","?","?","M","?","R","M","E","T","R","E","M","E","$","R","BOSS","M","?","M","M","?","R","E"],"items_purchased_type":["Card"],"build_version":"2020-12-22","purchased_purges":1,"victory":false,"max_hp_per_floor":[70,70,70,70,70,70,70,70,70,70,70,70,70,72,72,72,72,72,72,72,74,74,74,76,76,76,76,76,76,76,76,76,78,78,78,80,82,84,84,84,84,84],"card_choices":[{"not_picked":["Calculated Gamble","Infinite Blades"],"picked":"Dash","floor":1},{"not_picked":["PiercingWail","Dodge and Roll"],"picked":"Blur","floor":2},{"not_picked":["Slice","Skewer"],"picked":"Backflip","floor":4},{"not_picked":["Deadly Poison","Choke"],"picked":"Dagger Throw","floor":5},{"not_picked":["Finisher","Envenom"],"picked":"PiercingWail","floor":7},{"not_picked":["Acrobatics","Choke","Dagger Spray"],"picked":"SKIP","floor":10},{"not_picked":["Predator","Dagger Throw"],"picked":"Backstab","floor":13},{"not_picked":["Dagger Spray","Outmaneuver","Catalyst"],"picked":"Singing Bowl","floor":14},{"not_picked":["Die Die Die","Phantasmal Killer"],"picked":"Corpse Explosion","floor":16},{"not_picked":["Well Laid Plans+1","Crippling Poison+1"],"picked":"Poisoned Stab+1","floor":18},{"not_picked":["Predator","Calculated Gamble+1","Slice"],"picked":"Singing Bowl","floor":21},{"not_picked":["Blur+1","Outmaneuver","Sucker Punch"],"picked":"Singing Bowl","floor":24},{"not_picked":["Leg Sweep","All Out Attack"],"picked":"Blur+1","floor":25},{"not_picked":["Dagger Spray","Prepared"],"picked":"Cloak And Dagger+1","floor":28},{"not_picked":["Deadly Poison","Blade Dance"],"picked":"Accuracy+1","floor":29},{"not_picked":["After Image","Tools of the Trade"],"picked":"Bouncing Flask","floor":30},{"not_picked":["Tools of the Trade","Malaise","Glass Knife"],"picked":"Singing Bowl","floor":33},{"not_picked":["Masterful Stab+1","Well Laid Plans+1"],"picked":"Deadly Poison+1","floor":35},{"not_picked":["Apotheosis","Sadistic Nature","Metamorphosis"],"picked":"Singing Bowl","floor":36},{"not_picked":["Deadly Poison","Expertise+1","Bane+1"],"picked":"Singing Bowl","floor":37},{"not_picked":["Sucker Punch","Underhanded Strike+1","Dagger Spray"],"picked":"Singing Bowl","floor":38}],"player_experience":561665,"relics_obtained":[{"floor":7,"key":"Whetstone"},{"floor":9,"key":"Oddly Smooth Stone"},{"floor":11,"key":"Eternal Feather"},{"floor":14,"key":"Singing Bowl"},{"floor":25,"key":"Ancient Tea Set"},{"floor":26,"key":"MealTicket"},{"floor":28,"key":"Tiny Chest"},{"floor":30,"key":"Turnip"}],"event_choices":[{"cards_removed":["Strike_G"],"damage_healed":0,"gold_gain":0,"player_choice":"Card Removal","damage_taken":7,"max_hp_gain":0,"max_hp_loss":0,"event_name":"Golden Wing","floor":12,"gold_loss":0},{"damage_healed":0,"gold_gain":0,"player_choice":"Simplicity","damage_taken":0,"max_hp_gain":0,"max_hp_loss":0,"event_name":"Back to Basics","floor":19,"gold_loss":0,"cards_upgraded":["Strike_G","Strike_G","Defend_G","Defend_G","Defend_G","Defend_G","Defend_G"]},{"damage_healed":0,"gold_gain":0,"player_choice":"Ignored","damage_taken":0,"max_hp_gain":0,"max_hp_loss":0,"event_name":"Vampires","floor":20,"gold_loss":0},{"damage_healed":0,"gold_gain":0,"player_choice":"Inject Mutagens","damage_taken":0,"relics_obtained":["MutagenicStrength"],"max_hp_gain":0,"max_hp_loss":0,"event_name":"Drug Dealer","floor":22,"gold_loss":0},{"damage_healed":0,"gold_gain":0,"player_choice":"Memory 1","damage_taken":0,"max_hp_gain":0,"max_hp_loss":0,"event_name":"SensoryStone","floor":36,"gold_loss":0},{"cards_removed":["Accuracy"],"damage_healed":0,"gold_gain":0,"player_choice":"Removed Power","damage_taken":0,"max_hp_gain":0,"max_hp_loss":0,"event_name":"Falling","floor":39,"gold_loss":0}],"is_beta":false,"boss_relics":[{"not_picked":["Runic Pyramid","Snecko Eye"],"picked":"Ectoplasm"},{"not_picked":["HoveringKite","Ring of the Serpent"],"picked":"Empty Cage"}],"items_purged_floors":[31],"is_endless":false,"potions_floor_spawned":[1,2,13,14,18,21,29,35,37,38],"killed_by":"Reptomancer","ascension_level":8}}