{"host":"ydg0vn0pu4pubmdt","time":1613211370,"event":{"mods":["AchievementEnabler","BaseMod","Colored Map","Gold Saver","Minty Spire (QoL Compilation)","Quick Restart","SuperFastMode"],"gold_per_floor":[113,113,188,338,11,11,44,44,44,72,91,91,107,107,107,185,185,201,214,214,233,46,46,58,58,128,128,143,18,18,18,18,18,18],"floor_reached":33,"language":"KOR","playtime":754,"items_purged":["Doubt","Barricade","Flex"],"score":602,"play_id":"bf2656bf-0101-4585-a65e-8c1c361fd6d1","local_time":"20210213191610","is_ascension_mode":true,"campfire_choices":[{"data":"Battle Trance","floor":6,"key":"SMITH"},{"data":"Dropkick","floor":8,"key":"SMITH"},{"data":"Evolve","floor":12,"key":"SMITH"},{"floor":15,"key":"RECALL"},{"data":"Blood for Blood","floor":23,"key":"SMITH"},{"floor":25,"key":"REST"},{"data":"Barricade","floor":27,"key":"SMITH"},{"floor":32,"key":"REST"}],"circlet_count":0,"master_deck":["AscendersBane","Bash","Battle Trance+1","Dropkick+1","Evolve+1","Armaments+1","Barricade+1","Flame Barrier","Hemokinesis","Seeing Red","Thunderclap","Disarm","Blood for Blood+1","Brutality","True Grit+1","Second Wind","Burning Pact+1","Dropkick"],"relics":["Burning Blood","NeowsBlessing","Medical Kit","Orichalcum","Paper Frog","WingedGreaves","Pandora\u0027s Box","Sundial","Eternal Feather"],"acts_visited":["Exordium","TheCity"],"potions_floor_usage":[19,21,33],"damage_taken":[{"damage":0,"enemies":"2 Louse","floor":1,"turns":1},{"damage":0,"enemies":"Lagavulin","floor":7,"turns":1},{"damage":0,"enemies":"Gremlin Nob","floor":10,"turns":1},{"damage":4,"enemies":"Small Slimes","floor":11,"turns":4},{"damage":0,"enemies":"Cultist","floor":13,"turns":3},{"damage":78,"enemies":"Slime Boss","floor":16,"turns":14},{"damage":16,"enemies":"2 Thieves","floor":18,"turns":3},{"damage":18,"enemies":"Spheric Guardian","floor":19,"turns":4},{"damage":24,"enemies":"Chosen and Byrds","floor":21,"turns":4},{"damage":26,"enemies":"3 Cultists","floor":24,"turns":5},{"damage":18,"enemies":"Snake Plant","floor":28,"turns":4},{"damage":72,"enemies":"Automaton","floor":33,"turns":11}],"seed_played":"-2301921175153960859","potions_obtained":[{"floor":1,"key":"BloodPotion"},{"floor":7,"key":"PowerPotion"},{"floor":19,"key":"Regen Potion"},{"floor":21,"key":"GamblersBrew"}],"is_trial":false,"path_per_floor":["M","?","?","?","$","R","E","R","T","E","M","R","M","?","R","B",null,"M","M","T","M","$","R","M","R","T","R","M","$","?","$","R","B"],"character_chosen":"IRONCLAD","items_purchased":["Medical Kit","Dropkick","Second Wind"],"campfire_rested":2,"item_purchase_floors":[5,5,22],"current_hp_per_floor":[74,79,68,68,68,68,74,74,74,80,80,80,80,80,80,8,62,52,56,56,38,38,38,18,42,42,51,39,39,39,39,72,0,0],"gold":18,"neow_bonus":"THREE_ENEMY_KILL","is_daily":false,"chose_seed":false,"campfire_upgraded":5,"win_rate":0.0,"timestamp":1613211370,"path_taken":["M","?","?","?","$","R","E","R","T","E","M","R","M","?","R","BOSS","M","M","?","M","$","R","M","R","T","R","M","$","?","$","R","BOSS"],"items_purchased_type":["Relic","Card","Card"],"build_version":"2020-12-22","purchased_purges":3,"victory":false,"max_hp_per_floor":[75,80,80,80,80,80,80,80,80,80,80,80,80,80,80,80,80,80,80,80,80,80,80,80,80,80,80,80,80,80,80,80,80,80],"card_choices":[{"not_picked":["Sword Boomerang","Clash"],"picked":"Battle Trance","floor":1},{"not_picked":["Heavy Blade","Dual Wield","Reckless Charge"],"picked":"SKIP","floor":7},{"not_picked":["Perfected Strike","Twin Strike","Warcry"],"picked":"SKIP","floor":10},{"not_picked":["Rage","Cleave"],"picked":"Evolve","floor":11},{"not_picked":["Body Slam","Entrench"],"picked":"Armaments","floor":13},{"not_picked":["Double Tap","Demon Form"],"picked":"Barricade","floor":16},{"not_picked":["Hemokinesis","Pummel","Spot Weakness"],"picked":"SKIP","floor":18},{"not_picked":["Clash","Heavy Blade","Combust+1"],"picked":"SKIP","floor":19},{"not_picked":["Power Through","Disarm"],"picked":"True Grit+1","floor":21},{"not_picked":["Warcry","Cleave"],"picked":"Burning Pact+1","floor":24},{"not_picked":["Perfected Strike","Body Slam"],"picked":"Dropkick","floor":28}],"player_experience":542476,"relics_obtained":[{"floor":7,"key":"Orichalcum"},{"floor":9,"key":"Paper Frog"},{"floor":10,"key":"WingedGreaves"},{"floor":20,"key":"Sundial"},{"floor":26,"key":"Eternal Feather"}],"event_choices":[{"damage_healed":0,"gold_gain":0,"player_choice":"Donut","damage_taken":0,"max_hp_gain":5,"max_hp_loss":0,"event_name":"Big Fish","floor":2,"gold_loss":0},{"damage_healed":0,"gold_gain":75,"player_choice":"Gather Gold","damage_taken":11,"max_hp_gain":0,"max_hp_loss":0,"event_name":"World of Goop","floor":3,"gold_loss":0},{"damage_healed":0,"gold_gain":150,"player_choice":"AGREE","damage_taken":0,"max_hp_gain":0,"max_hp_loss":0,"event_name":"Liars Game","floor":4,"gold_loss":0,"cards_obtained":["Doubt"]},{"damage_healed":0,"gold_gain":0,"player_choice":"Upgraded","damage_taken":0,"max_hp_gain":0,"max_hp_loss":0,"event_name":"Upgrade Shrine","floor":14,"gold_loss":0,"cards_upgraded":["Armaments"]}],"is_beta":false,"boss_relics":[{"not_picked":["SacredBark","Mark of Pain"],"picked":"Pandora\u0027s Box"}],"items_purged_floors":[5,22,29],"is_endless":false,"potions_floor_spawned":[1,7,11,19,21],"killed_by":"Automaton","ascension_level":20}}