{"host":"ocll6kdfqxraqtza","time":1613198192,"event":{"mods":["2.2 Compatiblity","Act Like it!","Arknights","Aspiration","BaseMod","Better Third Choice","Gensokyo","Hallownest","Hermit","Hubris","Jorbs\u0027s Wanderer Trilogy","Luminous","Marisa（霧雨　魔理沙）","Minty Spire (QoL Compilation)","Reimu（博??梦）","Reliquary","Replay The Spire","Shade Mod","StSLib","The Alterego","The Bug Knight","The Cursed","The Hierophant","The Marked","The Runesmith","TheBandit","Wandering Minibosses"],"gold_per_floor":[111,111,111,111,111,111,150,176,176,199,199,237,237,367,367,385,345,345,270,303,303,303,303],"floor_reached":25,"language":"ENG","playtime":573,"items_purged":["Strike_B"],"score":321,"play_id":"7c2e2b35-2086-450e-b13f-0b0578a7fff9","local_time":"20210213143632","is_ascension_mode":true,"campfire_choices":[{"data":"hubris:DuctTapeCard","floor":6,"key":"SMITH"},{"data":"Conserve Battery","floor":10,"key":"SMITH"},{"data":"Gash","floor":12,"key":"SMITH"},{"data":"Reinforced Body","floor":15,"key":"SMITH"},{"data":"Loop","floor":24,"key":"SMITH"}],"circlet_count":0,"master_deck":["Strike_B","Strike_B","Defend_B","Defend_B","Defend_B","Ball Lightning","Ball Lightning","Loop+1","Steam","FIFO Queue","hubris:DuctTapeCard+2","Conserve Battery+1","Gash+1","Reinforced Body+1","Mirror Shield+1","Gash","BasicCrystalCard+1"],"relics":["Cracked Core","Golden Idol","hubris:DuctTape","hubris:Teleporter","ReplayTheSpireMod:Lightbulb","hubris:Potato","ChewingGum","hubris:Towel","Smiling Mask","Frozen Eye"],"acts_visited":["Exordium","Gensokyo:Gensokyoer"],"potions_floor_usage":[25],"damage_taken":[{"damage":6,"enemies":"ats:Genji","floor":1,"turns":5},{"damage":12,"enemies":"HollowMod:MossKnight","floor":7,"turns":5},{"damage":6,"enemies":"2 Louse","floor":11,"turns":2},{"damage":2,"enemies":"Replay:BlueRogue","floor":13,"turns":5},{"damage":0,"enemies":"The Guardian","floor":16,"turns":8},{"damage":0,"enemies":"Gensokyo:AngelMirror","floor":18,"turns":3},{"damage":15,"enemies":"Gensokyo:Reisen","floor":23,"turns":9},{"damage":60,"enemies":"Gensokyo:Koishi","floor":25,"turns":4}],"seed_played":"6000131889915653144","potions_obtained":[{"floor":7,"key":"Regen Potion"},{"floor":11,"key":"Adrenaline Potion"},{"floor":13,"key":"EssenceOfDarkness"}],"is_trial":false,"path_per_floor":["M","?","?","T","?","R","E","T","R","M","R","E","R","B",null,"M","?","?","$","E","R","E"],"character_chosen":"DEFECT","items_purchased":[],"campfire_rested":0,"item_purchase_floors":[],"current_hp_per_floor":[48,30,30,30,75,75,63,63,63,57,57,55,55,55,75,75,75,75,75,60,60,0,0],"gold":303,"neow_bonus":"REMOVE_TWO","is_daily":false,"chose_seed":false,"campfire_upgraded":5,"win_rate":0.0,"timestamp":1613198192,"path_taken":["M","?","?","?","?","R","E","T","R","?","R","E","R","BOSS","M","?","?","$","E","R","E"],"items_purchased_type":[],"build_version":"2020-12-22","purchased_purges":1,"victory":false,"max_hp_per_floor":[75,75,75,75,75,75,75,75,75,75,75,75,75,75,75,75,75,75,75,75,75,75,75],"card_choices":[{"not_picked":["Cold Snap","ReplayTheSpireMod:System Scan"],"picked":"Ball Lightning","floor":1},{"not_picked":["Sweeping Beam","BasicCrystalCard"],"picked":"Conserve Battery","floor":7},{"not_picked":["Conserve Battery","Force Field"],"picked":"Gash","floor":11},{"not_picked":["Sunder","Beam Cell"],"picked":"Reinforced Body","floor":13},{"not_picked":["hubris:DoWhile","Seek"],"picked":"Mirror Shield","floor":16},{"not_picked":["Cold Snap","BootSequence"],"picked":"Gash","floor":18},{"not_picked":["Biased Cognition","Rebound+1"],"picked":"BasicCrystalCard+1","floor":23}],"player_experience":532735,"relics_obtained":[{"floor":4,"key":"hubris:DuctTape"},{"floor":7,"key":"hubris:Teleporter"},{"floor":9,"key":"ReplayTheSpireMod:Lightbulb"},{"floor":13,"key":"hubris:Potato"},{"floor":23,"key":"Smiling Mask"}],"event_choices":[{"damage_healed":0,"gold_gain":0,"player_choice":"Take Damage","damage_taken":18,"relics_obtained":["Golden Idol"],"max_hp_gain":0,"max_hp_loss":0,"event_name":"Golden Idol","floor":2,"gold_loss":0},{"cards_removed":["ReplayTheSpireMod:Repulse"],"damage_healed":45,"gold_gain":0,"player_choice":"Offered Uncommon","damage_taken":0,"max_hp_gain":0,"max_hp_loss":0,"event_name":"Bonfire Elementals","floor":5,"gold_loss":0}],"is_beta":false,"boss_relics":[{"not_picked":["aspiration:RunicSpoon","aspiration:MobileForge"],"picked":"ChewingGum"}],"items_purged_floors":[21],"is_endless":false,"potions_floor_spawned":[7,11,13],"killed_by":"Gensokyo:Koishi","ascension_level":4}}