{"host":"o221npfsfw6z66k1","time":1613194906,"event":{"mods":["BaseMod","Downfall","Googly Eyes","Hermit","Hero for Fun","Minty Spire (QoL Compilation)","Random Character Button","Replay The Spire","Robot Space Explorer","StSLib","The Animator","The Cursed","The Hierophant","The Jungle","The Runesmith","The Servant 0.9.4"],"gold_per_floor":[14,14,24,34,34,34,44,78,78,78,181,181,191,221,221,320,320,339,339,353,353,364,394,394,394,463,476,511,511,511,525,525,625,675,686,706,706,706,719,754,804,815,815,830,861,892,923,947,959,971,983,995,670,695,695],"floor_reached":56,"language":"ENG","playtime":1316,"items_purged":["Defend_Y"],"score":1761,"play_id":"fc1dde1a-f836-4bd3-8b40-64d6e11f789c","local_time":"20210212224146","is_ascension_mode":false,"campfire_choices":[{"data":"Ignore","floor":6,"key":"SMITH"},{"data":"Wear_Disguise","floor":15,"key":"SMITH"},{"floor":25,"key":"RECALL"},{"floor":30,"key":"REST"},{"floor":32,"key":"DIG"},{"floor":49,"key":"REST"},{"floor":52,"key":"REST"}],"circlet_count":0,"master_deck":["Strike_Y","Strike_Y","Strike_Y","Strike_Y","Strike_Y+1","Defend_Y","Defend_Y+1","Defend_Y","Consecutive_Normal_Punch","Do_Nothing","Ignore+1","Side_Hop","Toss_Stone","Terrifying_Presence","Yawn","Normal_Punch","Wear_Disguise+1","Get_Hopes_Up+1","Side_Hop+1","Slap+1","Do_Nothing+1","Normal_Punch","Serious_Punch","Oh+1","Slap+1","ReplayTheSpireMod:Restless Dread","Consecutive_Normal_Punch+1","Slap","Normal_Punch","Slap","Normal_Punch","Toss_Stone","Toss_Stone+1","Slap"],"relics":["Cape","NlothsMask","Replay:Baseball","Garlic","Ginger","Fusion Hammer","PreservedInsect","War Paint","theJungle:WildMango","Replay:Mystery Machine","Tiny House","Ring of Peace","Ring of Chaos","Boot","Unceasing Top","Calipers","MawBank","Guide Book","Replay:Arrowhead"],"acts_visited":["Exordium","theJungle:Jungle","TheBeyond","TheEnding"],"potions_floor_usage":[55,55,55],"damage_taken":[{"damage":0,"enemies":"2 Louse","floor":1,"turns":1},{"damage":0,"enemies":"Cultist","floor":3,"turns":1},{"damage":0,"enemies":"Small Slimes","floor":4,"turns":1},{"damage":0,"enemies":"3 Louse","floor":7,"turns":1},{"damage":0,"enemies":"Gremlin Nob","floor":8,"turns":1},{"damage":0,"enemies":"Exordium Wildlife","floor":13,"turns":2},{"damage":0,"enemies":"Replay:BlueRogue","floor":14,"turns":3},{"damage":0,"enemies":"The Guardian","floor":16,"turns":3},{"damage":0,"enemies":"theJungle:GiantWrat","floor":18,"turns":1},{"damage":0,"enemies":"theJungle:MUSHROOMGANG","floor":20,"turns":1},{"damage":0,"enemies":"theJungle:SlimyTreeVines","floor":22,"turns":1},{"damage":0,"enemies":"theJungle:MamaSnecko","floor":23,"turns":2},{"damage":0,"enemies":"theJungle:Snecko_Cultist_And_Trap","floor":27,"turns":1},{"damage":0,"enemies":"theJungle:2_Phrogs","floor":28,"turns":1},{"damage":0,"enemies":"theJungle:Lyon","floor":31,"turns":1},{"damage":0,"enemies":"theJungle:FunGuy","floor":33,"turns":1},{"damage":0,"enemies":"Orb Walker","floor":35,"turns":2},{"damage":0,"enemies":"3 Darklings","floor":36,"turns":2},{"damage":0,"enemies":"Spire Growth","floor":39,"turns":1},{"damage":0,"enemies":"Reptomancer","floor":40,"turns":1},{"damage":0,"enemies":"Mind Bloom Boss Battle","floor":41,"turns":1},{"damage":0,"enemies":"Writhing Mass","floor":42,"turns":1},{"damage":0,"enemies":"Jaw Worm Horde","floor":44,"turns":1},{"damage":0,"enemies":"Giant Head","floor":45,"turns":1},{"damage":0,"enemies":"Sphere and 2 Shapes","floor":46,"turns":1},{"damage":0,"enemies":"Transient","floor":47,"turns":1},{"damage":0,"enemies":"Maw","floor":48,"turns":1},{"damage":0,"enemies":"Awakened One","floor":50,"turns":2},{"damage":0,"enemies":"Shield and Spear","floor":54,"turns":1},{"damage":0,"enemies":"The Heart","floor":55,"turns":12}],"seed_played":"3877202221975670311","potions_obtained":[{"floor":1,"key":"Venom Potion"},{"floor":13,"key":"Ancient Potion"},{"floor":14,"key":"LiquidBronze"}],"is_trial":false,"path_per_floor":["M","?","M","M","$","R","M","E","T","?","?","?","M","E","R","B",null,"M","?","M","$","M","E","?","R","T","M","E","?","R","M","R","B",null,"M","M","?","?","M","E","?","M","T","M","E","M","M","M","R","B",null,"R","$","E","B",null],"character_chosen":"OPM","items_purchased":["Toss_Stone+1","Guide Book","Slap"],"campfire_rested":3,"item_purchase_floors":[53,53,53],"current_hp_per_floor":[1098,1098,1098,1098,1098,1098,1098,1098,1098,1098,1098,1098,1098,1098,1098,1098,1098,1098,1098,1098,1098,1098,1098,1098,1098,1098,1098,1098,1112,1112,1112,1112,1112,1117,1117,1117,1117,1117,1117,1117,1117,1117,1117,1117,1117,1117,1117,1117,1117,1117,1117,1117,1117,1117,1117],"gold":695,"neow_bonus":"TEN_PERCENT_HP_BONUS","is_daily":false,"chose_seed":false,"campfire_upgraded":2,"win_rate":0.0,"timestamp":1613194906,"path_taken":["M","?","M","?","$","R","M","E","T","?","?","?","M","E","R","BOSS","M","?","M","$","M","E","?","R","T","M","E","?","R","M","R","BOSS","M","M","?","?","?","E","?","M","T","M","E","M","M","M","R","BOSS","R","$","E","BOSS"],"items_purchased_type":["Card","Relic","Card"],"build_version":"2020-12-22","purchased_purges":1,"victory":true,"max_hp_per_floor":[1098,1098,1098,1098,1098,1098,1098,1098,1098,1098,1098,1098,1098,1098,1098,1098,1098,1098,1098,1098,1098,1098,1098,1098,1098,1098,1098,1098,1112,1112,1112,1112,1112,1117,1117,1117,1117,1117,1117,1117,1117,1117,1117,1117,1117,1117,1117,1117,1117,1117,1117,1117,1117,1117,1117],"card_choices":[{"not_picked":["Toss_Stone","Yawn"],"picked":"Consecutive_Normal_Punch","floor":1},{"not_picked":["Toss_Stone","Slap"],"picked":"Do_Nothing","floor":3},{"not_picked":["Toss_Stone","Consecutive_Normal_Punch"],"picked":"Ignore","floor":4},{"not_picked":["Yawn","Hop"],"picked":"Side_Hop","floor":7},{"not_picked":["Consecutive_Normal_Punch","Normal_Punch"],"picked":"Toss_Stone","floor":8},{"not_picked":["Consecutive_Normal_Punch","Hop"],"picked":"Terrifying_Presence","floor":11},{"not_picked":["Slap","Toss_Stone"],"picked":"Hop","floor":11},{"not_picked":["Ignore","Side_Hop"],"picked":"Yawn","floor":11},{"not_picked":["Side_Hop","Do_Nothing"],"picked":"Normal_Punch","floor":13},{"not_picked":["Slap","Normal_Punch"],"picked":"Wear_Disguise","floor":14},{"not_picked":["Serious_Side_Hops","Hip_Strike"],"picked":"Get_Hopes_Up","floor":16},{"not_picked":["Hop","Normal_Punch"],"picked":"Side_Hop+1","floor":18},{"not_picked":["Ignore","Yawn"],"picked":"Slap+1","floor":20},{"not_picked":["Yawn+1","Ignore"],"picked":"Do_Nothing+1","floor":22},{"not_picked":["Ignore","Hop"],"picked":"Normal_Punch","floor":23},{"not_picked":["Hop","Toss_Stone","Consecutive_Normal_Punch"],"picked":"SKIP","floor":27},{"not_picked":["Slap","Normal_Punch"],"picked":"Serious_Punch","floor":28},{"not_picked":["Yawn","Side_Hop+1","Toss_Stone"],"picked":"SKIP","floor":31},{"not_picked":["Serious_Punch","Terrifying_Presence"],"picked":"Oh","floor":33},{"not_picked":["Hop+1","Consecutive_Normal_Punch+1","Yawn"],"picked":"SKIP","floor":35},{"not_picked":["Hop","Ignore"],"picked":"Slap+1","floor":36},{"not_picked":["Ignore","Hop+1"],"picked":"Consecutive_Normal_Punch+1","floor":39},{"not_picked":["Yawn+1","Do_Nothing+1"],"picked":"Slap","floor":40},{"not_picked":["Hop","Side_Hop+1"],"picked":"Normal_Punch","floor":42},{"not_picked":["Hip_Strike","Ignore+1","Wear_Disguise"],"picked":"SKIP","floor":44},{"not_picked":["Ignore+1","Yawn+1"],"picked":"Slap","floor":45},{"not_picked":["Hop+1","Toss_Stone"],"picked":"Normal_Punch","floor":46},{"not_picked":["Ignore+1","Side_Hop","Yawn"],"picked":"SKIP","floor":47},{"not_picked":["Yawn+1","Do_Nothing"],"picked":"Toss_Stone","floor":48},{"not_picked":["Get_Hopes_Up","Hop","Slap"],"picked":"SKIP","floor":54}],"player_experience":410900,"relics_obtained":[{"floor":8,"key":"Replay:Baseball"},{"floor":14,"key":"Ginger"},{"floor":23,"key":"PreservedInsect"},{"floor":28,"key":"War Paint"},{"floor":32,"key":"Replay:Mystery Machine"},{"floor":37,"key":"Ring of Peace"},{"floor":37,"key":"Ring of Chaos"},{"floor":40,"key":"Boot"},{"floor":41,"key":"Unceasing Top"},{"floor":43,"key":"Calipers"},{"floor":45,"key":"MawBank"},{"floor":54,"key":"Replay:Arrowhead"}],"event_choices":[{"damage_healed":0,"gold_gain":0,"player_choice":"Trade","damage_taken":0,"relics_obtained":["NlothsMask"],"max_hp_gain":0,"max_hp_loss":0,"event_name":"FaceTrader","floor":2,"gold_loss":0},{"damage_healed":0,"gold_gain":0,"player_choice":"Success","damage_taken":3,"relics_obtained":["Garlic"],"max_hp_gain":0,"max_hp_loss":0,"event_name":"Scrap Ooze","floor":10,"gold_loss":0},{"cards_removed":["Defend_Y"],"damage_healed":0,"gold_gain":0,"player_choice":"Forget","damage_taken":0,"max_hp_gain":0,"max_hp_loss":0,"event_name":"Living Wall","floor":12,"gold_loss":0},{"cards_removed":["Hop"],"damage_healed":5,"gold_gain":0,"player_choice":"Offered Common","damage_taken":0,"max_hp_gain":0,"max_hp_loss":0,"event_name":"Bonfire Elementals","floor":38,"gold_loss":0},{"cards_removed":["Hop"],"damage_healed":5,"gold_gain":0,"player_choice":"Offered Special","damage_taken":0,"max_hp_gain":0,"max_hp_loss":0,"event_name":"Bonfire Elementals","floor":38,"gold_loss":0},{"damage_healed":0,"gold_gain":0,"player_choice":"Fight","damage_taken":0,"max_hp_gain":0,"max_hp_loss":0,"event_name":"MindBloom","floor":41,"gold_loss":0}],"is_beta":false,"boss_relics":[{"not_picked":["ChewingGum","Replay:Bronze Core"],"picked":"Fusion Hammer"},{"not_picked":["Replay:Drink Me","Replay:Ancient Bell"],"picked":"Tiny House"}],"items_purged_floors":[53],"is_endless":false,"potions_floor_spawned":[1,13,14,18,22,23,31,35,39,41,46,47],"ascension_level":0}}