{"host":"f0gpob8hq9vgebej","time":1613236578,"event":{"mods":["AchievementEnabler","BaseMod","Minty Spire (QoL Compilation)","Quick Restart","SuperFastMode"],"gold_per_floor":[110,122,197,24,24,24,24,36,62,62,81,81,81],"floor_reached":12,"language":"KOR","playtime":375,"items_purged":[],"score":126,"play_id":"c0b510d2-0895-44af-af8c-6308b304fd51","local_time":"20210214021618","is_ascension_mode":true,"campfire_choices":[{"data":"Crippling Poison","floor":6.0,"key":"SMITH"}],"circlet_count":0,"master_deck":["AscendersBane","Strike_G","Strike_G","Strike_G","Strike_G","Strike_G","Defend_G","Defend_G","Defend_G","Defend_G","Defend_G","Survivor","Neutralize","Crippling Poison+1","Deadly Poison","Corpse Explosion","PiercingWail","Well Laid Plans"],"relics":["Ring of the Snake","Oddly Smooth Stone","Happy Flower","Centennial Puzzle"],"acts_visited":["Exordium"],"potions_floor_usage":[12],"damage_taken":[{"damage":0.0,"enemies":"Small Slimes","floor":1.0,"turns":3.0},{"damage":5.0,"enemies":"2 Louse","floor":2.0,"turns":3.0},{"damage":0.0,"enemies":"Cultist","floor":8.0,"turns":4.0},{"damage":10.0,"enemies":"Exordium Thugs","floor":11.0,"turns":5.0},{"damage":22,"enemies":"Gremlin Nob","floor":12,"turns":4}],"seed_played":"4829525664706695223","potions_obtained":[{"floor":1.0,"key":"LiquidMemories"}],"is_trial":false,"path_per_floor":["M","M","?","$","?","R","?","M","T","?","M","E"],"character_chosen":"THE_SILENT","items_purchased":["Corpse Explosion"],"campfire_rested":0,"item_purchase_floors":[4],"current_hp_per_floor":[59,54,43,43,43,43,43,43,43,38,28,6,6],"gold":81,"neow_bonus":"RANDOM_COMMON_RELIC","is_daily":false,"chose_seed":false,"campfire_upgraded":1,"win_rate":0.0,"timestamp":1613236578,"path_taken":["M","M","?","$","?","R","?","M","T","?","M","E"],"items_purchased_type":["Card"],"build_version":"2020-12-22","purchased_purges":0,"victory":false,"max_hp_per_floor":[66,66,66,66,66,66,66,66,66,66,66,66,66],"card_choices":[{"not_picked":["Catalyst","Acrobatics"],"picked":"Crippling Poison","floor":1.0},{"not_picked":["Prepared","Slice"],"picked":"Deadly Poison","floor":2.0},{"not_picked":["Acrobatics","Dagger Spray"],"picked":"PiercingWail","floor":8.0},{"not_picked":["Bane","Concentrate"],"picked":"Well Laid Plans","floor":11.0}],"player_experience":385550,"relics_obtained":[{"floor":9.0,"key":"Happy Flower"}],"event_choices":[{"damage_healed":0.0,"max_hp_gain":0.0,"max_hp_loss":0.0,"gold_gain":75.0,"event_name":"World of Goop","player_choice":"Gather Gold","floor":3.0,"gold_loss":0.0,"damage_taken":11.0},{"damage_healed":0.0,"max_hp_gain":0.0,"max_hp_loss":0.0,"gold_gain":0.0,"event_name":"Golden Idol","player_choice":"Ignored","floor":5.0,"gold_loss":0.0,"damage_taken":0.0},{"damage_healed":0.0,"max_hp_gain":0.0,"max_hp_loss":0.0,"gold_gain":0.0,"event_name":"Shining Light","player_choice":"Ignored","floor":7.0,"gold_loss":0.0,"damage_taken":0.0},{"damage_healed":0.0,"max_hp_gain":0.0,"max_hp_loss":0.0,"gold_gain":0.0,"event_name":"Scrap Ooze","player_choice":"Success","floor":10.0,"gold_loss":0.0,"damage_taken":5.0,"relics_obtained":["Centennial Puzzle"]}],"is_beta":false,"boss_relics":[],"items_purged_floors":[],"is_endless":false,"potions_floor_spawned":[1],"killed_by":"Gremlin Nob","ascension_level":17}}