{"host":"bjzqjr1ycgj8gt55","time":1613176021,"event":{"mods":["100% Spire Juice","BaseMod","Better Altar","Better Match","Better Sensory Stone","Better Skull","Better Third Choice","Better Vampires","Block Reminder","Colored Map","Colored Powertips","GifTheSpireLib","Hermit","Infinite Spire","Minty Spire (QoL Compilation)","Rare Cards Sparkle","Red Circlet Mod","Shade Mod","Shop Mod","Spicy Shops","StSLib","The Cursed","The Jungle","The Marked","The Necromancer","Waifu the Spire","everything is the same but u backflip on backflip","slay the spire mod where everything is the same but ironclad has a cowboy hat"],"gold_per_floor":[109,119,119,134,151,151,171,187,210,221,233,243,278,292,292,390,390,405,422,442,23,39,39,55,86,86,104,104,104,104,104,104,200,200,210,226,226,243,6,6,22,39,39,39,39,39,57,68,68,68,68,68,19,51,51,51],"floor_reached":55,"language":"ENG","playtime":2874,"items_purged":["TheCursedMod:Strike_TheCursed","TheCursedMod:Strike_TheCursed"],"score":676,"play_id":"676b79db-ffaa-44e4-b447-41f92b285f99","local_time":"20210212182701","is_ascension_mode":false,"campfire_choices":[{"data":"TheCursedMod:CleanUpWorkshop","floor":6.0,"key":"SMITH"},{"floor":15,"key":"REST"},{"floor":23,"key":"RECALL"},{"data":"TheCursedMod:Neurasthenia","floor":28,"key":"SMITH"},{"floor":32,"key":"REST"},{"floor":40,"key":"REST"},{"data":"TheCursedMod:SpitefulPlan","floor":44,"key":"SMITH"},{"floor":49,"key":"REST"},{"data":"TheCursedMod:ManaCirculation","floor":52,"key":"SMITH"}],"circlet_count":0,"master_deck":["TheCursedMod:Strike_TheCursed","TheCursedMod:Defend_TheCursed","TheCursedMod:Defend_TheCursed","TheCursedMod:Defend_TheCursed","TheCursedMod:Defend_TheCursed","TheCursedMod:CursedWand","TheCursedMod:CleanUpWorkshop+1","TheCursedMod:Dregs","TheCursedMod:DemonSword","TheCursedMod:CursedMace","TheCursedMod:CursedSpellbook","TheCursedMod:CursedBlade","TheCursedMod:WearCloak","TheCursedMod:CursedBlade","TheCursedMod:ManaBullet","TheCursedMod:Obscuration","TheCursedMod:CursedShiv","TheCursedMod:SpitefulPlan","TheCursedMod:CursedAmulet","TheCursedMod:Neurasthenia+1","TheCursedMod:AbyssShockwave","TheCursedMod:SpitefulPlan","TheCursedMod:CursedShiv+1","TheCursedMod:SoulReap","TheCursedMod:FleshFromBone+1","Writhe","TheCursedMod:ManaCirculation+1","TheCursedMod:SpitefulPlan+1","Regret","Parasite","TheCursedMod:CursedMace+1"],"relics":["TheCursedMod:BlackMagic101","infinitespire:WardingShard","TheCursedMod:OminousMark","Lee\u0027s Waffle","Regal Pillow","Potion Belt","Pantograph","Juzu Bracelet","Busted Crown","Happy Flower","Sundial","Toy Ornithopter"],"acts_visited":["Exordium","TheCity","TheBeyond","TheEnding"],"potions_floor_usage":[13,16,24,31,36,42,50,54,55,55,55],"damage_taken":[{"damage":5.0,"enemies":"infinitespire:Voidling","floor":1.0,"turns":3.0},{"damage":0.0,"enemies":"Small Slimes","floor":2.0,"turns":3.0},{"damage":1.0,"enemies":"Cultist","floor":4.0,"turns":3.0},{"damage":10.0,"enemies":"Looter","floor":5.0,"turns":3.0},{"damage":0.0,"enemies":"3 Louse","floor":7.0,"turns":2.0},{"damage":4.0,"enemies":"2 Fungi Beasts","floor":8.0,"turns":2.0},{"damage":16,"enemies":"Exordium Wildlife","floor":10,"turns":3},{"damage":6,"enemies":"Looter","floor":11,"turns":3},{"damage":5,"enemies":"Gremlin Gang","floor":12,"turns":2},{"damage":0,"enemies":"Gremlin Nob","floor":13,"turns":2},{"damage":0,"enemies":"Lots of Slimes","floor":14,"turns":2},{"damage":13,"enemies":"Slime Boss","floor":16,"turns":7},{"damage":0,"enemies":"Spheric Guardian","floor":18,"turns":3},{"damage":25,"enemies":"Chosen","floor":19,"turns":5},{"damage":2,"enemies":"Centurion and Healer","floor":20,"turns":8},{"damage":1,"enemies":"3 Cultists","floor":22,"turns":3},{"damage":2,"enemies":"Snake Plant","floor":24,"turns":5},{"damage":14,"enemies":"Book of Stabbing","floor":25,"turns":5},{"damage":2,"enemies":"Snecko","floor":27,"turns":6},{"damage":18,"enemies":"Colosseum Slavers","floor":31,"turns":5},{"damage":34,"enemies":"Champ","floor":33,"turns":9},{"damage":7,"enemies":"3 Shapes","floor":35,"turns":4},{"damage":20,"enemies":"3 Darklings","floor":36,"turns":4},{"damage":30,"enemies":"Spire Growth","floor":38,"turns":7},{"damage":13,"enemies":"Writhing Mass","floor":41,"turns":8},{"damage":12,"enemies":"Maw","floor":42,"turns":8},{"damage":0,"enemies":"3 Darklings","floor":47,"turns":4},{"damage":36,"enemies":"Sphere and 2 Shapes","floor":48,"turns":7},{"damage":68,"enemies":"Time Eater","floor":50,"turns":8},{"damage":56,"enemies":"Shield and Spear","floor":54,"turns":8},{"damage":86,"enemies":"The Heart","floor":55,"turns":3}],"seed_played":"8192418678512346998","potions_obtained":[{"floor":3.0,"key":"infinitespire:BlackPotion"},{"floor":3.0,"key":"SpeedPotion"},{"floor":3.0,"key":"TheCursedMod:DregsPotion"},{"floor":7.0,"key":"Fire Potion"},{"floor":10,"key":"Energy Potion"},{"floor":18,"key":"BlessingOfTheForge"},{"floor":19,"key":"Block Potion"},{"floor":24,"key":"Block Potion"},{"floor":33,"key":"CultistPotion"},{"floor":35,"key":"Block Potion"},{"floor":36,"key":"LiquidBronze"},{"floor":48,"key":"AttackPotion"}],"is_trial":false,"path_per_floor":["M","M","?","M","M","R","M","M","T","M","M","M","E","M","R","B",null,"M","M","M","$","M","R","M","E","T","M","R","?","?","?","R","B",null,"M","M","?","M","$","R","M","M","T","R","?","?","M","M","R","B",null,"R","$","E","B"],"character_chosen":"THE_CURSED","items_purchased":["TheCursedMod:SpitefulPlan","Lee\u0027s Waffle","Regal Pillow","TheCursedMod:SpitefulPlan","Happy Flower","SkillPotion"],"campfire_rested":4,"item_purchase_floors":[21,21,21,39,39,53],"current_hp_per_floor":[74,74,74,73,63,63,63,59,59,43,37,32,32,32,54,41,75,75,50,48,82,81,81,79,65,65,68,68,68,68,50,82,48,82,75,60,60,35,35,74,74,71,71,71,75,75,80,46,82,31,82,82,82,29,0,0],"gold":51,"neow_bonus":"ONE_RANDOM_RARE_CARD","is_daily":false,"chose_seed":false,"campfire_upgraded":4,"win_rate":0.0,"timestamp":1613176021,"path_taken":["M","?","?","?","M","R","M","M","T","M","M","M","E","M","R","BOSS","M","M","M","$","M","R","M","E","T","M","R","?","?","?","R","BOSS","M","M","?","M","$","R","M","M","T","R","?","?","M","M","R","BOSS","R","$","E","BOSS"],"items_purchased_type":["Card","Relic","Relic","Card","Relic","Potion"],"build_version":"2020-12-22","purchased_purges":2,"victory":false,"max_hp_per_floor":[75,75,75,75,75,75,75,75,75,75,75,75,75,75,75,75,75,75,75,75,82,82,82,82,82,82,82,82,82,82,82,82,82,82,82,82,82,82,82,82,82,82,82,82,82,82,82,82,82,82,82,82,82,82,82,82],"card_choices":[{"not_picked":["TheCursedMod:CursedArmor","TheCursedMod:ManaBullet"],"picked":"TheCursedMod:CursedMace","floor":1.0},{"not_picked":["TheCursedMod:SurpriseAttack","TheCursedMod:Wield"],"picked":"TheCursedMod:CursedSpellbook","floor":2.0},{"not_picked":["TheCursedMod:Grudge","TheCursedMod:Wield"],"picked":"TheCursedMod:CursedBlade","floor":4.0},{"not_picked":["TheCursedMod:RapidMovement","TheCursedMod:CircleOfFlame"],"picked":"TheCursedMod:WearCloak","floor":5.0},{"not_picked":["TheCursedMod:CircleOfWindfury","TheCursedMod:CursedRelics"],"picked":"TheCursedMod:CursedBlade","floor":7.0},{"not_picked":["TheCursedMod:EmpowerCircles","TheCursedMod:Stretching"],"picked":"TheCursedMod:ManaBullet","floor":8.0},{"not_picked":["TheCursedMod:WearCloak","TheCursedMod:CursedShiv"],"picked":"TheCursedMod:Obscuration","floor":10},{"not_picked":["TheCursedMod:Grudge","TheCursedMod:VitalStrike"],"picked":"TheCursedMod:CursedShiv","floor":11},{"not_picked":["TheCursedMod:CursedMace","TheCursedMod:Obscuration","TheCursedMod:SoulCrush"],"picked":"SKIP","floor":12},{"not_picked":["TheCursedMod:NeowsMight","TheCursedMod:TroublousMinions"],"picked":"TheCursedMod:SpitefulPlan","floor":13},{"not_picked":["TheCursedMod:CursedBoomerang","TheCursedMod:CircleOfFlame"],"picked":"TheCursedMod:CursedAmulet","floor":14},{"not_picked":["TheCursedMod:ForbiddenAlchemy","TheCursedMod:ShockAndAwe"],"picked":"TheCursedMod:Neurasthenia","floor":16},{"not_picked":["TheCursedMod:RavingStaff","TheCursedMod:CursedShiv+1","TheCursedMod:Stigma+1"],"picked":"SKIP","floor":18},{"not_picked":["TheCursedMod:RavingStaff","TheCursedMod:CursedShiv+1","TheCursedMod:Stigma+1"],"picked":"SKIP","floor":18},{"not_picked":["TheCursedMod:RavingStaff+1","TheCursedMod:CursedShiv","TheCursedMod:TacticalStrike"],"picked":"SKIP","floor":19},{"not_picked":["TheCursedMod:Mangle","TheCursedMod:VitalStrike"],"picked":"TheCursedMod:AbyssShockwave","floor":20},{"not_picked":["TheCursedMod:SaltUponWound+1","TheCursedMod:VitalStrike+1","TheCursedMod:EmpowerCircles"],"picked":"SKIP","floor":22},{"not_picked":["TheCursedMod:CursedAmulet","TheCursedMod:ForbiddenAlchemy"],"picked":"TheCursedMod:CursedShiv+1","floor":24},{"not_picked":["TheCursedMod:CursedAmulet","TheCursedMod:VitalStrike"],"picked":"TheCursedMod:SoulReap","floor":25},{"not_picked":["TheCursedMod:CircleOfCorruption","TheCursedMod:RapidMovement"],"picked":"TheCursedMod:FleshFromBone+1","floor":27},{"not_picked":["TheCursedMod:CursedRelics","TheCursedMod:ShockAndAwe"],"picked":"TheCursedMod:ManaCirculation","floor":33},{"not_picked":["TheCursedMod:CircleOfFocus+1"],"picked":"SKIP","floor":35},{"not_picked":["TheCursedMod:BloodBarrier+1"],"picked":"SKIP","floor":36},{"not_picked":["TheCursedMod:RavingStaff"],"picked":"SKIP","floor":38},{"not_picked":["TheCursedMod:Hemoplague"],"picked":"SKIP","floor":41},{"not_picked":["TheCursedMod:CircleOfFlame+1"],"picked":"SKIP","floor":42},{"not_picked":[],"picked":"TheCursedMod:CursedMace+1","floor":47},{"not_picked":["TheCursedMod:SurpriseAttack"],"picked":"SKIP","floor":48},{"not_picked":["TheCursedMod:Stretching"],"picked":"SKIP","floor":54}],"player_experience":157495,"relics_obtained":[{"floor":13,"key":"infinitespire:WardingShard"},{"floor":25,"key":"Potion Belt"},{"floor":26,"key":"Pantograph"},{"floor":43,"key":"Sundial"},{"floor":54,"key":"Toy Ornithopter"}],"event_choices":[{"damage_healed":0.0,"max_hp_gain":0.0,"max_hp_loss":0.0,"gold_gain":0.0,"event_name":"Lab","player_choice":"Got Potions","floor":3.0,"gold_loss":0.0,"damage_taken":0.0},{"damage_healed":0,"gold_gain":0,"player_choice":"Ignored","damage_taken":0,"max_hp_gain":0,"max_hp_loss":0,"event_name":"Vampires","floor":29,"gold_loss":0},{"damage_healed":0,"gold_gain":0,"player_choice":"Opened","damage_taken":0,"relics_obtained":["Juzu Bracelet"],"max_hp_gain":0,"max_hp_loss":0,"event_name":"The Mausoleum","floor":30,"gold_loss":0,"cards_obtained":["Writhe"]},{"damage_healed":0,"gold_gain":0,"player_choice":"Fight","damage_taken":0,"max_hp_gain":0,"max_hp_loss":0,"event_name":"Colosseum","floor":31,"gold_loss":0},{"damage_healed":0,"gold_gain":0,"player_choice":"Fled From Nobs","damage_taken":0,"max_hp_gain":0,"max_hp_loss":0,"event_name":"Colosseum","floor":31,"gold_loss":0},{"damage_healed":0,"gold_gain":0,"player_choice":"Ignored","damage_taken":0,"max_hp_gain":0,"max_hp_loss":0,"event_name":"Tomb of Lord Red Mask","floor":37,"gold_loss":0},{"damage_healed":4,"gold_gain":0,"player_choice":"LEAVE ","damage_taken":0,"relics_obtained":[],"max_hp_gain":0,"max_hp_loss":0,"event_name":"betterSkull:BetterSkull","floor":45,"gold_loss":0,"cards_upgraded":[]},{"cards_removed":["TheCursedMod:Strike_TheCursed"],"damage_healed":0,"gold_gain":0,"player_choice":"Offered Basic","damage_taken":0,"max_hp_gain":0,"max_hp_loss":0,"event_name":"Bonfire Elementals","floor":46,"gold_loss":0}],"is_beta":false,"boss_relics":[{"not_picked":["Empty Cage","Astrolabe"],"picked":"TheCursedMod:OminousMark"},{"not_picked":["Runic Dome","Black Star"],"picked":"Busted Crown"}],"items_purged_floors":[21,39],"is_endless":false,"potions_floor_spawned":[5,7,10,11,12,18,19,20,24,31,33,35,36,48],"killed_by":"The Heart","ascension_level":0}}