{"host":"jrmqsbok61y7b34d","time":1613214333,"event":{"mods":["BaseMod","Better Skull","Colored Map","Colored Powertips","Emptier Cage","Minty Spire (QoL Compilation)","Permanent Neow","Quick Restart","Relic Stats","StSLib","Unceasing Turn Reminder"],"gold_per_floor":[111,111,111,36,48,83,103,122,122,122,139,166,241,22,22,95,95,107,22,41,52,65,93,93,43,343,343,361,411,426,459,459,532,532,552,577,162,179,179,213,213,230,282,297,9,37,48,61,61,61],"floor_reached":51,"language":"ENG","playtime":15721,"items_purged":["Defend_G","Strike_G","Strike_G","Strike_G"],"score":1353,"play_id":"044b41a1-b94a-4b6e-988d-e30d19f3f019","local_time":"20210213110533","is_ascension_mode":true,"campfire_choices":[{"data":"Neutralize","floor":10.0,"key":"SMITH"},{"data":"All Out Attack","floor":15.0,"key":"SMITH"},{"data":"Phantasmal Killer","floor":24.0,"key":"SMITH"},{"data":"Acrobatics","floor":27.0,"key":"SMITH"},{"floor":32.0,"key":"REST"},{"floor":41.0,"key":"REST"},{"data":"Skewer","floor":49,"key":"SMITH"}],"circlet_count":0,"master_deck":["AscendersBane","Strike_G","Defend_G+1","Defend_G","Defend_G","Defend_G","Survivor","Neutralize+1","Dagger Throw","All Out Attack+1","Reflex+1","Underhanded Strike","Underhanded Strike","PiercingWail","Infinite Blades","Phantasmal Killer+1","Sucker Punch+1","Acrobatics+1","All Out Attack","Well Laid Plans+1","Caltrops+1","Dodge and Roll+1","Malaise","Acrobatics","Cloak And Dagger","Underhanded Strike","Leg Sweep","Dagger Throw+1","Blur","Escape Plan","Skewer+1","Reflex"],"relics":["Ring of the Snake","NeowsBlessing","Nunchaku","Mummified Hand","War Paint","Ancient Tea Set","Membership Card","HoveringKite","Eternal Feather","Bag of Marbles","Old Coin","Gremlin Horn","Philosopher\u0027s Stone","The Specimen","Tough Bandages","Blood Vial","Frozen Eye","Peace Pipe","Toolbox","Pear","Bottled Flame"],"acts_visited":["Exordium","TheCity","TheBeyond"],"potions_floor_usage":[50],"damage_taken":[{"damage":0.0,"enemies":"Small Slimes","floor":1.0,"turns":1.0},{"damage":0.0,"enemies":"Jaw Worm","floor":5.0,"turns":1.0},{"damage":0.0,"enemies":"Lagavulin","floor":6.0,"turns":1.0},{"damage":0.0,"enemies":"2 Louse","floor":7.0,"turns":3.0},{"damage":0.0,"enemies":"Looter","floor":8.0,"turns":3.0},{"damage":0.0,"enemies":"Gremlin Gang","floor":11.0,"turns":3.0},{"damage":18.0,"enemies":"Gremlin Nob","floor":12.0,"turns":4.0},{"damage":9.0,"enemies":"Hexaghost","floor":16.0,"turns":9.0},{"damage":0.0,"enemies":"3 Byrds","floor":18.0,"turns":4.0},{"damage":17.0,"enemies":"2 Thieves","floor":20.0,"turns":4.0},{"damage":24.0,"enemies":"Snecko","floor":21.0,"turns":6.0},{"damage":0.0,"enemies":"Snake Plant","floor":22.0,"turns":2.0},{"damage":0.0,"enemies":"Gremlin Leader","floor":23.0,"turns":4.0},{"damage":0.0,"enemies":"Centurion and Healer","floor":28.0,"turns":3.0},{"damage":12.0,"enemies":"Shelled Parasite and Fungi","floor":30.0,"turns":2.0},{"damage":23.0,"enemies":"Book of Stabbing","floor":31.0,"turns":4.0},{"damage":37.0,"enemies":"Champ","floor":33.0,"turns":10.0},{"damage":9.0,"enemies":"Orb Walker","floor":35.0,"turns":2.0},{"damage":0.0,"enemies":"Mind Bloom Boss Battle","floor":36.0,"turns":5.0},{"damage":0.0,"enemies":"3 Darklings","floor":38.0,"turns":4.0},{"damage":23.0,"enemies":"Nemesis","floor":40.0,"turns":6.0},{"damage":12.0,"enemies":"Spire Growth","floor":42.0,"turns":6.0},{"damage":1.0,"enemies":"Writhing Mass","floor":44.0,"turns":9.0},{"damage":3.0,"enemies":"Giant Head","floor":46.0,"turns":6.0},{"damage":0,"enemies":"Transient","floor":47,"turns":5},{"damage":0,"enemies":"Sphere and 2 Shapes","floor":48,"turns":3},{"damage":21,"enemies":"Awakened One","floor":50,"turns":16}],"seed_played":"-6369639789026389345","potions_obtained":[{"floor":8.0,"key":"FairyPotion"},{"floor":11.0,"key":"EntropicBrew"},{"floor":33.0,"key":"Weak Potion"},{"floor":35.0,"key":"Weak Potion"},{"floor":42.0,"key":"Block Potion"},{"floor":44.0,"key":"SneckoOil"},{"floor":46.0,"key":"GhostInAJar"}],"is_trial":false,"path_per_floor":["M","?","?","$","M","E","M","M","T","R","M","E","?","$","R","B",null,"M","?","M","M","M","E","R","$","T","R","M","?","M","E","R","B",null,"M","?","$","M","?","E","R","M","T","M","$","E","M","M","R","B",null],"character_chosen":"THE_SILENT","items_purchased":["Membership Card","Terror","Infinite Blades","Tough Bandages","Blood Vial","Cloak And Dagger","Underhanded Strike","Frozen Eye","Toolbox","Pear","Escape Plan"],"campfire_rested":2,"item_purchase_floors":[14,14,14,37,37,37,37,37,45,45,45],"current_hp_per_floor":[59,54,54,54,54,54,54,54,54,54,54,36,25,25,25,16,54,54,54,37,13,13,13,25,25,25,37,37,37,25,2,36,19,54,45,45,45,47,47,26,60,50,50,51,61,60,62,64,76,55],"gold":61,"neow_bonus":"THREE_ENEMY_KILL","is_daily":false,"chose_seed":false,"campfire_upgraded":5,"win_rate":0.0,"timestamp":1613214333,"path_taken":["M","?","?","?","M","E","M","M","T","R","?","E","?","$","R","BOSS","M","?","M","?","M","E","R","$","T","R","M","?","?","E","R","BOSS","M","?","$","M","?","E","R","M","T","M","$","E","M","M","R","BOSS"],"items_purchased_type":["Relic","Card","Card","Relic","Relic","Card","Card","Relic","Relic","Relic","Card"],"build_version":"2020-12-22","purchased_purges":4,"victory":true,"max_hp_per_floor":[66,66,66,66,66,66,66,66,66,66,66,66,66,66,66,66,66,66,66,66,66,66,66,66,66,66,66,66,66,66,66,66,66,66,66,66,66,66,66,66,66,66,66,66,76,76,76,76,76,76],"relic_stats":{"Blood Vial":14,"Peace Pipe":0,"Nunchaku":[39],"Tough Bandages":[240],"Gremlin Horn":[8,8],"counters":[27,126],"Mummified Hand":[34],"HoveringKite":[83],"Eternal Feather":66,"War Paint":["Reflex","Defend_G"],"obtain_stats":[{"Pear":45,"NeowsBlessing":0,"Gremlin Horn":31,"The Specimen":36,"HoveringKite":17,"Eternal Feather":19,"War Paint":9,"Ancient Tea Set":12,"Old Coin":26,"Blood Vial":37,"Peace Pipe":40,"Frozen Eye":37,"Nunchaku":2,"Tough Bandages":37,"Bottled Flame":46,"Mummified Hand":6,"Toolbox":45,"Philosopher\u0027s Stone":34,"Bag of Marbles":23,"Membership Card":14,"Ring of the Snake":0},{"Pear":23,"NeowsBlessing":0,"Gremlin Horn":16,"The Specimen":19,"HoveringKite":8,"Eternal Feather":9,"War Paint":5,"Ancient Tea Set":7,"Old Coin":13,"Blood Vial":19,"Peace Pipe":21,"Frozen Eye":19,"Nunchaku":1,"Tough Bandages":19,"Bottled Flame":24,"Mummified Hand":3,"Toolbox":23,"Philosopher\u0027s Stone":17,"Bag of Marbles":13,"Membership Card":7,"Ring of the Snake":0},{"Pear":96,"NeowsBlessing":0,"Gremlin Horn":54,"The Specimen":71,"HoveringKite":25,"Eternal Feather":29,"War Paint":9,"Ancient Tea Set":16,"Old Coin":45,"Blood Vial":71,"Peace Pipe":81,"Frozen Eye":71,"Nunchaku":1,"Tough Bandages":71,"Bottled Flame":102,"Mummified Hand":3,"Toolbox":96,"Philosopher\u0027s Stone":64,"Bag of Marbles":45,"Membership Card":16,"Ring of the Snake":0}],"Ring of the Snake":[54]},"card_choices":[{"not_picked":["Cloak And Dagger","Dodge and Roll"],"picked":"Dagger Throw","floor":1.0},{"not_picked":["Acrobatics","Prepared","Night Terror"],"picked":"SKIP","floor":5.0},{"not_picked":["Slice","Doppelganger"],"picked":"All Out Attack","floor":6.0},{"not_picked":["Flying Knee","Acrobatics"],"picked":"Reflex","floor":7.0},{"not_picked":["Reflex","Outmaneuver"],"picked":"Underhanded Strike","floor":8.0},{"not_picked":["Crippling Poison","Flying Knee"],"picked":"Underhanded Strike","floor":11.0},{"not_picked":["Outmaneuver","Infinite Blades"],"picked":"PiercingWail","floor":12.0},{"not_picked":["After Image","Unload"],"picked":"Phantasmal Killer","floor":16.0},{"not_picked":["Deadly Poison","Terror"],"picked":"Sucker Punch+1","floor":18.0},{"not_picked":["Accuracy","Terror","Blade Dance"],"picked":"SKIP","floor":20.0},{"not_picked":["PiercingWail","Quick Slash","Slice+1"],"picked":"SKIP","floor":21.0},{"not_picked":["Noxious Fumes+1","Finisher+1"],"picked":"Acrobatics","floor":22.0},{"not_picked":["Flying Knee","Endless Agony+1"],"picked":"All Out Attack","floor":23.0},{"not_picked":["Dagger Throw","Distraction+1"],"picked":"Well Laid Plans+1","floor":28.0},{"not_picked":["All Out Attack","Slice"],"picked":"Caltrops+1","floor":30.0},{"not_picked":["Dagger Spray","Bane+1"],"picked":"Dodge and Roll+1","floor":31.0},{"not_picked":["Glass Knife","Doppelganger"],"picked":"Malaise","floor":33.0},{"not_picked":["Eviscerate","Predator+1"],"picked":"Acrobatics","floor":35.0},{"not_picked":["Cloak And Dagger","Sucker Punch","Slice"],"picked":"SKIP","floor":38.0},{"not_picked":["Sucker Punch","Distraction"],"picked":"Leg Sweep","floor":40.0},{"not_picked":["Slice+1","Poisoned Stab"],"picked":"Dagger Throw+1","floor":42.0},{"not_picked":["Finisher","Riddle With Holes+1"],"picked":"Blur","floor":44.0},{"not_picked":["Bane+1","Deadly Poison+1"],"picked":"Skewer","floor":46.0},{"not_picked":["Bane","Bouncing Flask","Dagger Spray"],"picked":"SKIP","floor":47},{"not_picked":["Cloak And Dagger","Deadly Poison"],"picked":"Reflex","floor":48}],"player_experience":1072363,"relics_obtained":[{"floor":6.0,"key":"Mummified Hand"},{"floor":9.0,"key":"War Paint"},{"floor":12.0,"key":"Ancient Tea Set"},{"floor":23.0,"key":"Bag of Marbles"},{"floor":26.0,"key":"Old Coin"},{"floor":31.0,"key":"Gremlin Horn"},{"floor":36.0,"key":"The Specimen"},{"floor":40.0,"key":"Peace Pipe"},{"floor":46.0,"key":"Bottled Flame"}],"event_choices":[{"damage_healed":0.0,"max_hp_gain":0.0,"max_hp_loss":0.0,"gold_gain":0.0,"event_name":"Scrap Ooze","player_choice":"Success","floor":2.0,"gold_loss":0.0,"damage_taken":5.0,"relics_obtained":["Nunchaku"]},{"cards_removed":["Strike_G"],"damage_healed":0.0,"max_hp_gain":0.0,"max_hp_loss":0.0,"gold_gain":0.0,"event_name":"Living Wall","player_choice":"Forget","floor":3.0,"gold_loss":0.0,"damage_taken":0.0},{"damage_healed":0.0,"max_hp_gain":0.0,"max_hp_loss":0.0,"gold_gain":75.0,"event_name":"World of Goop","player_choice":"Gather Gold","floor":13.0,"gold_loss":0.0,"damage_taken":11.0},{"damage_healed":0.0,"max_hp_gain":0.0,"max_hp_loss":0.0,"gold_gain":0.0,"event_name":"WeMeetAgain","player_choice":"Paid Gold","floor":19.0,"gold_loss":85.0,"damage_taken":0.0,"relics_obtained":["Eternal Feather"]},{"damage_healed":0.0,"max_hp_gain":0.0,"max_hp_loss":0.0,"gold_gain":50.0,"event_name":"Golden Shrine","player_choice":"Pray","floor":29.0,"gold_loss":0.0,"damage_taken":0.0},{"damage_healed":0.0,"max_hp_gain":0.0,"max_hp_loss":0.0,"gold_gain":0.0,"event_name":"MindBloom","player_choice":"Fight","floor":36.0,"gold_loss":0.0,"damage_taken":0.0},{"cards_removed":["Terror"],"damage_healed":0.0,"max_hp_gain":0.0,"max_hp_loss":0.0,"gold_gain":0.0,"event_name":"Falling","player_choice":"Removed Skill","floor":39.0,"gold_loss":0.0,"damage_taken":0.0}],"is_beta":false,"boss_relics":[{"not_picked":["Coffee Dripper","Velvet Choker"],"picked":"HoveringKite"},{"not_picked":["Black Star","Fusion Hammer"],"picked":"Philosopher\u0027s Stone"}],"items_purged_floors":[4,25,37,45],"is_endless":false,"potions_floor_spawned":[8,11,12,18,20,28,33,35,42,44,46],"ascension_level":15}}