{"host":"fkig9nrckec4xsh0","time":1613182484,"event":{"mods":["Act Like it!","BaseMod","Colored Map","Gensokyo","Hermit","Marisa????????","Minty Spire (QoL Compilation)","Quick Restart","Replay The Spire","StSLib"],"gold_per_floor":[110,110,110,110,7,43,57,57,57],"floor_reached":8,"language":"ENG","playtime":140,"items_purged":["Defend_G"],"score":142,"play_id":"404893c0-7349-425e-a6dc-e1c62fe97c82","local_time":"20210212211444","is_ascension_mode":true,"campfire_choices":[],"circlet_count":0,"master_deck":["AscendersBane","Strike_G","Strike_G","Strike_G","Strike_G","Strike_G","Defend_G","Defend_G","Defend_G","Survivor","Neutralize","Acrobatics","Tactician","Acrobatics","Outmaneuver","Reflex"],"relics":["Ring of the Snake","NeowsBlessing","Golden Idol","Ninja Scroll"],"acts_visited":["Exordium"],"potions_floor_usage":[],"damage_taken":[{"damage":0,"enemies":"Small Slimes","floor":1,"turns":1},{"damage":0,"enemies":"Lagavulin","floor":6,"turns":1},{"damage":0,"enemies":"2 Louse","floor":7,"turns":1},{"damage":52,"enemies":"Gremlin Nob","floor":8,"turns":4}],"seed_played":"3707194355005035053","potions_obtained":[],"is_trial":false,"path_per_floor":["M","?","?","?","$","E","M","E"],"character_chosen":"THE_SILENT","items_purchased":["Acrobatics"],"campfire_rested":0,"item_purchase_floors":[5],"current_hp_per_floor":[59,59,59,52,52,52,52,0,0],"gold":57,"neow_bonus":"THREE_ENEMY_KILL","is_daily":false,"chose_seed":false,"campfire_upgraded":0,"win_rate":0.0,"timestamp":1613182484,"path_taken":["M","?","?","?","$","E","M","E"],"items_purchased_type":["Card"],"build_version":"2020-12-22","purchased_purges":1,"victory":false,"max_hp_per_floor":[66,66,66,66,66,66,66,66,66],"card_choices":[{"not_picked":["Caltrops","Bane"],"picked":"Acrobatics","floor":1},{"not_picked":["Hidden Blade","Poisoned Stab"],"picked":"Outmaneuver","floor":6},{"not_picked":["Underhanded Strike","Replay:Poison Smokescreen"],"picked":"Reflex","floor":7}],"player_experience":435472,"relics_obtained":[{"floor":6,"key":"Ninja Scroll"}],"event_choices":[{"damage_healed":0,"gold_gain":0,"cards_transformed":["Defend_G"],"player_choice":"Change","damage_taken":0,"max_hp_gain":0,"max_hp_loss":0,"event_name":"Living Wall","floor":2,"gold_loss":0,"cards_obtained":["Tactician"]},{"damage_healed":0,"gold_gain":0,"player_choice":"Take Wound","damage_taken":0,"relics_obtained":["Golden Idol"],"max_hp_gain":0,"max_hp_loss":0,"event_name":"Golden Idol","floor":3,"gold_loss":0,"cards_obtained":["Injury"]},{"cards_removed":["Injury"],"damage_healed":0,"gold_gain":0,"player_choice":"Card Removal","damage_taken":7,"max_hp_gain":0,"max_hp_loss":0,"event_name":"Golden Wing","floor":4,"gold_loss":0}],"is_beta":false,"boss_relics":[],"items_purged_floors":[5],"is_endless":false,"potions_floor_spawned":[],"killed_by":"Gremlin Nob","ascension_level":16}}