{"host":"jjunaul04msmo6r1","time":1613191184,"event":{"mods":["BaseMod","Better Third Choice","Booster Modes","Colored Map","Downfall","Minty Spire (QoL Compilation)","Relic Stats","StSLib","UnlockEverythingMod","everything is the same but u backflip on backflip"],"gold_per_floor":[99,112,129,90,105,5,28,178,207,7,107,137,152,166,183,183,183,183],"floor_reached":16,"language":"ENG","playtime":1407,"items_purged":[],"score":118,"play_id":"a2aa9b9c-b9cf-42f8-afdc-f692475d5a09","local_time":"20210212213944","is_ascension_mode":true,"campfire_choices":[{"floor":1,"key":"RECALL"},{"data":"sneckomod:SnekBite","floor":6,"key":"SMITH"},{"floor":10,"key":"REST"}],"circlet_count":0,"master_deck":["sneckomod:Strike","sneckomod:Strike","sneckomod:Strike","sneckomod:Defend","sneckomod:Defend","sneckomod:Defend","sneckomod:TailWhip","sneckomod:SnekBite+1","sneckomod:Unknown","sneckomod:Unknown","sneckomod:Memorize","sneckomod:UnknownStrength","sneckomod:SnekBeam","sneckomod:QuickBite","sneckomod:CheapStock","downfall:Icky","sneckomod:MorePower","sneckomod:UnknownDraw+1","sneckomod:Unknown1Cost","sneckomod:UnknownUncommonAttack","sneckomod:UnknownRarePower+1","sneckomod:TrashToTreasure","sneckomod:Unknown3Cost+1","sneckomod:DiceCrush"],"relics":["Velvet Choker","downfall:HeartBlessingRed","Potion Belt","downfall:HeartBlessingGreen","downfall:HeartBlessingBlue","Sundial"],"acts_visited":["Exordium"],"potions_floor_usage":[12],"damage_taken":[{"damage":0,"enemies":"Small Slimes","floor":2,"turns":3},{"damage":6,"enemies":"Cultist","floor":3,"turns":3},{"damage":10,"enemies":"downfall:FleeingMerchant","floor":4,"turns":4},{"damage":0,"enemies":"Jaw Worm","floor":5,"turns":2},{"damage":41,"enemies":"Gremlin Nob","floor":9,"turns":6},{"damage":22,"enemies":"3 Sentries","floor":12,"turns":7},{"damage":6,"enemies":"Lots of Slimes","floor":13,"turns":5},{"damage":7,"enemies":"Blue Slaver","floor":14,"turns":3},{"damage":4,"enemies":"2 Fungi Beasts","floor":15,"turns":4},{"damage":40,"enemies":"IC_STATUS_ARCHETYPE","floor":16,"turns":8}],"seed_played":"-8042296584440073127","potions_obtained":[{"floor":9,"key":"champ:CounterPotion"},{"floor":12,"key":"Ancient Potion"},{"floor":14,"key":"Energy Potion"}],"is_trial":false,"path_per_floor":["R","M","M","$","M","R","T","?","E","R","?","E","M","M","M","B"],"character_chosen":"THE_SNECKO","items_purchased":["sneckomod:QuickBite"],"campfire_rested":1,"item_purchase_floors":[4],"current_hp_per_floor":[90,90,89,79,79,79,79,79,38,78,78,56,50,43,39,0,0,0],"gold":183,"neow_bonus":"BOSS_RELIC","is_daily":false,"chose_seed":false,"campfire_upgraded":1,"win_rate":0.0,"timestamp":1613191184,"path_taken":["R","M","M","$","M","R","T","?","E","R","?","E","M","?","M","BOSS"],"items_purchased_type":["Card"],"build_version":"2020-12-22","purchased_purges":0,"victory":false,"max_hp_per_floor":[90,90,90,90,90,90,90,90,90,100,100,100,100,100,100,100,100,100],"relic_stats":{"counters":[10,45],"Sundial":[2],"obtain_stats":[{"Potion Belt":9,"downfall:HeartBlessingRed":6,"downfall:HeartBlessingBlue":10,"Sundial":12,"Velvet Choker":0,"downfall:HeartBlessingGreen":10,"sneckomod:SneckoSoul":0},{"Potion Belt":5,"downfall:HeartBlessingRed":4,"downfall:HeartBlessingBlue":5,"Sundial":6,"Velvet Choker":0,"downfall:HeartBlessingGreen":5,"sneckomod:SneckoSoul":0},{"Potion Belt":18,"downfall:HeartBlessingRed":12,"downfall:HeartBlessingBlue":18,"Sundial":25,"Velvet Choker":0,"downfall:HeartBlessingGreen":18,"sneckomod:SneckoSoul":0}]},"card_choices":[{"not_picked":["sneckomod:QuickBite","sneckomod:QuickMove"],"picked":"sneckomod:Memorize","floor":2},{"not_picked":["sneckomod:UnknownCommonAttack","sneckomod:UnknownUncommonAttack"],"picked":"sneckomod:UnknownStrength","floor":3},{"not_picked":["sneckomod:SoulRoll","sneckomod:UnknownStrike"],"picked":"sneckomod:SnekBeam","floor":4},{"not_picked":["sneckomod:QuickBite","sneckomod:SoulDraw"],"picked":"sneckomod:CheapStock","floor":5},{"not_picked":["sneckomod:Nope","sneckomod:UnknownDraw"],"picked":"sneckomod:MorePower","floor":9},{"not_picked":["sneckomod:UnknownUncommonSkill+1","sneckomod:UnknownCommonSkill+1"],"picked":"sneckomod:UnknownDraw+1","floor":12},{"not_picked":["sneckomod:WideSting","sneckomod:SoulDraw"],"picked":"sneckomod:Unknown1Cost","floor":12},{"not_picked":["sneckomod:UnknownCommonAttack","sneckomod:UnknownStrike"],"picked":"sneckomod:UnknownUncommonAttack","floor":13},{"not_picked":["sneckomod:UnknownBlock+1","sneckomod:UnknownExhaust+1"],"picked":"sneckomod:UnknownRarePower+1","floor":13},{"not_picked":["sneckomod:UnknownCommonAttack","sneckomod:IronFang"],"picked":"sneckomod:TrashToTreasure","floor":14},{"not_picked":["sneckomod:UnknownCommonAttack+1","sneckomod:UnknownUncommonSkill+1"],"picked":"sneckomod:Unknown3Cost+1","floor":15},{"not_picked":["sneckomod:Unknown0Cost","sneckomod:UnknownCommonAttack"],"picked":"sneckomod:DiceCrush","floor":15}],"player_experience":560737,"relics_obtained":[{"floor":9,"key":"Potion Belt"},{"floor":12,"key":"Sundial"}],"event_choices":[],"is_beta":false,"boss_relics":[],"items_purged_floors":[],"is_endless":false,"potions_floor_spawned":[9,12,14],"killed_by":"IC_STATUS_ARCHETYPE","ascension_level":1}}