{"host":"d73an99q9oevilk5","time":1613196535,"event":{"mods":["2.2 Compatiblity","AchievementEnabler","Act Like it!","Aspiration","BaseMod","Beaked The Cultist","Better Third Choice","BetterRewards","Colored Map","Colored Powertips","Conspire","Downfall","GifTheSpireLib","GungeonMod","Halation","Hubris","Infinite Spire","Marisa????????","Mimic Mod","Minty Spire (QoL Compilation)","Quick Restart","Relic Sorter","Reliquary","Replay The Spire","Shop Mod","Spikes Relics","StSLib","Stuff the Spire","The Bug Knight","The Cursed","The Jungle","The Necromancer","The Saiyan","Waifu the Spire","egg","slay the spire mod where everything is the same but ironclad has a cowboy hat"],"gold_per_floor":[112,112,112,112,123,158,158,173,173,29,29,40,58,8,8,111,111,130,130,146,16,51,82,97,124,124,124,138,151,151,163,163,264,264,276,25,25,25,41,41,58,58,58,58,84,84,99,149,149,149],"floor_reached":51,"language":"ENG","playtime":2087,"items_purged":["Regret"],"score":990,"play_id":"ecfedecc-5c6e-404d-859c-ef0812580dba","local_time":"20210212230855","is_ascension_mode":false,"campfire_choices":[{"data":"beaked:Hexing","floor":11,"key":"SMITH"},{"data":"beaked:Evade","floor":15,"key":"SMITH"},{"data":"beaked:Evade","floor":27,"key":"SMITH"},{"data":"beaked:Ceremony","floor":27,"key":"SMITH"},{"data":"beaked:Evade","floor":32,"key":"SMITH"},{"data":"beaked:CrazyRituals","floor":32,"key":"SMITH"},{"data":"beaked:AwakenedForm","floor":40,"key":"SMITH"},{"data":"beaked:KnowThyFoe","floor":40,"key":"SMITH"},{"data":"beaked:CrazyRituals","floor":46,"key":"SMITH"},{"data":"infinitespire:NeuralNetwork","floor":46,"key":"SMITH"},{"data":"beaked:Caw","floor":49,"key":"SMITH"},{"data":"beaked:Evade","floor":49,"key":"SMITH"}],"circlet_count":0,"master_deck":["beaked:Strike_Y","beaked:Strike_Y","beaked:Strike_Y","beaked:Strike_Y","beaked:Strike_Y","beaked:Strike_Y","beaked:Defend_Y","beaked:Defend_Y","beaked:Defend_Y","beaked:Defend_Y","beaked:Ceremony","beaked:Ceremony+1","beaked:Ceremony+1","beaked:DesperateSwing","beaked:Hexing+1","beaked:MachineSpirit","beaked:Evade+1","beaked:Evade+1","beaked:Evade+1","beaked:CrazyRituals+1","beaked:Hexing","beaked:Brace+1","beaked:Caw","beaked:Evade+1","beaked:AwakenedForm+1","beaked:KnowThyFoe+1","beaked:Insight+1","beaked:WarriorEssence","infinitespire:NeuralNetwork+1","beaked:CrazyRituals+1","beaked:Foresight+1","beaked:Caw+1"],"relics":["beaked:MendingPlumage","DemoMod:ResourcefulSack","Pet Ghost","hubris:Towel","Orichalcum","aspiration:DSix","Dead Branch","StuffTheSpire:RubySignet","Painkiller Herb","Regal Pillow","infinitespire:Golems Mask","aspiration:AnachronicSnailShell","infinitespire:CheckeredPen","HollowMod:PaleOreRelic","Replay:Arrowhead","infinitespire:Cupcake","hubris:MysteriousPyramids","halation:EternalFortune","Bottled Flame","hubris:KleinBottle","beaked:ThroatLozenge","BicycleWheel"],"acts_visited":["Exordium","TheCity","TheBeyond"],"potions_floor_usage":[16,20,25,50,50],"damage_taken":[{"damage":0,"enemies":"Small Slimes","floor":1,"turns":5},{"damage":6,"enemies":"Jaw Worm","floor":5,"turns":4},{"damage":31,"enemies":"Lagavulin","floor":6,"turns":7},{"damage":4,"enemies":"2 Louse","floor":8,"turns":3},{"damage":10,"enemies":"Blue Slaver","floor":12,"turns":6},{"damage":14,"enemies":"3 Louse","floor":13,"turns":4},{"damage":21,"enemies":"Hexaghost","floor":16,"turns":9},{"damage":4,"enemies":"conspire:FuzzyDice","floor":18,"turns":5},{"damage":6,"enemies":"Shell Parasite","floor":20,"turns":5},{"damage":28,"enemies":"Snecko","floor":22,"turns":9},{"damage":9,"enemies":"Replay:Snechameleon","floor":23,"turns":4},{"damage":16,"enemies":"Snecko","floor":24,"turns":5},{"damage":21,"enemies":"Gremlin Leader","floor":25,"turns":4},{"damage":5,"enemies":"Centurion and Healer","floor":28,"turns":5},{"damage":15,"enemies":"conspire:HollyBat","floor":29,"turns":7},{"damage":0,"enemies":"3 Cultists","floor":31,"turns":3},{"damage":40,"enemies":"Collector","floor":33,"turns":8},{"damage":10,"enemies":"3 Shapes","floor":35,"turns":3},{"damage":8,"enemies":"Orb Walker","floor":39,"turns":3},{"damage":0,"enemies":"Maw","floor":41,"turns":5},{"damage":0,"enemies":"R_Hoarder","floor":45,"turns":1},{"damage":13,"enemies":"Transient","floor":47,"turns":5},{"damage":3,"enemies":"Mind Bloom Boss Battle","floor":48,"turns":5},{"damage":24,"enemies":"Awakened One","floor":50,"turns":6}],"seed_played":"-4374357580697163805","potions_obtained":[{"floor":1,"key":"Regen Potion"},{"floor":13,"key":"AttackPotion"},{"floor":18,"key":"SkillPotion"},{"floor":20,"key":"Dexterity Potion"},{"floor":28,"key":"Guardian:BlockOnCardUsePotion"},{"floor":39,"key":"Weak Potion"}],"is_trial":false,"path_per_floor":["M","?","?","?","M","E","?","M","T","$","R","M","M","?","R","B",null,"?","AVR","?","T","MIM","E","?","E","T","T","?","?","?","?","T","B",null,"?","T","?","?","?","T","?","?","T","T","E","T","?","?","T","B",null],"character_chosen":"BEAKED_THE_CULTIST","items_purchased":["beaked:MachineSpirit","beaked:CrazyRituals","PowerPotion","hubris:MysteriousPyramids","hubris:KleinBottle"],"campfire_rested":0,"item_purchase_floors":[10,21,21,36,44],"current_hp_per_floor":[50,50,50,50,50,26,26,27,27,27,27,33,29,29,29,31,52,52,52,52,52,48,54,55,50,50,50,55,49,49,55,55,45,55,58,58,61,61,60,60,61,46,46,27,28,28,59,61,61,61],"gold":149,"neow_bonus":"","is_daily":false,"chose_seed":false,"campfire_upgraded":12,"win_rate":0.0,"timestamp":1613196535,"path_taken":["M","?","?","?","M","E","?","M","T","$","R","M","?","?","R","BOSS","?","AVR","?","T","?","E","?","E","T","T","?","?","?","?","T","BOSS","?","T","?","?","?","T","?","?","T","?","E","T","?","?","T","BOSS"],"items_purchased_type":["Card","Card","Potion","Relic","Relic"],"build_version":"2020-12-22","purchased_purges":1,"victory":true,"max_hp_per_floor":[50,50,50,50,50,50,50,50,50,50,50,50,50,50,50,52,52,52,52,52,52,55,55,55,55,55,55,55,55,55,55,55,55,55,58,58,61,61,61,61,61,61,61,61,61,61,61,61,61,61],"card_choices":[{"not_picked":["beaked:MaddeningMurmurs","beaked:BraceForImpact"],"picked":"beaked:DesperateSwing","floor":1},{"not_picked":["beaked:Recite","beaked:Evade"],"picked":"beaked:Hexing","floor":5},{"not_picked":["beaked:RitualOfBody","beaked:FakeOut","beaked:Poke"],"picked":"SKIP","floor":6},{"not_picked":["beaked:Daydream","beaked:Negation","beaked:SurvivalInstinct"],"picked":"SKIP","floor":8},{"not_picked":["beaked:Overexert","beaked:Flinch","beaked:Redirect"],"picked":"SKIP","floor":12},{"not_picked":["beaked:Roost","beaked:SacrificialAttack"],"picked":"beaked:Evade","floor":13},{"not_picked":["beaked:MaddeningMurmurs+1","beaked:SacrificialAttack"],"picked":"beaked:Evade","floor":18},{"not_picked":["beaked:Tweet","beaked:Tradeoff+1"],"picked":"beaked:Evade","floor":20},{"not_picked":["beaked:Negation+1","beaked:Poke"],"picked":"beaked:Hexing","floor":23},{"not_picked":["beaked:FakeOut","beaked:StunningBlow","beaked:Molting"],"picked":"SKIP","floor":24},{"not_picked":["beaked:RitualOfBody","beaked:CursingBlood"],"picked":"beaked:Brace+1","floor":25},{"not_picked":["beaked:Windmill","beaked:BloodRitual+1"],"picked":"beaked:Caw","floor":28},{"not_picked":["beaked:MimicMachine","beaked:TuckingFeathers+1"],"picked":"beaked:Evade","floor":29},{"not_picked":["beaked:Evade+1","beaked:FeelMyPain+1","ReplayTheSpireMod:RavenHex"],"picked":"SKIP","floor":31},{"not_picked":["beaked:DarkTribute","beaked:Caw"],"picked":"beaked:AwakenedForm","floor":33},{"not_picked":["beaked:Brace+1","beaked:Redirect"],"picked":"beaked:KnowThyFoe","floor":35},{"not_picked":["beaked:Redirect+1","beaked:Devastation+1"],"picked":"beaked:Insight+1","floor":39},{"not_picked":["beaked:SurvivalInstinct","beaked:WindBringer+1"],"picked":"beaked:WarriorEssence","floor":41},{"not_picked":["ReplayTheSpireMod:Haul","hubris:Rewind"],"picked":"infinitespire:SealOfDarkness+","floor":42},{"not_picked":["infinitespire:Gouge","ReplayTheSpireMod:Haul"],"picked":"infinitespire:NeuralNetwork","floor":44},{"not_picked":["beaked:Negation+1","beaked:MaddeningMurmurs+1"],"picked":"beaked:CrazyRituals","floor":45},{"not_picked":["beaked:CursingBlood+1","beaked:HuntressSpirit+1"],"picked":"beaked:Foresight+1","floor":47},{"not_picked":["beaked:BraceForImpact","beaked:Tweet"],"picked":"beaked:Caw","floor":48}],"player_experience":1909859,"relics_obtained":[{"floor":2,"key":"Pet Ghost"},{"floor":6,"key":"Orichalcum"},{"floor":9,"key":"Dead Branch"},{"floor":22,"key":"infinitespire:Golems Mask"},{"floor":22,"key":"aspiration:AnachronicSnailShell"},{"floor":23,"key":"infinitespire:CheckeredPen"},{"floor":25,"key":"HollowMod:PaleOreRelic"},{"floor":26,"key":"Replay:Arrowhead"},{"floor":43,"key":"Bottled Flame"},{"floor":45,"key":"beaked:ThroatLozenge"},{"floor":48,"key":"BicycleWheel"}],"event_choices":[{"damage_healed":0,"gold_gain":0,"player_choice":"Ignored","damage_taken":0,"max_hp_gain":0,"max_hp_loss":0,"event_name":"Golden Wing","floor":3,"gold_loss":0},{"damage_healed":0,"gold_gain":0,"player_choice":"Box","damage_taken":0,"relics_obtained":["aspiration:DSix"],"max_hp_gain":0,"max_hp_loss":0,"event_name":"Big Fish","floor":7,"gold_loss":0,"cards_obtained":["Regret"]},{"damage_healed":0,"gold_gain":0,"player_choice":"Paid Gold","damage_taken":0,"relics_obtained":["StuffTheSpire:RubySignet"],"max_hp_gain":0,"max_hp_loss":0,"event_name":"WeMeetAgain","floor":14,"gold_loss":50},{"damage_healed":0,"gold_gain":0,"player_choice":"Leave","damage_taken":0,"max_hp_gain":0,"max_hp_loss":0,"event_name":"conspire:Investor","floor":38,"gold_loss":0},{"damage_healed":0,"gold_gain":0,"player_choice":"Fight","damage_taken":0,"max_hp_gain":0,"max_hp_loss":0,"event_name":"MindBloom","floor":48,"gold_loss":0}],"is_beta":false,"boss_relics":[{"not_picked":["aspiration:RunicSpoon","reliquary:RedCape"],"picked":"Painkiller Herb"},{"not_picked":["Fusion Hammer","Replay:Bronze Core"],"picked":"infinitespire:Cupcake"}],"items_purged_floors":[10],"is_endless":false,"potions_floor_spawned":[1,13,18,20,28,31,33,39,45,48],"ascension_level":0}}