{"host":"6p0attdrtjqaih7v","time":1613233794,"event":{"mods":["2.2 Compatiblity","AchievementEnabler","Bard","BaseMod","Better Skull","Better Third Choice","Card Filter","Colored Powertips","Hermit","Highlight Path","Hubris","Key Reminder","Minty Spire (QoL Compilation)","Permanent Neow","Quick Restart","Random Character Button","Relic Filter","Relic Stats","Reliquary","Replay The Spire","Robot Space Explorer","StSLib","The Hayseed","The Witch"],"gold_per_floor":[113,5,22,33,57,85,85,85,111,125,160,175,201,221,221,296,296,309,24,24,41,41,41,69,85,85,101,101,115,115,75,75,75,75],"floor_reached":33,"language":"ENG","playtime":1326,"items_purged":[],"score":674,"play_id":"68788aa4-261c-4965-9528-76c2a19cab19","local_time":"20210213112954","is_ascension_mode":true,"campfire_choices":[{"data":"Go for the Eyes","floor":7,"key":"SMITH"},{"data":"Consume","floor":15,"key":"SMITH"},{"data":"Defragment","floor":23,"key":"SMITH"},{"data":"Fission","floor":28,"key":"SMITH"},{"data":"BasicCrystalCard","floor":30,"key":"SMITH"},{"data":"Reinforced Body","floor":32,"key":"SMITH"}],"circlet_count":0,"master_deck":["AscendersBane","Strike_B","Strike_B","Strike_B","Defend_B","Defend_B","Defend_B","Defend_B","Zap","Dualcast","Compile Driver","Ball Lightning","Compile Driver","Go for the Eyes+1","Lockon+1","Leap","Reinforced Body+1","Hologram","Consume+1","Electrodynamics+1","FTL","Self Repair+1","Fission+1","hubris:DuctTapeCard+2","BasicCrystalCard+1","Capacitor+1"],"relics":["Nuclear Battery","Toy Ornithopter","Thread and Needle","PreservedInsect","reliquary:JackalopeAntler","reliquary:PurpleTingedLeaf","Empty Cage","Guide Book","Frozen Egg 2","hubris:DuctTape"],"acts_visited":["Exordium","TheCity"],"potions_floor_usage":[6,11,13,16,24,24,27,27,29,33,33],"damage_taken":[{"damage":1,"enemies":"Cultist","floor":1,"turns":4},{"damage":6,"enemies":"2 Louse","floor":3,"turns":3},{"damage":4,"enemies":"Small Slimes","floor":4,"turns":3},{"damage":20,"enemies":"Lagavulin","floor":6,"turns":5},{"damage":10,"enemies":"Looter","floor":10,"turns":3},{"damage":0,"enemies":"Replay:BlueRogue","floor":11,"turns":4},{"damage":15,"enemies":"Lots of Slimes","floor":12,"turns":5},{"damage":6,"enemies":"3 Sentries","floor":13,"turns":5},{"damage":0,"enemies":"Blue Slaver","floor":14,"turns":4},{"damage":30,"enemies":"Hexaghost","floor":16,"turns":10},{"damage":18,"enemies":"Chosen","floor":18,"turns":5},{"damage":0,"enemies":"2 Thieves","floor":21,"turns":3},{"damage":0,"enemies":"Gremlin Leader","floor":24,"turns":3},{"damage":0,"enemies":"Snecko","floor":25,"turns":5},{"damage":10,"enemies":"Sentry and Sphere","floor":27,"turns":5},{"damage":30,"enemies":"Shelled Parasite and Fungi","floor":29,"turns":4},{"damage":79,"enemies":"Automaton","floor":33,"turns":6}],"seed_played":"4087018585243001022","potions_obtained":[{"floor":3,"key":"FocusPotion"},{"floor":6,"key":"FairyPotion"},{"floor":12,"key":"Regen Potion"},{"floor":13,"key":"Ancient Potion"},{"floor":14,"key":"Block Potion"},{"floor":16,"key":"Energy Potion"},{"floor":22,"key":"PowerPotion"},{"floor":24,"key":"LifebloodPotion"},{"floor":25,"key":"DistilledChaos"},{"floor":27,"key":"Fire Potion"},{"floor":29,"key":"Adrenaline Potion"},{"floor":31,"key":"EssenceOfDarkness"}],"is_trial":false,"path_per_floor":["M","$","M","M","T","E","R","?","T","M","E","M","E","M","R","B",null,"M","$","?","M","?","R","E","M","T","M","R","M","R","?","R","B"],"character_chosen":"DEFECT","items_purchased":["Fire Potion","Ball Lightning","Defragment","Guide Book","FTL"],"campfire_rested":0,"item_purchase_floors":[2,2,19,19,19],"current_hp_per_floor":[63,63,57,53,53,38,38,47,47,37,42,27,40,41,41,19,65,48,48,48,48,48,48,59,70,70,80,80,56,56,56,56,0,0],"gold":75,"neow_bonus":"BOSS_RELIC","is_daily":false,"chose_seed":false,"campfire_upgraded":6,"win_rate":0.0,"timestamp":1613233794,"path_taken":["M","$","M","M","?","E","R","?","T","M","E","M","E","M","R","BOSS","M","$","?","M","?","R","E","M","T","M","R","?","R","?","R","BOSS"],"items_purchased_type":["Potion","Card","Card","Relic","Card"],"build_version":"2020-12-22","purchased_purges":0,"victory":false,"max_hp_per_floor":[71,71,71,71,71,71,71,80,80,80,80,80,80,80,80,80,80,80,80,80,80,80,80,80,80,80,80,80,80,80,80,80,80,80],"relic_stats":{"counters":[17,77],"PreservedInsect":108,"obtain_stats":[{"reliquary:JackalopeAntler":11,"hubris:DuctTape":26,"Guide Book":19,"Thread and Needle":6,"PreservedInsect":9,"Frozen Egg 2":24,"Cracked Core":0,"Empty Cage":17,"Toy Ornithopter":5,"reliquary:PurpleTingedLeaf":13,"Nuclear Battery":0},{"reliquary:JackalopeAntler":6,"hubris:DuctTape":14,"Guide Book":11,"Thread and Needle":4,"PreservedInsect":4,"Frozen Egg 2":13,"Cracked Core":0,"Empty Cage":10,"Toy Ornithopter":3,"reliquary:PurpleTingedLeaf":8,"Nuclear Battery":0},{"reliquary:JackalopeAntler":22,"hubris:DuctTape":62,"Guide Book":51,"Thread and Needle":15,"PreservedInsect":15,"Frozen Egg 2":57,"Cracked Core":0,"Empty Cage":46,"Toy Ornithopter":10,"reliquary:PurpleTingedLeaf":32,"Nuclear Battery":0}],"Toy Ornithopter":55},"card_choices":[{"not_picked":["Barrage","Melter"],"picked":"Compile Driver","floor":1},{"not_picked":["Melter","Turbo"],"picked":"Compile Driver","floor":3},{"not_picked":["Doom and Gloom","Defragment"],"picked":"Go for the Eyes","floor":4},{"not_picked":["Streamline","Hologram"],"picked":"Lockon","floor":6},{"not_picked":["Beam Cell","Sweeping Beam"],"picked":"Defragment","floor":10},{"not_picked":["Go for the Eyes","Storm"],"picked":"Leap","floor":11},{"not_picked":["Beam Cell","Barrage"],"picked":"Reinforced Body","floor":12},{"not_picked":["Chaos","Rainbow"],"picked":"Hologram","floor":13},{"not_picked":["Redo","Streamline"],"picked":"Consume","floor":14},{"not_picked":["Reboot","Meteor Strike"],"picked":"Electrodynamics","floor":16},{"not_picked":["ReplayTheSpireMod:System Scan","Hello World","Redo"],"picked":"SKIP","floor":18},{"not_picked":["Consume","Leap","Compile Driver"],"picked":"SKIP","floor":21},{"not_picked":["Gash","Compile Driver"],"picked":"Self Repair+1","floor":24},{"not_picked":["Stack","Gash"],"picked":"Fission","floor":25},{"not_picked":["Barrage","Compile Driver"],"picked":"BasicCrystalCard","floor":27},{"not_picked":["Gash","Self Repair+1"],"picked":"Capacitor+1","floor":29}],"player_experience":1126635,"relics_obtained":[{"floor":5,"key":"Toy Ornithopter"},{"floor":6,"key":"Thread and Needle"},{"floor":9,"key":"PreservedInsect"},{"floor":11,"key":"reliquary:JackalopeAntler"},{"floor":13,"key":"reliquary:PurpleTingedLeaf"},{"floor":24,"key":"Frozen Egg 2"},{"floor":26,"key":"hubris:DuctTape"}],"event_choices":[{"damage_healed":0,"gold_gain":0,"player_choice":"Got Potions","damage_taken":0,"max_hp_gain":0,"max_hp_loss":0,"event_name":"Lab","floor":22,"gold_loss":0},{"damage_healed":0,"gold_gain":0,"player_choice":"Bought 3 Potions","damage_taken":0,"max_hp_gain":0,"max_hp_loss":0,"event_name":"The Woman in Blue","floor":31,"gold_loss":0}],"is_beta":false,"boss_relics":[{"not_picked":["Philosopher\u0027s Stone","ChewingGum"],"picked":"Empty Cage"}],"items_purged_floors":[],"is_endless":false,"potions_floor_spawned":[3,6,12,13,14,16,24,25,27,29],"killed_by":"Automaton","ascension_level":20}}