{"host":"tia00321x3ndnwo4","time":1613252811,"event":{"mods":["2.2 Compatiblity","BaseMod","Bestiary","Colored Map","Colored Powertips","Curses Come First","Downfall","Highlight Path","Minty Spire (QoL Compilation)","Relic Stats","Slay the Relics Exporter","StSLib","SuperFastMode"],"gold_per_floor":[99,119,164,181,181,198,198,211,211,243,270,302,326,338,370,479,791,803,826,858,870,882,994,1006,1018,1030,1030,1030],"floor_reached":26,"language":"ENG","playtime":815,"items_purged":[],"score":235,"play_id":"5e42f2ba-6026-4e8d-b365-5f63906a0c59","local_time":"20210213134651","is_ascension_mode":false,"campfire_choices":[{"data":"bronze:Goto","floor":1,"key":"SMITH"},{"data":"bronze:Backtrace","floor":9,"key":"SMITH"},{"data":"bronze:ChosenStrike","floor":18,"key":"SMITH"},{"data":"bronze:Backtrace","floor":25,"key":"SMITH"}],"circlet_count":0,"master_deck":["bronze:Defend","bronze:Defend","bronze:Defend","bronze:Defend","bronze:Replicate","bronze:Goto+1","bronze:DelayedSlice+1","bronze:Separator+1","downfall:Icky","bronze:Backtrace+1","bronze:ChosenStrike+1","bronze:Backtrace+1","bronze:Iterate","bronze:Iterate","bronze:Mutator","CurseOfTheBell","bronze:ChosenStrike+1","bronze:CloningBeam+1","Bite","Bite","Bite","Bite","Bite","bronze:DonuBeam","bronze:DecaBeam","bronze:WildBeam+1"],"relics":["bronze:BronzeCore","Anchor","Matryoshka","MawBank","Calling Bell","Juzu Bracelet","bronze:CableSpool","Old Coin","Unceasing Top","MealTicket","Gambling Chip"],"acts_visited":["Exordium","TheCity"],"potions_floor_usage":[16,23],"damage_taken":[{"damage":0,"enemies":"Cultist","floor":2,"turns":3},{"damage":0,"enemies":"2 Louse","floor":4,"turns":2},{"damage":0,"enemies":"Small Slimes","floor":6,"turns":2},{"damage":0,"enemies":"downfall:LooterAlt","floor":8,"turns":2},{"damage":4,"enemies":"3 Sentries","floor":10,"turns":7},{"damage":0,"enemies":"Large Slime","floor":11,"turns":3},{"damage":0,"enemies":"Gremlin Gang","floor":12,"turns":3},{"damage":0,"enemies":"3 Louse","floor":13,"turns":2},{"damage":0,"enemies":"downfall:LooterAlt","floor":15,"turns":1},{"damage":71,"enemies":"DF_ARCHETYPE_STREAMLINE","floor":16,"turns":11},{"damage":10,"enemies":"downfall:LooterAlt2","floor":19,"turns":3},{"damage":0,"enemies":"Spheric Guardian","floor":20,"turns":3},{"damage":41,"enemies":"Spheric Guardian","floor":23,"turns":6},{"damage":53,"enemies":"Book of Stabbing","floor":26,"turns":4}],"seed_played":"-1352250650676866835","potions_obtained":[{"floor":6,"key":"DuplicationPotion"},{"floor":11,"key":"Fire Potion"},{"floor":15,"key":"FairyPotion"},{"floor":16,"key":"FearPotion"}],"is_trial":false,"path_per_floor":["R","M","T","M","?","M","T","M","R","E","M","M","M","?","M","B",null,"R","M","M","?","?","?","T","R","E"],"character_chosen":"THE_AUTOMATON","items_purchased":[],"campfire_rested":0,"item_purchase_floors":[],"current_hp_per_floor":[77,77,77,77,77,77,77,77,77,73,73,73,73,73,73,2,77,77,67,67,53,53,18,18,18,0,0,0],"gold":1030,"neow_bonus":"TEN_PERCENT_HP_BONUS","is_daily":false,"chose_seed":false,"campfire_upgraded":4,"win_rate":0.0,"timestamp":1613252811,"path_taken":["R","M","?","?","?","M","T","M","R","E","?","M","M","?","M","BOSS","R","M","M","?","?","?","T","R","E"],"items_purchased_type":[],"build_version":"2020-12-22","purchased_purges":0,"victory":false,"max_hp_per_floor":[77,77,77,77,77,77,77,77,77,77,77,77,77,77,77,77,77,77,77,77,53,53,53,53,53,53,53,53],"relic_stats":{"counters":[14,52],"Gambling Chip":[2],"MealTicket":0,"Juzu Bracelet":1,"MawBank":192,"obtain_stats":[{"Calling Bell":17,"Anchor":3,"bronze:BronzeCore":0,"Matryoshka":7,"Gambling Chip":24,"MealTicket":24,"Juzu Bracelet":17,"MawBank":10,"Unceasing Top":22,"bronze:CableSpool":17,"Old Coin":17},{"Calling Bell":10,"Anchor":1,"bronze:BronzeCore":0,"Matryoshka":3,"Gambling Chip":13,"MealTicket":13,"Juzu Bracelet":10,"MawBank":5,"Unceasing Top":12,"bronze:CableSpool":10,"Old Coin":10},{"Calling Bell":36,"Anchor":3,"bronze:BronzeCore":0,"Matryoshka":7,"Gambling Chip":48,"MealTicket":48,"Juzu Bracelet":36,"MawBank":16,"Unceasing Top":42,"bronze:CableSpool":36,"Old Coin":36}],"Unceasing Top":[3]},"card_choices":[{"not_picked":["bronze:OilSpill","bronze:ChildClass"],"picked":"bronze:DelayedSlice","floor":2},{"not_picked":["bronze:Deprecate","bronze:BuggyMess"],"picked":"bronze:Separator","floor":4},{"not_picked":["bronze:ShipIt","bronze:BuggyMess"],"picked":"bronze:Backtrace","floor":6},{"not_picked":["bronze:Invalidate","bronze:InfiniteBeams","bronze:Philosophize"],"picked":"SKIP","floor":8},{"not_picked":["bronze:BronzeArmor","bronze:Assembly"],"picked":"bronze:ChosenStrike","floor":10},{"not_picked":["bronze:WhirlingStrike","bronze:BronzeArmor"],"picked":"bronze:Backtrace","floor":11},{"not_picked":["bronze:Invalidate","bronze:DelayedGuard"],"picked":"bronze:Iterate","floor":12},{"not_picked":["bronze:BuggyMess","bronze:Separator"],"picked":"bronze:Iterate","floor":13},{"not_picked":["bronze:BitShift","bronze:BronzeArmor","bronze:Philosophize"],"picked":"SKIP","floor":15},{"not_picked":["bronze:Assembly","bronze:Virus"],"picked":"bronze:Mutator","floor":16},{"not_picked":["bronze:FineTuning","bronze:ClassDefault"],"picked":"bronze:ChosenStrike+1","floor":19},{"not_picked":["bronze:Iterate","bronze:HyperBeam"],"picked":"bronze:CloningBeam+1","floor":20},{"not_picked":[],"picked":"bronze:DonuBeam","floor":23},{"not_picked":[],"picked":"bronze:DecaBeam","floor":23},{"not_picked":["bronze:FollowUp","bronze:Deprecate"],"picked":"bronze:WildBeam+1","floor":23}],"player_experience":197829,"relics_obtained":[{"floor":3,"key":"Anchor"},{"floor":7,"key":"Matryoshka"},{"floor":10,"key":"MawBank"},{"floor":17,"key":"Juzu Bracelet"},{"floor":17,"key":"bronze:CableSpool"},{"floor":17,"key":"Old Coin"},{"floor":22,"key":"Unceasing Top"},{"floor":24,"key":"MealTicket"},{"floor":24,"key":"Gambling Chip"}],"event_choices":[{"cards_removed":["bronze:Strike"],"damage_healed":0,"gold_gain":0,"player_choice":"Card Removal","damage_taken":0,"max_hp_gain":0,"max_hp_loss":0,"event_name":"The Cleric","floor":14,"gold_loss":0},{"damage_healed":0,"gold_gain":0,"player_choice":"Became a vampire","damage_taken":0,"max_hp_gain":0,"max_hp_loss":24,"event_name":"Vampires","floor":21,"gold_loss":0,"cards_obtained":["Bite","Bite","Bite","Bite","Bite"]},{"damage_healed":0,"gold_gain":0,"player_choice":"Relic","damage_taken":0,"max_hp_gain":0,"max_hp_loss":0,"event_name":"Wheel of Change","floor":22,"gold_loss":0}],"is_beta":false,"boss_relics":[{"not_picked":["Fusion Hammer","Astrolabe"],"picked":"Calling Bell"}],"items_purged_floors":[],"is_endless":false,"potions_floor_spawned":[6,11,15,16,19],"killed_by":"Book of Stabbing","ascension_level":0}}