{"host":"hpn0uxah5qjr7pa6","time":1613196395,"event":{"mods":["2.2 Compatiblity","Act Like it!","Aspiration","BaseMod","Better Third Choice","BetterRewards","Challenge The Spire","Colored Powertips","Conspire","DeckTracker","Downfall","Energized Spire","Hallownest","Hermit","Highlight Path","Hubris","Infinite Spire","Minty Spire (QoL Compilation)","Permanent Neow","Quick Restart","Rare Cards Sparkle","Replay The Spire","Spicy Shops","StSLib","The Bug Knight","The Jungle"],"gold_per_floor":[118,138,152,152,84,101,127,139,159,177,177,190,202,221,221,318,318,329,329,329,344,361,288,342,342,342,359,359,359,392,493,493,493,493,509,520,531,548,329,348,348,348,364,376,376,376,376,376,376,480,480,480,494,394,244,244,244,269,269,269,269,269,269,286,303,303,399,399,416,416,435,449,460,460,495,512,512,530,530,540,552,552,552,657,657,667,684,701,714,714,714,748,764,764,764,764,782,782,795,795,898,898,917,929,979,990,1009,1025,1056,983,983,764,782,812,661,676,676,781,781,797,809,821,821,971,982,1008,1008,1008,1008,1019,1031,1031,1031,1031,1129,1129,1129,1139,1156,1156,1156,1156,1189,1189,1126,1126,1142,1142,1174,1186,1186,1186,1186,1186],"floor_reached":152,"language":"ENG","playtime":4986,"items_purged":["Parasite","Shame","Parasite","bronze:Goto","Parasite","bronze:Replicate"],"score":4405,"play_id":"72a7b2d9-7c4f-4b26-9e4f-47af01178055","local_time":"20210212220635","is_ascension_mode":true,"campfire_choices":[{"floor":11.0,"key":"REST"},{"data":"bronze:ChosenStrike","floor":15.0,"key":"SMITH"},{"floor":25.0,"key":"REST"},{"data":"bronze:ChosenStrike","floor":29.0,"key":"SMITH"},{"data":"bronze:BronzeOrb","floor":32.0,"key":"SMITH"},{"floor":42.0,"key":"REST"},{"data":"bronze:BronzeOrb","floor":45.0,"key":"SMITH"},{"data":"bronze:DelayedSlice","floor":47.0,"key":"SMITH"},{"data":"bronze:OilSpill","floor":49.0,"key":"SMITH"},{"data":"bronze:ChosenStrike","floor":60.0,"key":"SMITH"},{"data":"bronze:OilSpill","floor":63.0,"key":"SMITH"},{"data":"bronze:OilSpill","floor":66.0,"key":"SMITH"},{"data":"bronze:OilSpill","floor":74.0,"key":"SMITH"},{"data":"bronze:DelayedSlice","floor":77.0,"key":"SMITH"},{"floor":79.0,"key":"REST"},{"data":"bronze:Branch","floor":83.0,"key":"SMITH"},{"floor":96,"key":"REST"},{"floor":98,"key":"REST"},{"floor":100,"key":"REST"},{"data":"infinitespire:DeathsTouch","floor":117,"key":"SMITH"},{"floor":132,"key":"REST"},{"data":"bronze:Branch","floor":134,"key":"SMITH"},{"data":"bronze:Strike","floor":144,"key":"SMITH"},{"data":"bronze:Strike","floor":146,"key":"SMITH"},{"floor":148,"key":"REST"},{"floor":151,"key":"REST"}],"circlet_count":0,"master_deck":["bronze:Strike","bronze:Strike","bronze:Strike","bronze:Strike","bronze:Defend","bronze:Defend","bronze:Defend","bronze:Defend","bronze:ChosenStrike+1","bronze:BronzeOrb+1","bronze:Branch+1","bronze:ChosenStrike+1","bronze:Branch+1","bronze:OilSpill+1","bronze:OilSpill+1","bronze:BronzeOrb+1","bronze:DelayedSlice+1","bronze:DelayedSlice+1","bronze:OilSpill+1","bronze:Branch+1","bronze:ChosenStrike+1","bronze:ChosenStrike+1","bronze:OilSpill+1","bronze:BronzeOrb+1","bronze:Branch+1","infinitespire:DeathsTouch+1","bronze:Repair+1"],"relics":["bronze:BronzeCore","HollowMod:PaleOreRelic","energizedSpire:EnergizedDie","hubris:EmptyBottle","aspiration:Lifesprig","infinitespire:Eraser","Darkstone Periapt","Simple Rune","aspiration:PoetsPen_weak","Regal Pillow","DollysMirror","Replay:Rubber Ducky","conspire:RoyalGoblet","hubris:Towel","hubris:RunicObelisk","Blue Doll","Membership Card","Philosopher\u0027s Stone","Busted Crown","infinitespire:Lucky Rock","SlaversCollar","Tiny House","hubris:SlimyHat","Bronze Scales","Lee\u0027s Waffle","Mango","conspire:Boomerang","Replay:Grab Bag","Painkiller Herb","energizedSpire:DeadBattery","aspiration:IroncladSkillbook","ReplayTheSpireMod:CursedCoin","Sozu","hubris:ToyBattleship"],"acts_visited":["Exordium","TheCity","TheBeyond","Exordium","TheCity","TheBeyond","Exordium","TheCity","TheBeyond"],"potions_floor_usage":[93,97,101,101,118,118,122,131,131,135,135,135],"damage_taken":[{"damage":1.0,"enemies":"Cultist","floor":1.0,"turns":4.0},{"damage":4.0,"enemies":"Small Slimes","floor":2.0,"turns":4.0},{"damage":6.0,"enemies":"Jaw Worm","floor":3.0,"turns":2.0},{"damage":0.0,"enemies":"downfall:FleeingMerchant","floor":5.0,"turns":4.0},{"damage":0.0,"enemies":"Large Slime","floor":6.0,"turns":5.0},{"damage":0.0,"enemies":"2 Fungi Beasts","floor":8.0,"turns":2.0},{"damage":2.0,"enemies":"Exordium Thugs","floor":9.0,"turns":3.0},{"damage":4.0,"enemies":"Lots of Slimes","floor":10.0,"turns":3.0},{"damage":0.0,"enemies":"Blue Slaver","floor":12.0,"turns":1.0},{"damage":0.0,"enemies":"Exordium Wildlife","floor":13.0,"turns":1.0},{"damage":2.0,"enemies":"2 Fungi Beasts","floor":14.0,"turns":3.0},{"damage":0.0,"enemies":"WA_ARCHETYPE_RETAIN","floor":16.0,"turns":4.0},{"damage":1.0,"enemies":"3 Byrds","floor":18.0,"turns":3.0},{"damage":0.0,"enemies":"Chosen","floor":19.0,"turns":3.0},{"damage":3.0,"enemies":"Centurion and Healer","floor":21.0,"turns":2.0},{"damage":4.0,"enemies":"Snake Plant","floor":22.0,"turns":2.0},{"damage":2.0,"enemies":"downfall:FleeingMerchant","floor":23.0,"turns":4.0},{"damage":0.0,"enemies":"Snecko","floor":27.0,"turns":2.0},{"damage":0.0,"enemies":"Nightmare","floor":28.0,"turns":4.0},{"damage":0.0,"enemies":"conspire:SneckoGhost","floor":30.0,"turns":3.0},{"damage":0.0,"enemies":"downfall:FleeingMerchant","floor":31.0,"turns":4.0},{"damage":15.0,"enemies":"DF_ARCHETYPE_CLAW","floor":33.0,"turns":4.0},{"damage":0.0,"enemies":"Orb Walker","floor":35.0,"turns":2.0},{"damage":0.0,"enemies":"3 Darklings","floor":36.0,"turns":2.0},{"damage":21.0,"enemies":"4 Shapes","floor":37.0,"turns":2.0},{"damage":8.0,"enemies":"Writhing Mass","floor":38.0,"turns":4.0},{"damage":7.0,"enemies":"4 Shapes","floor":40.0,"turns":2.0},{"damage":0.0,"enemies":"3 Darklings","floor":43.0,"turns":3.0},{"damage":3.0,"enemies":"Spire Growth","floor":44.0,"turns":2.0},{"damage":11.0,"enemies":"SI_POISON_ARCHETYPE","floor":50.0,"turns":5.0},{"damage":0.0,"enemies":"Jaw Worm","floor":52.0,"turns":1.0},{"damage":0.0,"enemies":"2 Louse","floor":53.0,"turns":1.0},{"damage":0.0,"enemies":"Small Slimes","floor":57.0,"turns":1.0},{"damage":0.0,"enemies":"Exordium Thugs","floor":64.0,"turns":2.0},{"damage":0.0,"enemies":"Gremlin Gang","floor":65.0,"turns":1.0},{"damage":11.0,"enemies":"Fading Forest","floor":67.0,"turns":11.0},{"damage":0.0,"enemies":"Shell Parasite","floor":69.0,"turns":1.0},{"damage":0.0,"enemies":"3 Cultists","floor":70.0,"turns":3.0},{"damage":0.0,"enemies":"Cultist and Chosen","floor":71.0,"turns":2.0},{"damage":0.0,"enemies":"Snecko","floor":72.0,"turns":1.0},{"damage":0.0,"enemies":"Chosen and Byrds","floor":73.0,"turns":2.0},{"damage":0.0,"enemies":"Slavers","floor":75.0,"turns":2.0},{"damage":0.0,"enemies":"Cultist and Chosen","floor":76.0,"turns":2.0},{"damage":28.0,"enemies":"Snake Plant","floor":78.0,"turns":2.0},{"damage":0.0,"enemies":"3 Cultists","floor":80.0,"turns":2.0},{"damage":0.0,"enemies":"Centurion and Healer","floor":81.0,"turns":1.0},{"damage":3.0,"enemies":"Book of Stabbing","floor":82.0,"turns":2.0},{"damage":46.0,"enemies":"conspire:MysteriousRune","floor":84.0,"turns":4.0},{"damage":0.0,"enemies":"3 Shapes","floor":86.0,"turns":1.0},{"damage":10.0,"enemies":"3 Darklings","floor":87.0,"turns":2.0},{"damage":0.0,"enemies":"Transient","floor":88.0,"turns":5.0},{"damage":16.0,"enemies":"4 Shapes","floor":89.0,"turns":2.0},{"damage":8.0,"enemies":"Spire Growth","floor":91.0,"turns":3.0},{"damage":0.0,"enemies":"Giant Head","floor":92.0,"turns":4.0},{"damage":49,"enemies":"Maw","floor":93,"turns":5},{"damage":0,"enemies":"Transient","floor":97,"turns":5},{"damage":15,"enemies":"4 Shapes","floor":99,"turns":2},{"damage":78,"enemies":"Replay:Hell Engine","floor":101,"turns":6},{"damage":0,"enemies":"Small Slimes","floor":103,"turns":1},{"damage":0,"enemies":"Jaw Worm","floor":104,"turns":1},{"damage":0,"enemies":"Cultist","floor":106,"turns":1},{"damage":0,"enemies":"Blue Slaver","floor":107,"turns":1},{"damage":0,"enemies":"2 Fungi Beasts","floor":108,"turns":1},{"damage":0,"enemies":"Gremlin Nob","floor":109,"turns":2},{"damage":0,"enemies":"3 Louse","floor":113,"turns":1},{"damage":0,"enemies":"Lagavulin","floor":114,"turns":2},{"damage":0,"enemies":"Blue Slaver","floor":116,"turns":1},{"damage":47,"enemies":"The Guardian","floor":118,"turns":4},{"damage":3,"enemies":"Chosen","floor":120,"turns":2},{"damage":0,"enemies":"Centurion and Healer","floor":121,"turns":2},{"damage":0,"enemies":"Shelled Parasite and Fungi","floor":122,"turns":2},{"damage":0,"enemies":"Cultist and Chosen","floor":125,"turns":2},{"damage":0,"enemies":"Book of Stabbing","floor":126,"turns":2},{"damage":0,"enemies":"Snecko","floor":127,"turns":2},{"damage":0,"enemies":"Snake Plant","floor":128,"turns":1},{"damage":0,"enemies":"Slavers","floor":129,"turns":1},{"damage":0,"enemies":"Cultist and Chosen","floor":130,"turns":2},{"damage":50,"enemies":"Centurion and Healer","floor":131,"turns":3},{"damage":37,"enemies":"hubris:MusketHawk","floor":135,"turns":3},{"damage":0,"enemies":"3 Darklings","floor":137,"turns":2},{"damage":0,"enemies":"Orb Walker","floor":138,"turns":2},{"damage":10,"enemies":"Spire Growth","floor":139,"turns":2},{"damage":0,"enemies":"Reptomancer","floor":143,"turns":1},{"damage":49,"enemies":"Sphere and 2 Shapes","floor":147,"turns":3},{"damage":14,"enemies":"R_Hoarder","floor":149,"turns":3},{"damage":26,"enemies":"3 Darklings","floor":150,"turns":3},{"damage":165,"enemies":"Replay:Hell Engine","floor":152,"turns":3}],"seed_played":"1548014869398511865","potions_obtained":[{"floor":1.0,"key":"SkillPotion"},{"floor":3.0,"key":"LifebloodPotion"},{"floor":6.0,"key":"SneckoOil"},{"floor":12.0,"key":"Adrenaline Potion"},{"floor":16.0,"key":"Guardian:BlockOnCardUsePotion"},{"floor":19.0,"key":"LiquidBronze"},{"floor":22.0,"key":"DistilledChaos"},{"floor":33.0,"key":"SteroidPotion"},{"floor":38.0,"key":"Guardian:BlockOnCardUsePotion"},{"floor":40.0,"key":"Venom Potion"},{"floor":43.0,"key":"Explosive Potion"},{"floor":72.0,"key":"GamblersBrew"},{"floor":78.0,"key":"Weak Potion"},{"floor":84.0,"key":"bronze:FreeFunctionsPotion"},{"floor":87.0,"key":"LifebloodPotion"},{"floor":93,"key":"Weak Potion"},{"floor":97,"key":"DuplicationPotion"},{"floor":99,"key":"Energy Potion"},{"floor":105,"key":"SkillPotion"},{"floor":109,"key":"Flashbang"},{"floor":120,"key":"Languid Potion"},{"floor":122,"key":"AttackPotion"},{"floor":130,"key":"Regen Potion"},{"floor":135,"key":"bronze:BurnAndBuffPotion"}],"is_trial":false,"path_per_floor":["M","M","M","?","$","M","T","M","M","M","R","M","M","M","R","B",null,"M","M","?","M","M","$","T","R","?","M","NM","R","E","$","R","B",null,"M","M","M","M","$","M","T","R","M","M","R","AVR","R","?","R","B",null,"M","M","$","?","$","M","T","AVR","R","?","?","R","M","M","R","B",null,"M","M","M","M","M","R","E","M","R","M","R","M","M","E","R","B",null,"M","M","M","M","AVR","M","E","M","?","?","R","M","R","M","R","B",null,"M","M","AVR","M","M","M","E","$","?","$","M","E","$","M","R","B",null,"?","?","?","?","AVR","?","E","?","?","E","?","?","T","?","T","B",null,"?","?","?","?","?","AVR","E","T","T","T","?","T","E","?","T","B"],"character_chosen":"THE_AUTOMATON","items_purchased":["bronze:OilSpill","hubris:EmptyBottle","Simple Rune","Regal Pillow","DollysMirror","hubris:SlimyHat","Lee\u0027s Waffle","Mango","conspire:Boomerang"],"campfire_rested":10,"item_purchase_floors":[5,23,31,39,39,110,112,112,115],"current_hp_per_floor":[69,65,59,59,59,59,59,59,57,53,76,76,76,74,74,74,76,75,75,75,72,68,66,66,77,77,77,77,77,77,74,74,59,70,70,70,49,47,53,46,46,86,86,83,83,83,83,83,83,72,83,83,83,83,96,91,91,91,91,91,91,91,91,91,91,91,88,92,92,92,92,92,92,92,92,92,92,64,93,93,93,90,90,44,81,81,71,71,55,55,47,47,8,8,8,50,50,92,78,93,15,74,74,74,79,79,79,89,89,89,89,119,119,119,119,119,119,72,107,118,119,119,119,122,122,122,122,122,122,122,81,122,122,122,98,116,120,122,116,116,116,116,120,120,120,120,75,122,122,110,122,0,0,0],"gold":1186,"neow_bonus":"TEN_PERCENT_HP_BONUS","is_daily":false,"chose_seed":false,"campfire_upgraded":16,"win_rate":0.0,"timestamp":1613196395,"path_taken":["M","M","M","?","?","M","T","M","M","?","R","M","M","M","R","BOSS","M","M","?","M","M","$","T","R","?","M","NM","R","E","$","R","BOSS","M","M","M","M","$","M","T","R","M","M","R","AVR","R","?","R","BOSS","M","M","$","?","?","M","T","AVR","R","?","?","R","M","M","R","BOSS","M","M","M","M","M","R","E","M","R","M","R","M","M","E","R","BOSS","M","M","M","M","AVR","M","E","M","?","?","R","?","R","M","R","BOSS","M","M","AVR","M","M","M","E","$","?","?","M","E","$","M","R","BOSS","?","?","?","?","AVR","?","E","?","?","E","?","?","T","?","T","BOSS","?","?","?","?","?","AVR","E","T","?","T","?","T","E","?","T","BOSS"],"items_purchased_type":["Card","Relic","Relic","Relic","Relic","Relic","Relic","Relic","Relic"],"build_version":"2020-12-22","purchased_purges":6,"victory":false,"max_hp_per_floor":[77,77,77,77,77,77,77,77,77,77,77,77,77,77,77,77,77,77,77,77,77,77,77,77,77,77,77,77,77,77,74,74,74,74,74,74,74,80,86,86,86,86,86,86,86,86,86,86,86,86,86,86,86,86,96,93,93,93,93,93,93,93,93,93,93,93,93,93,93,93,93,93,93,93,93,93,93,93,93,93,93,93,93,93,93,93,93,93,93,93,93,93,93,93,93,93,93,93,93,93,93,93,93,93,98,98,98,98,98,98,98,119,119,119,119,119,119,119,119,119,119,119,119,122,122,122,122,122,122,122,122,122,122,122,122,122,122,122,122,122,122,122,122,122,122,122,122,122,122,122,122,122,122,122],"card_choices":[{"not_picked":["bronze:BuggyMess","bronze:Boost"],"picked":"bronze:ChosenStrike","floor":1.0},{"not_picked":["bronze:DelayedGuard","bronze:Invalidate"],"picked":"bronze:BronzeOrb","floor":2.0},{"not_picked":["bronze:ForLoop","bronze:Shield"],"picked":"bronze:Branch","floor":3.0},{"not_picked":["bronze:Iterate","bronze:Deprecate"],"picked":"bronze:Branch","floor":5.0},{"not_picked":["bronze:BugBarrage","bronze:Deprecate","bronze:Shield"],"picked":"SKIP","floor":6.0},{"not_picked":["bronze:BurnOut","bronze:BitShift","bronze:InfiniteBeams"],"picked":"SKIP","floor":8.0},{"not_picked":["bronze:BronzeArmor","bronze:Constructor"],"picked":"bronze:OilSpill","floor":9.0},{"not_picked":["bronze:FineTuning","bronze:ForceShield","bronze:Safeguard"],"picked":"SKIP","floor":10.0},{"not_picked":["bronze:BugBarrage","bronze:Deprecate"],"picked":"bronze:BronzeOrb","floor":12.0},{"not_picked":["bronze:BitShift","bronze:Deprecate","bronze:Shell"],"picked":"SKIP","floor":13.0},{"not_picked":["bronze:CutThrough","bronze:BitShift"],"picked":"bronze:DelayedSlice","floor":14.0},{"not_picked":["bronze:ItsAFeature","bronze:BuggyMess+1","bronze:BitShift"],"picked":"SKIP","floor":18.0},{"not_picked":["bronze:FineTuning+1","bronze:Safeguard","bronze:Shell"],"picked":"SKIP","floor":19.0},{"not_picked":["bronze:WildBeam","bronze:Library"],"picked":"bronze:DelayedSlice","floor":21.0},{"not_picked":["bronze:DigitalCarnage","bronze:DelayedSlice+1"],"picked":"bronze:OilSpill","floor":22.0},{"not_picked":["bronze:DelayedGuard+1","bronze:ClassDefault+1","bronze:ItsAFeature"],"picked":"SKIP","floor":23.0},{"not_picked":["bronze:BitShift","bronze:FineTuning","bronze:Overheat"],"picked":"SKIP","floor":27.0},{"not_picked":["bronze:CutThrough+1","bronze:Shield+1","bronze:BitShift"],"picked":"SKIP","floor":28.0},{"not_picked":["bronze:InfiniteBeams","bronze:FineTuning+1","bronze:HardenedForm"],"picked":"SKIP","floor":30.0},{"not_picked":["bronze:Backtrace","bronze:Boost","bronze:CloningBeam"],"picked":"SKIP","floor":31.0},{"not_picked":["bronze:Iterate+1","bronze:Backtrace+1"],"picked":"bronze:Branch+1","floor":35.0},{"not_picked":["bronze:DelayedSlice","bronze:Repair+1","bronze:ChildClass"],"picked":"SKIP","floor":36.0},{"not_picked":["bronze:FineTuning+1","bronze:ItsAFeature","bronze:Overheat"],"picked":"SKIP","floor":37.0},{"not_picked":["bronze:BronzeArmor+1","bronze:FollowUp","bronze:DelayedGuard+1"],"picked":"SKIP","floor":38.0},{"not_picked":["bronze:WhirlingStrike+1","bronze:Iterate+1","bronze:BugBarrage+1"],"picked":"SKIP","floor":40.0},{"not_picked":["bronze:FineTuning+1","bronze:ForLoop+1","bronze:Turbo"],"picked":"SKIP","floor":43.0},{"not_picked":["bronze:Iterate","bronze:Branch","bronze:BitShift"],"picked":"SKIP","floor":44.0},{"not_picked":["bronze:BugBarrage","bronze:BitShift","bronze:Constructor"],"picked":"SKIP","floor":52.0},{"not_picked":["bronze:Turbo","bronze:Shield","bronze:Return"],"picked":"SKIP","floor":53.0},{"not_picked":["bronze:Return","bronze:BuggyMess"],"picked":"bronze:ChosenStrike","floor":57.0},{"not_picked":["bronze:Iterate","bronze:Overload","bronze:ClassDefault"],"picked":"SKIP","floor":64.0},{"not_picked":["bronze:WhirlingStrike","bronze:OilSpill","bronze:DelayedGuard"],"picked":"SKIP","floor":65.0},{"not_picked":["bronze:Refactor","bronze:DigitalCarnage","bronze:DelayedSlice+1"],"picked":"SKIP","floor":69.0},{"not_picked":["bronze:Refactor+1","bronze:MaxOutput"],"picked":"bronze:OilSpill","floor":70.0},{"not_picked":["bronze:Branch","bronze:CutThrough+1","bronze:Virus"],"picked":"SKIP","floor":71.0},{"not_picked":["bronze:BitShift+1","bronze:Backtrace","bronze:ChildClass"],"picked":"SKIP","floor":72.0},{"not_picked":["bronze:AlphaBuild","bronze:InfiniteBeams","bronze:OilSpill"],"picked":"SKIP","floor":73.0},{"not_picked":["bronze:Overheat","bronze:DarkDash+1","bronze:CloningBeam"],"picked":"SKIP","floor":75.0},{"not_picked":["bronze:DigitalCarnage","bronze:Boost","bronze:CleanCode"],"picked":"SKIP","floor":76.0},{"not_picked":["bronze:Iterate+1","bronze:DelayedGuard+1"],"picked":"bronze:BronzeOrb+1","floor":78.0},{"not_picked":["bronze:BugBarrage","bronze:Invalidate","bronze:ItsAFeature"],"picked":"SKIP","floor":80.0},{"not_picked":["bronze:Iterate","bronze:Overheat","bronze:BitShift"],"picked":"SKIP","floor":81.0},{"not_picked":["bronze:WildBeam+1","bronze:BitShift+1","bronze:Virus"],"picked":"SKIP","floor":82.0},{"not_picked":[],"picked":"bronze:Branch+1","floor":86.0},{"not_picked":["bronze:DarkDash+1"],"picked":"SKIP","floor":87.0},{"not_picked":["bronze:BugBarrage+1"],"picked":"SKIP","floor":88.0},{"not_picked":["bronze:Backtrace+1"],"picked":"SKIP","floor":89.0},{"not_picked":["hubris:InfiniteBlow","infinitespire:Gouge"],"picked":"infinitespire:DeathsTouch","floor":90.0},{"not_picked":[],"picked":"bronze:Repair+1","floor":91.0},{"not_picked":["bronze:Fortify"],"picked":"SKIP","floor":92.0},{"not_picked":["bronze:Refactor+1"],"picked":"SKIP","floor":93},{"not_picked":["bronze:WildBeam+1"],"picked":"SKIP","floor":97},{"not_picked":["bronze:Frontload"],"picked":"SKIP","floor":99},{"not_picked":["bronze:Fortify"],"picked":"SKIP","floor":103},{"not_picked":["bronze:Optimize"],"picked":"SKIP","floor":104},{"not_picked":["bronze:Overheat"],"picked":"SKIP","floor":106},{"not_picked":["bronze:Frontload"],"picked":"SKIP","floor":107},{"not_picked":["bronze:CutThrough"],"picked":"SKIP","floor":108},{"not_picked":["bronze:WildBeam"],"picked":"SKIP","floor":109},{"not_picked":["bronze:DelayedSlice"],"picked":"SKIP","floor":113},{"not_picked":["bronze:FineTuning"],"picked":"SKIP","floor":114},{"not_picked":["bronze:BugBarrage"],"picked":"SKIP","floor":116},{"not_picked":["Headbutt","Burning Pact+1"],"picked":"SKIP","floor":120},{"not_picked":["bronze:BitShift+1","bronze:Fortify"],"picked":"SKIP","floor":121},{"not_picked":["Whirlwind","ReplayTheSpireMod:Stacked"],"picked":"SKIP","floor":122},{"not_picked":["Sentinel","bronze:Flail"],"picked":"SKIP","floor":125},{"not_picked":["Burning Pact","Intimidate+1"],"picked":"SKIP","floor":126},{"not_picked":["Hemokinesis","bronze:BronzeArmor"],"picked":"SKIP","floor":127},{"not_picked":["bronze:Constructor","bronze:DelayedSlice"],"picked":"SKIP","floor":128},{"not_picked":["Thunderclap","conspire:Charge"],"picked":"SKIP","floor":129},{"not_picked":["bronze:WildBeam","Power Through"],"picked":"SKIP","floor":130},{"not_picked":["Sword Boomerang+1","Body Slam+1"],"picked":"SKIP","floor":131},{"not_picked":["Wild Strike","Disarm"],"picked":"SKIP","floor":137},{"not_picked":["Dual Wield","Reckless Charge"],"picked":"SKIP","floor":138},{"not_picked":["bronze:Deprecate+1","Flex+1"],"picked":"SKIP","floor":139},{"not_picked":["bronze:Repulsor+1","Cleave"],"picked":"SKIP","floor":143},{"not_picked":["bronze:WhirlingStrike","bronze:DelayedGuard+1"],"picked":"SKIP","floor":147},{"not_picked":["Disarm+1","bronze:Optimize+1"],"picked":"SKIP","floor":149},{"not_picked":["bronze:BitShift","bronze:ChildClass"],"picked":"SKIP","floor":150}],"player_experience":227551,"relics_obtained":[{"floor":7.0,"key":"HollowMod:PaleOreRelic"},{"floor":24.0,"key":"aspiration:Lifesprig"},{"floor":28.0,"key":"infinitespire:Eraser"},{"floor":30.0,"key":"Darkstone Periapt"},{"floor":41.0,"key":"Replay:Rubber Ducky"},{"floor":58.0,"key":"Blue Doll"},{"floor":111,"key":"Bronze Scales"}],"event_choices":[{"damage_healed":0.0,"max_hp_gain":0.0,"max_hp_loss":0.0,"gold_gain":1.0,"event_name":"betterThird:BetterScrap","player_choice":"LEAVE","floor":61.0,"gold_loss":0.0,"damage_taken":0.0,"cards_obtained":["Predator"]},{"damage_healed":0.0,"max_hp_gain":0.0,"max_hp_loss":0.0,"gold_gain":0.0,"event_name":"conspire:LoneGhost","player_choice":"Disagree","floor":62.0,"gold_loss":0.0,"damage_taken":0.0},{"damage_healed":0,"gold_gain":0,"player_choice":"Relic","damage_taken":0,"max_hp_gain":0,"max_hp_loss":0,"event_name":"Wheel of Change","floor":111,"gold_loss":0}],"is_beta":false,"boss_relics":[{"not_picked":["Velvet Choker","Calling Bell"],"picked":"energizedSpire:EnergizedDie"},{"not_picked":["Replay:Fungal Core","Ring of Chaos"],"picked":"aspiration:PoetsPen_weak"},{"not_picked":["energizedSpire:OgreHead","Replay:Ancient Bell"],"picked":"hubris:RunicObelisk"},{"not_picked":["conspire:SeveredTorchhead","aspiration:RunicSpoon"],"picked":"Philosopher\u0027s Stone"},{"not_picked":["Replay:Drink Me","aspiration:IroncladSkillbook"],"picked":"Busted Crown"},{"not_picked":["hubris:TerracottaHorce","infinitespire:Cupcake"],"picked":"SlaversCollar"},{"not_picked":["aspiration:RunicSpoon","aspiration:RitualDagger"],"picked":"Replay:Grab Bag"},{"not_picked":["infinitespire:Cupcake","energizedSpire:OgreHead"],"picked":"Painkiller Herb"},{"not_picked":["ReplayTheSpireMod:DimensionalGlitch","energizedSpire:MagnifyingGlass"],"picked":"energizedSpire:DeadBattery"},{"not_picked":["Snecko Heart","ReplayTheSpireMod:SealedPack"],"picked":"aspiration:IroncladSkillbook"},{"not_picked":["hubris:TerracottaHorce","Black Star"],"picked":"Sozu"}],"items_purged_floors":[31,54,56,90,124,145],"is_endless":true,"potions_floor_spawned":[1,3,6,12,14,16,19,22,27,28,33,38,40,43,44,52,57,72,75,76,78,84,87,93,97,99,107,109,114,120,121,122,125,130,135,138,149,150],"killed_by":"Replay:Hell Engine","ascension_level":8}}