{"host":"7r6bd5ce6zscnmwq","time":1613220420,"event":{"mods":["BaseMod","Block Reminder","Colored Map","Colored Powertips","Curses Come First","Downfall","Minty Spire (QoL Compilation)","Quick Restart","Spicy Shops","StSLib"],"gold_per_floor":[99,99,99,99,99,99,99,99,99,99,110,120,135,135,150,247,247,247,259,259,275,293,293,293,293,307,307,321,321,321,321],"floor_reached":30,"language":"ENG","playtime":2481,"items_purged":[],"score":218,"play_id":"9e43f35c-cb67-437d-9c2f-c515de1498a4","local_time":"20210213214700","is_ascension_mode":false,"campfire_choices":[{"data":"sneckomod:TailWhip","floor":1,"key":"SMITH"},{"data":"sneckomod:SnekBite","floor":6,"key":"SMITH"},{"data":"sneckomod:Unknown2Cost","floor":9,"key":"SMITH"},{"data":"sneckomod:CheapStock","floor":18,"key":"SMITH"},{"floor":23,"key":"REST"},{"floor":27,"key":"REST"}],"circlet_count":0,"master_deck":["sneckomod:Strike","sneckomod:Strike","sneckomod:Defend+1","sneckomod:Defend","sneckomod:Defend+1","sneckomod:TailWhip+1","sneckomod:SnekBite+1","sneckomod:Unknown","sneckomod:Unknown","sneckomod:IronFang","sneckomod:SlitherStrike","sneckomod:UnknownDraw","sneckomod:UnknownVulnerable+1","sneckomod:UnknownUncommonAttack","sneckomod:CheapStock+1","downfall:Malfunctioning","sneckomod:UnknownBoss","Guardian:TimeBomb+1","sneckomod:UnknownExhaust","sneckomod:MasterEye","sneckomod:UnknownUncommonPower","sneckomod:SoulCleanse","sneckomod:QuickBite+1"],"relics":["sneckomod:SuperSneckoSoul","downfall:HeartsMalice","Question Card","Vajra","GremlinMask"],"acts_visited":["Exordium","TheCity"],"potions_floor_usage":[16,21,22,22,26,26],"damage_taken":[{"damage":0,"enemies":"Small Slimes","floor":2,"turns":1},{"damage":0,"enemies":"2 Louse","floor":4,"turns":1},{"damage":0,"enemies":"Jaw Worm","floor":10,"turns":1},{"damage":14,"enemies":"Exordium Thugs","floor":11,"turns":4},{"damage":4,"enemies":"2 Fungi Beasts","floor":12,"turns":2},{"damage":0,"enemies":"Large Slime","floor":13,"turns":5},{"damage":5,"enemies":"Lots of Slimes","floor":15,"turns":2},{"damage":41,"enemies":"SI_SHIV_ARCHETYPE","floor":16,"turns":8},{"damage":13,"enemies":"Chosen","floor":19,"turns":6},{"damage":31,"enemies":"Snake Plant","floor":21,"turns":6},{"damage":31,"enemies":"Centurion and Healer","floor":22,"turns":5},{"damage":33,"enemies":"Sentry and Sphere","floor":26,"turns":7},{"damage":54,"enemies":"3 Cultists","floor":28,"turns":6},{"damage":0,"enemies":"Snecko","floor":30,"turns":2}],"seed_played":"7345312478536587996","potions_obtained":[{"floor":12,"key":"SpeedPotion"},{"floor":13,"key":"LiquidMemories"},{"floor":15,"key":"Regen Potion"},{"floor":16,"key":"sneckomod:DiceRollPotion"},{"floor":22,"key":"AttackPotion"},{"floor":25,"key":"bronze:BurnAndBuffPotion"},{"floor":25,"key":"Block Potion"},{"floor":25,"key":"Guardian:BlockOnCardUsePotion"}],"is_trial":false,"path_per_floor":["R","M","?","M","?","R","T","?","R","M","M","M","M","?","M","B",null,"R","M","?","M","M","R","T","?","M","R","M","?","M"],"character_chosen":"THE_SNECKO","items_purchased":[],"campfire_rested":2,"item_purchase_floors":[],"current_hp_per_floor":[90,90,90,90,95,95,95,95,95,95,81,77,77,77,72,31,95,95,82,82,51,34,62,62,62,36,64,10,10,10,10],"gold":321,"neow_bonus":"THREE_ENEMY_KILL","is_daily":false,"chose_seed":false,"campfire_upgraded":4,"win_rate":0.0,"timestamp":1613220420,"path_taken":["R","M","?","M","?","R","T","?","R","M","M","M","?","?","M","BOSS","R","M","?","M","M","R","T","?","?","R","M","?","M"],"items_purchased_type":[],"build_version":"2020-12-22","purchased_purges":0,"victory":false,"max_hp_per_floor":[90,90,90,90,95,95,95,95,95,95,95,95,95,95,95,95,95,95,95,95,95,95,95,95,95,95,95,95,95,95,95],"card_choices":[{"not_picked":["sneckomod:WideSting","sneckomod:SoulDraw"],"picked":"sneckomod:IronFang","floor":2},{"not_picked":["sneckomod:RainOfDice","sneckomod:SoulCleanse"],"picked":"sneckomod:Unknown2Cost","floor":4},{"not_picked":["sneckomod:IronFang","sneckomod:ImprovisedGuard","sneckomod:SerpentIdol"],"picked":"sneckomod:UnknownDraw","floor":10},{"not_picked":["sneckomod:DefensiveFlair","sneckomod:SoulDraw","sneckomod:QuickMove"],"picked":"sneckomod:UnknownVulnerable","floor":11},{"not_picked":["sneckomod:SoulRoll","sneckomod:DiceCrush","sneckomod:SoulDraw","sneckomod:QuickBite"],"picked":"SKIP","floor":11},{"not_picked":["sneckomod:SnakeSap","sneckomod:UnknownDraw","sneckomod:Unknown1Cost"],"picked":"sneckomod:UnknownUncommonAttack","floor":12},{"not_picked":["sneckomod:ImprovisedGuard","sneckomod:QuickMove","sneckomod:UnknownDraw"],"picked":"sneckomod:CheapStock","floor":13},{"not_picked":["sneckomod:UnknownUncommonSkill","sneckomod:DiceBlock","sneckomod:Unknown0Cost","sneckomod:TrashToTreasure"],"picked":"SKIP","floor":15},{"not_picked":["sneckomod:UnknownRareSkill","sneckomod:SerpentMind","sneckomod:Mudshield"],"picked":"sneckomod:UnknownBoss","floor":16},{"not_picked":["sneckomod:SoulDraw","sneckomod:Unknown1Cost","sneckomod:UnknownUncommonAttack+1","sneckomod:QuickMove"],"picked":"SKIP","floor":19},{"not_picked":["sneckomod:IronFang","sneckomod:ImprovisedGuard+1","sneckomod:UnknownBlock"],"picked":"sneckomod:MasterEye","floor":21},{"not_picked":["sneckomod:UnknownExhaust","sneckomod:DiceCrush","sneckomod:UnknownBlock"],"picked":"sneckomod:UnknownUncommonPower","floor":22},{"not_picked":["sneckomod:UnknownRareAttack","sneckomod:UnknownCommonAttack","sneckomod:DiceBlock"],"picked":"sneckomod:SoulCleanse","floor":26},{"not_picked":["sneckomod:UnknownWeak+1","sneckomod:RainOfDice+1","sneckomod:SoulCleanse"],"picked":"sneckomod:QuickBite+1","floor":28}],"player_experience":668630,"relics_obtained":[{"floor":7,"key":"Question Card"},{"floor":24,"key":"Vajra"}],"event_choices":[{"damage_healed":0,"gold_gain":0,"player_choice":"Donut","damage_taken":0,"max_hp_gain":5,"max_hp_loss":0,"event_name":"Big Fish","floor":5,"gold_loss":0},{"damage_healed":0,"gold_gain":0,"player_choice":"Read","damage_taken":0,"max_hp_gain":0,"max_hp_loss":0,"event_name":"The Library","floor":20,"gold_loss":0,"cards_obtained":["sneckomod:UnknownExhaust"]},{"damage_healed":0,"gold_gain":0,"player_choice":"Got Potions","damage_taken":0,"max_hp_gain":0,"max_hp_loss":0,"event_name":"Lab","floor":25,"gold_loss":0},{"damage_healed":0,"gold_gain":0,"player_choice":"Trade","damage_taken":0,"relics_obtained":["GremlinMask"],"max_hp_gain":0,"max_hp_loss":0,"event_name":"FaceTrader","floor":29,"gold_loss":0}],"is_beta":false,"boss_relics":[{"not_picked":["Tiny House","Coffee Dripper"],"picked":"sneckomod:SuperSneckoSoul"}],"items_purged_floors":[],"is_endless":false,"potions_floor_spawned":[12,13,15,16,22],"killed_by":"Snecko","ascension_level":0}}