{"host":"soyfmymeou4emntr","time":1613238949,"event":{"mods":["BaseMod","Minty Spire (QoL Compilation)","Permanent Neow","Relic Sorter","Relic Stats","StSLib"],"gold_per_floor":[114,164,3,3,23,23,33,64,146,158,204,233,276,300,312,324,324],"floor_reached":16,"language":"ENG","playtime":1096,"items_purged":[],"score":240,"play_id":"0d51deab-f1bb-4778-a68e-74665351890a","local_time":"20210213105549","is_ascension_mode":true,"campfire_choices":[{"data":"Wild Strike","floor":6.0,"key":"SMITH"},{"data":"Bash","floor":10.0,"key":"SMITH"},{"floor":15.0,"key":"REST"}],"circlet_count":0,"master_deck":["AscendersBane","Strike_R","Strike_R","Strike_R","Strike_R","Strike_R","Defend_R","Defend_R","Defend_R","Defend_R","Bash+1","Wild Strike+1","Thunderclap","Offering","Power Through","Inflame","Battle Trance","Barricade","Battle Trance","Heavy Blade","Anger"],"relics":["Burning Blood","MawBank","Bottled Lightning","PreservedInsect","Blue Candle"],"acts_visited":["Exordium"],"potions_floor_usage":[],"damage_taken":[{"damage":16.0,"enemies":"Jaw Worm","floor":1.0,"turns":5.0},{"damage":1.0,"enemies":"Cultist","floor":5.0,"turns":3.0},{"damage":6.0,"enemies":"Small Slimes","floor":7.0,"turns":2.0},{"damage":21.0,"enemies":"Lagavulin","floor":8.0,"turns":7.0},{"damage":30.0,"enemies":"Gremlin Nob","floor":11.0,"turns":4.0},{"damage":11.0,"enemies":"Blue Slaver","floor":12.0,"turns":4.0},{"damage":17.0,"enemies":"3 Sentries","floor":13.0,"turns":6.0},{"damage":6.0,"enemies":"Large Slime","floor":14.0,"turns":3.0},{"damage":35,"enemies":"Hexaghost","floor":16,"turns":7}],"seed_played":"3034123892997604344","potions_obtained":[{"floor":5.0,"key":"Weak Potion"},{"floor":8.0,"key":"Swift Potion"},{"floor":12.0,"key":"Weak Potion"},{"floor":13.0,"key":"Block Potion"}],"is_trial":false,"path_per_floor":["M","?","$","?","M","R","M","E","T","R","E","M","E","M","R","B"],"character_chosen":"IRONCLAD","items_purchased":["Offering"],"campfire_rested":1,"item_purchase_floors":[3],"current_hp_per_floor":[58,58,58,58,63,63,63,48,48,48,24,19,8,8,30,0,0],"gold":324,"neow_bonus":"THREE_CARDS","is_daily":false,"chose_seed":false,"campfire_upgraded":2,"win_rate":0.0,"timestamp":1613238949,"path_taken":["M","?","?","?","M","R","M","E","T","R","E","?","E","M","R","BOSS"],"items_purchased_type":["Card"],"build_version":"2020-12-22","purchased_purges":0,"victory":false,"max_hp_per_floor":[75,75,75,75,75,75,75,75,75,75,75,75,75,75,75,75,75],"relic_stats":{"counters":[9,41],"Blue Candle":[0],"PreservedInsect":33,"MawBank":96,"obtain_stats":[{"Blue Candle":13,"PreservedInsect":11,"Bottled Lightning":9,"MawBank":8,"Burning Blood":0},{"Blue Candle":7,"PreservedInsect":5,"Bottled Lightning":4,"MawBank":4,"Burning Blood":0},{"Blue Candle":31,"PreservedInsect":21,"Bottled Lightning":17,"MawBank":17,"Burning Blood":0}],"Burning Blood":48},"card_choices":[{"not_picked":["True Grit","Sword Boomerang"],"picked":"Wild Strike","floor":0.0},{"not_picked":["Flex","Anger"],"picked":"Thunderclap","floor":1.0},{"not_picked":["Headbutt","Warcry"],"picked":"Power Through","floor":5.0},{"not_picked":["Sword Boomerang","Thunderclap"],"picked":"Inflame","floor":7.0},{"not_picked":["Pommel Strike","Heavy Blade"],"picked":"Battle Trance","floor":8.0},{"not_picked":["Entrench","Clash"],"picked":"Barricade","floor":11.0},{"not_picked":["Havoc","Intimidate"],"picked":"Battle Trance","floor":12.0},{"not_picked":["Double Tap","Feel No Pain"],"picked":"Heavy Blade","floor":13.0},{"not_picked":["Heavy Blade","Headbutt"],"picked":"Anger","floor":14.0}],"player_experience":3281402,"relics_obtained":[{"floor":8.0,"key":"MawBank"},{"floor":9.0,"key":"Bottled Lightning"},{"floor":11.0,"key":"PreservedInsect"},{"floor":13.0,"key":"Blue Candle"}],"event_choices":[{"damage_healed":0.0,"max_hp_gain":0.0,"max_hp_loss":0.0,"gold_gain":50.0,"event_name":"Golden Shrine","player_choice":"Pray","floor":2.0,"gold_loss":0.0,"damage_taken":0.0},{"damage_healed":0.0,"max_hp_gain":0.0,"max_hp_loss":0.0,"gold_gain":0.0,"event_name":"Liars Game","player_choice":"Ignored","floor":4.0,"gold_loss":0.0,"damage_taken":0.0}],"is_beta":false,"boss_relics":[],"items_purged_floors":[],"is_endless":false,"potions_floor_spawned":[5,8,12,13],"killed_by":"Hexaghost","ascension_level":20}}