{"host":"5cyixbtuml7aoyg5","time":1613193030,"event":{"mods":["Act Like it!","BaseMod","Gensokyo","GifTheSpireLib","Hallownest","Infinite Spire","KomeijiMod","Marisa£®ÏF”Í°°ƒß¿Ì…≥£©","Minty Spire (QoL Compilation)","Pale of the Ancients","Quick Restart","Reimu£®≤©¿ˆ¡È√Œ£©","StSLib","The Administrix","The Bug Knight","Yuyuko"],"gold_per_floor":[16,16,26,44,59,59,59],"floor_reached":6,"language":"ZHS","playtime":1372,"items_purged":[],"score":38,"play_id":"00c6218d-2a26-4dad-83fd-ce7e4e32a9e7","local_time":"20210213131030","is_ascension_mode":false,"campfire_choices":[],"circlet_count":0,"master_deck":["Fantasy Butterflies","Fantasy Butterflies","Fantasy Butterflies","Fantasy Butterflies","Fantasy Butterflies","Dreamy Sakura","Dreamy Sakura","Dreamy Sakura","Dreamy Sakura","Dreamy Sakura","Deathly Ground","Faramita\u0027s Temptation","Unfulfilling Attachment","Ghostdom Sakura","Wandering Soul","Dancing Butterflies","Monster Cherry Tree"],"relics":["Coronal","Yuyuko\u0027s fan","Hallownest:DreamNailRelic"],"acts_visited":["Hallownest:Greenpath"],"potions_floor_usage":[],"damage_taken":[{"damage":15,"enemies":"Hallownest:2_Tiktiks_and_1_Crawlid","floor":1,"turns":3},{"damage":16,"enemies":"2_ Uuma","floor":3,"turns":5},{"damage":12,"enemies":"Hallownest:2_MossCreeps","floor":4,"turns":5},{"damage":53,"enemies":"Hallownest:1_Baldur_1_Crawlid_1_Warrior","floor":5,"turns":7},{"damage":93,"enemies":"Hallownest:eliteMossKnight","floor":6,"turns":24}],"seed_played":"-6664171295570258525","potions_obtained":[{"floor":4,"key":"CalmPotion"},{"floor":5,"key":"Dexterity Potion"}],"is_trial":false,"path_per_floor":["M","?","M","M","M","E"],"character_chosen":"YUYOKO","items_purchased":[],"campfire_rested":0,"item_purchase_floors":[],"current_hp_per_floor":[34,34,35,32,32,32,32],"gold":59,"neow_bonus":"THREE_RARE_CARDS","is_daily":false,"chose_seed":false,"campfire_upgraded":0,"win_rate":0.0,"timestamp":1613193030,"path_taken":["M","?","M","?","M","E"],"items_purchased_type":[],"build_version":"2020-12-22","purchased_purges":0,"victory":false,"max_hp_per_floor":[40,40,40,40,40,40,40],"card_choices":[{"not_picked":["Ghastly Dream","Revive The Butterflies"],"picked":"Unfulfilling Attachment","floor":0},{"not_picked":["Unreal","Linger over Flower"],"picked":"Ghostdom Sakura","floor":1},{"not_picked":["End of Faramita","Linger over Flower"],"picked":"Wandering Soul","floor":3},{"not_picked":["End of Faramita","The Nether"],"picked":"Dancing Butterflies","floor":4},{"not_picked":["Chase The Sukhavati","End of Faramita"],"picked":"Monster Cherry Tree","floor":5}],"player_experience":165214,"relics_obtained":[],"event_choices":[],"is_beta":false,"boss_relics":[],"items_purged_floors":[],"is_endless":false,"potions_floor_spawned":[4,5],"killed_by":"Hallownest:eliteMossKnight","ascension_level":0}}