{"host":"uexz8m6e0pxi7xat","time":1613207083,"event":{"mods":["BaseMod","Bestiary","Minty Spire (QoL Compilation)","Relic Stats","ojb\u0027s Info Mod"],"gold_per_floor":[116,116,116,133,147,147,180,180,180,160,69,95,39,71,71,142,142,154,9,9,19,39,39,39],"floor_reached":23,"language":"ENG","playtime":1494,"items_purged":[],"score":414,"play_id":"72d9c36d-98a8-4684-8614-682dcd05c94f","local_time":"20210213220443","is_ascension_mode":true,"campfire_choices":[{"data":"Noxious Fumes","floor":6,"key":"SMITH"},{"data":"Neutralize","floor":8,"key":"SMITH"},{"data":"Deadly Poison","floor":15,"key":"SMITH"}],"circlet_count":0,"master_deck":["AscendersBane","Strike_G","Strike_G","Strike_G","Strike_G","Strike_G","Defend_G","Defend_G","Defend_G","Defend_G","Survivor","Neutralize+1","Poisoned Stab","Noxious Fumes+1","Quick Slash","After Image","Well Laid Plans","Blade Dance","Escape Plan","Deadly Poison+1","Corpse Explosion","Endless Agony","Backstab","Adrenaline","Crippling Poison","Masterful Stab","Catalyst"],"relics":["Ring of the Snake","NeowsBlessing","Juzu Bracelet","Gremlin Horn","Omamori","Turnip","Calling Bell","Tiny Chest","Letter Opener","CaptainsWheel"],"acts_visited":["Exordium","TheCity"],"potions_floor_usage":[12,12,12,14,16,21,23,23],"damage_taken":[{"damage":0,"enemies":"Jaw Worm","floor":1,"turns":1},{"damage":0,"enemies":"Small Slimes","floor":4,"turns":1},{"damage":0,"enemies":"2 Louse","floor":5,"turns":1},{"damage":50,"enemies":"Gremlin Nob","floor":7,"turns":5},{"damage":10,"enemies":"3 Sentries","floor":12,"turns":6},{"damage":3,"enemies":"Gremlin Nob","floor":14,"turns":3},{"damage":3,"enemies":"The Guardian","floor":16,"turns":9},{"damage":15,"enemies":"Shell Parasite","floor":18,"turns":6},{"damage":9,"enemies":"2 Thieves","floor":21,"turns":2},{"damage":0,"enemies":"Centurion and Healer","floor":22,"turns":4},{"damage":27,"enemies":"Slavers","floor":23,"turns":3}],"seed_played":"822920665266153234","potions_obtained":[{"floor":4,"key":"Regen Potion"},{"floor":7,"key":"GamblersBrew"},{"floor":10,"key":"EntropicBrew"},{"floor":16,"key":"SteroidPotion"},{"floor":21,"key":"LiquidBronze"},{"floor":22,"key":"FearPotion"}],"is_trial":false,"path_per_floor":["M","?","?","M","M","R","E","R","T","?","$","E","$","E","R","B",null,"M","$","?","M","M","E"],"character_chosen":"THE_SILENT","items_purchased":["Well Laid Plans","Blade Dance","Fire Potion","Backstab","Energy Potion"],"campfire_rested":0,"item_purchase_floors":[11,11,13,19,19],"current_hp_per_floor":[59,59,52,52,52,52,2,2,2,2,2,7,7,4,4,1,50,35,35,35,26,26,0,0],"gold":39,"neow_bonus":"THREE_ENEMY_KILL","is_daily":false,"chose_seed":false,"campfire_upgraded":3,"win_rate":0.0,"timestamp":1613207083,"path_taken":["M","?","?","M","?","R","E","R","T","?","?","E","$","E","R","BOSS","M","$","?","M","M","E"],"items_purchased_type":["Card","Card","Potion","Card","Potion"],"build_version":"2020-12-22","purchased_purges":0,"victory":false,"max_hp_per_floor":[66,66,66,66,66,66,66,66,66,66,66,66,66,66,66,66,66,66,66,66,66,66,66,66],"relic_stats":{"Gremlin Horn":[2,2],"counters":[11,41],"Tiny Chest":0,"Turnip":[4],"Juzu Bracelet":0,"Letter Opener":[30],"obtain_stats":[{"Calling Bell":17,"CaptainsWheel":17,"NeowsBlessing":0,"Gremlin Horn":9,"Tiny Chest":17,"Turnip":14,"Juzu Bracelet":7,"Omamori":12,"Letter Opener":17,"Ring of the Snake":0},{"Calling Bell":7,"CaptainsWheel":7,"NeowsBlessing":0,"Gremlin Horn":4,"Tiny Chest":7,"Turnip":6,"Juzu Bracelet":4,"Omamori":5,"Letter Opener":7,"Ring of the Snake":0},{"Calling Bell":26,"CaptainsWheel":26,"NeowsBlessing":0,"Gremlin Horn":8,"Tiny Chest":26,"Turnip":17,"Juzu Bracelet":8,"Omamori":14,"Letter Opener":26,"Ring of the Snake":0}],"Ring of the Snake":[22]},"card_choices":[{"not_picked":["Flying Knee","PiercingWail"],"picked":"Poisoned Stab","floor":1},{"not_picked":["Backflip","Prepared"],"picked":"Noxious Fumes","floor":4},{"not_picked":["Backflip","PiercingWail"],"picked":"Quick Slash","floor":5},{"not_picked":["Deflect","Masterful Stab"],"picked":"After Image","floor":7},{"not_picked":["Tools of the Trade","Sucker Punch"],"picked":"Escape Plan","floor":12},{"not_picked":["Underhanded Strike","Concentrate"],"picked":"Deadly Poison","floor":14},{"not_picked":["Grand Finale","Glass Knife"],"picked":"Corpse Explosion","floor":16},{"not_picked":["Bane","Infinite Blades"],"picked":"Endless Agony","floor":18},{"not_picked":["Quick Slash","Dagger Spray"],"picked":"Masterful Stab","floor":21},{"not_picked":["Slice","Sucker Punch"],"picked":"Catalyst","floor":22}],"player_experience":1007862,"relics_obtained":[{"floor":7,"key":"Juzu Bracelet"},{"floor":9,"key":"Gremlin Horn"},{"floor":12,"key":"Omamori"},{"floor":14,"key":"Turnip"},{"floor":17,"key":"Tiny Chest"},{"floor":17,"key":"Letter Opener"},{"floor":17,"key":"CaptainsWheel"}],"event_choices":[{"damage_healed":0,"gold_gain":0,"player_choice":"Leave","damage_taken":0,"max_hp_gain":0,"max_hp_loss":0,"event_name":"The Cleric","floor":2,"gold_loss":0},{"cards_removed":["Defend_G"],"damage_healed":0,"gold_gain":0,"player_choice":"Card Removal","damage_taken":7,"max_hp_gain":0,"max_hp_loss":0,"event_name":"Golden Wing","floor":3,"gold_loss":0},{"damage_healed":0,"gold_gain":0,"player_choice":"Bought 1 Potion","damage_taken":0,"max_hp_gain":0,"max_hp_loss":0,"event_name":"The Woman in Blue","floor":10,"gold_loss":0},{"damage_healed":0,"gold_gain":0,"player_choice":"2 cards matched","damage_taken":0,"max_hp_gain":0,"max_hp_loss":0,"event_name":"Match and Keep!","floor":20,"gold_loss":0,"cards_obtained":["Adrenaline","Crippling Poison"]}],"is_beta":false,"boss_relics":[{"not_picked":["Busted Crown","Ectoplasm"],"picked":"Calling Bell"}],"items_purged_floors":[],"is_endless":false,"potions_floor_spawned":[4,7,16,21,22],"killed_by":"Slavers","ascension_level":20}}