{"host":"ee5exjejqz6r5zx9","time":1613248939,"event":{"mods":["ATMod(阿瑾Mod)","Act Like it!","BaseMod","Card Forge","Colored Map","Colored Powertips","Custom Start","Gensokyo","HololiveMod","Minty Spire (QoL Compilation)","MostiFishMod","Quick Restart","Rare Cards Sparkle","Remove Card Discount Mod","Reorder Act Four","Replay The Spire","RumiaBox-露米娅的神秘盒子","Shop Mod","StSLib","TestMod","【功能Mod】混沌之环修复补丁","【遗物卡牌】REMEMod"],"gold_per_floor":[112,132,147,157,157,186,186,219,270,297,317,317,331,351,351,429,429,449,449,849,662,699,749,663,717,717,750,409,409,438,457,457,531,531,574,242,242,283,283,315,315,340,340,356,188,198,198,232,232,232,232,232,64,64,91,91],"floor_reached":57,"language":"ZHS","playtime":1410,"items_purged":["AT_OneInchPunch+1","Strike_P+1"],"score":3151,"play_id":"4968a6cc-9067-437a-99cf-8bc6a47d13a9","local_time":"20210214044219","is_ascension_mode":true,"campfire_choices":[{"floor":7.0,"key":"RECALL"},{"data":"CarveReality","floor":12.0,"key":"SMITH"},{"data":"MostiFishMod:Mottled+2","floor":15.0,"key":"SMITH"},{"data":"MostiFishMod:Mottled+3","floor":29.0,"key":"SMITH"},{"data":"MostiFishMod:Mottled+4","floor":32.0,"key":"SMITH"},{"data":"MostiFishMod:Mottled+6","floor":41.0,"key":"SMITH"},{"data":"MostiFishMod:Minus+1","floor":47.0,"key":"SMITH"},{"data":"MostiFishMod:Minus+2","floor":49.0,"key":"SMITH"},{"data":"MostiFishMod:Minus+3","floor":54.0,"key":"SMITH"}],"circlet_count":0,"master_deck":["AscendersBane","Strike_P+1","Defend_P+1","Defend_P+1","Eruption+1","Vigilance+1","Indignation+1","MostiFishMod:Mottled+8","MostiFishMod:Speedup+1","CarveReality+1","Scrawl+1","HandOfGreed+1","AT_ChampionStep+1","AT_IrregularMenstruation+1","MostiFishMod:Speedup+1","Evaluate+1","Vault+1","TalkToTheHand+1","Ragnarok+1","MostiFishMod:Adaptation+1","AT_ChampionKick+1","Adaptation+1","MostiFishMod:Minus+8"],"relics":["PureWater","Hammer of Thor","Seething Fire","Anvil of the Gods","testmod-TestBox","AT_ATBox","testmod-StringDisintegrator","BrkXgEgg","SynthV:TestCard","AT_ImmortalShieldbow","Replay:Bottled Steam","PreservedInsect","Sozu","ReplayTheSpireMod:Shallot","SynthV:C4","Garlic","Centennial Puzzle","Kunai","Durian","Philosopher\u0027s Stone","DaveBox","Eternal Feather","Mercury Hourglass","testmod-OneHitWonder","Darkstone Periapt","Blue Doll","AT_EbonyIvory","OriginationStaff"],"acts_visited":["Exordium","TheCity","TheBeyond","TheEnding"],"potions_floor_usage":[],"damage_taken":[{"damage":2.0,"enemies":"Jaw Worm","floor":1.0,"turns":2.0},{"damage":0.0,"enemies":"Cultist","floor":2.0,"turns":2.0},{"damage":0.0,"enemies":"Small Slimes","floor":3.0,"turns":1.0},{"damage":0.0,"enemies":"2 Fungi Beasts","floor":4.0,"turns":1.0},{"damage":0.0,"enemies":"Gremlin Nob","floor":6.0,"turns":2.0},{"damage":0.0,"enemies":"3 Sentries","floor":8.0,"turns":1.0},{"damage":0.0,"enemies":"Lagavulin","floor":10.0,"turns":2.0},{"damage":0.0,"enemies":"Blue Slaver","floor":11.0,"turns":1.0},{"damage":4.0,"enemies":"Red Slaver","floor":13.0,"turns":2.0},{"damage":0.0,"enemies":"Gremlin Gang","floor":14.0,"turns":2.0},{"damage":0.0,"enemies":"Slime Boss","floor":16.0,"turns":3.0},{"damage":0.0,"enemies":"Spheric Guardian","floor":18.0,"turns":2.0},{"damage":0.0,"enemies":"3 Byrds","floor":22.0,"turns":2.0},{"damage":0.0,"enemies":"Gremlin Leader","floor":23.0,"turns":1.0},{"damage":0.0,"enemies":"Slavers","floor":25.0,"turns":1.0},{"damage":0.0,"enemies":"REME_1_Revenger","floor":27.0,"turns":2.0},{"damage":0.0,"enemies":"Slavers","floor":30.0,"turns":1.0},{"damage":0.0,"enemies":"Cultist and Chosen","floor":31.0,"turns":2.0},{"damage":0.0,"enemies":"Automaton","floor":33.0,"turns":2.0},{"damage":0.0,"enemies":"3 Shapes","floor":35.0,"turns":2.0},{"damage":0.0,"enemies":"Orb Walker","floor":38.0,"turns":3.0},{"damage":0.0,"enemies":"R_Hoarder","floor":40.0,"turns":1.0},{"damage":0.0,"enemies":"Giant Head","floor":42.0,"turns":3.0},{"damage":0.0,"enemies":"4 Shapes","floor":44.0,"turns":2.0},{"damage":0.0,"enemies":"Jaw Worm Horde","floor":46.0,"turns":2.0},{"damage":0.0,"enemies":"R_Hoarder","floor":48.0,"turns":2.0},{"damage":12.0,"enemies":"Time Eater","floor":50.0,"turns":4.0},{"damage":0.0,"enemies":"Replay:Hell Engine","floor":51.0,"turns":3.0},{"damage":44,"enemies":"Shield and Spear","floor":55,"turns":3},{"damage":12,"enemies":"The Heart","floor":56,"turns":6}],"seed_played":"6232421107845129061","potions_obtained":[{"floor":1.0,"key":"Energy Potion"},{"floor":3.0,"key":"StancePotion"},{"floor":8.0,"key":"Fruit Juice"},{"floor":16.0,"key":"EssenceOfSteel"}],"is_trial":false,"path_per_floor":["M","M","M","M","?","E","R","E","T","E","M","R","M","M","R","B",null,"M","?","?","$","M","E","$","E","T","E","$","R","E","M","R","B",null,"M","$","?","M","?","E","R","E","T","M","$","M","R","E","R","B","B",null,"$","R","E","B",null],"character_chosen":"WATCHER","items_purchased":["HandOfGreed+1","AT_ChampionStep","Kunai","Evaluate","Ragnarok+1","MostiFishMod:Adaptation+1","MostiFishMod:Minus+1","AT_EbonyIvory"],"campfire_rested":0,"item_purchase_floors":[21,24,28,28,36,36,45,53],"current_hp_per_floor":[59,59,59,59,59,59,59,64,64,64,64,64,60,60,60,60,70,70,70,70,70,70,70,70,70,70,70,70,70,75,75,75,75,77,77,77,77,77,77,77,78,78,78,78,78,78,78,78,78,66,66,75,75,78,34,40],"gold":91,"neow_bonus":"TRANSFORM_CARD","is_daily":false,"chose_seed":false,"campfire_upgraded":8,"win_rate":0.0,"timestamp":1613248939,"path_taken":["M","M","M","M","?","E","R","E","T","E","M","R","?","?","R","BOSS","M","?","?","$","M","E","$","E","T","E","?","R","E","M","R","BOSS","M","$","?","?","?","E","R","E","T","M","$","M","R","E","R","BOSS","BOSS","$","R","E","BOSS"],"items_purchased_type":["Card","Card","Relic","Card","Card","Card","Card","Relic"],"build_version":"2020-12-22","purchased_purges":2,"victory":true,"max_hp_per_floor":[68,68,68,68,68,68,68,73,73,73,73,73,73,73,73,73,73,73,73,73,73,73,73,73,73,73,73,73,73,78,78,78,78,78,78,78,78,78,78,78,78,78,78,78,78,78,78,78,78,78,78,78,78,78,78,78],"card_choices":[{"not_picked":["MostiFishMod:Nomercy","ThirdEye","FlyingSleeves"],"picked":"SKIP","floor":1.0},{"not_picked":["SandsOfTime","Replay:BluntJabs","WreathOfFlame","JustLucky"],"picked":"AT_OneInchPunch","floor":2.0},{"not_picked":["CrushJoints","Crescendo","WindmillStrike","Consecrate","SashWhip"],"picked":"SKIP","floor":3.0},{"not_picked":["Prostrate","FlurryOfBlows","ThirdEye","DeceiveReality"],"picked":"MostiFishMod:Speedup","floor":4.0},{"not_picked":["Halt","JustLucky","ReachHeaven","AT_SoftenMuscles","Indignation"],"picked":"SKIP","floor":6.0},{"not_picked":["JustLucky","Fasting2","ClearTheMind","WheelKick"],"picked":"CarveReality","floor":8.0},{"not_picked":["Consecrate","Protect","Weave","EmptyMind","MostiFishMod:StarOceanP+1"],"picked":"SKIP","floor":10.0},{"not_picked":["SashWhip","BowlingBash","Replay:Cycle","Consecrate","JustLucky"],"picked":"SKIP","floor":11.0},{"not_picked":["JustLucky","REME_Repentance","EmptyBody","Replay:DivineShield","Halt"],"picked":"SKIP","floor":13.0},{"not_picked":["ThirdEye","REME_EmptyShield+1","JustLucky","FollowUp","Replay:Hum"],"picked":"SKIP","floor":14.0},{"not_picked":["MostiFishMod:StarHerder+1","Brilliance+1","Replay:LoomingThreat+1","MasterReality+1"],"picked":"Scrawl+1","floor":16.0},{"not_picked":["ClearTheMind","Protect","SashWhip","PathToVictory","JustLucky"],"picked":"SKIP","floor":18.0},{"not_picked":["Halt","SashWhip","Replay:AtTheReady+1","EmptyFist","CutThroughFate"],"picked":"SKIP","floor":22.0},{"not_picked":["ClearTheMind+1","FlurryOfBlows","WindmillStrike","DevaForm+1","Vengeance"],"picked":"SKIP","floor":23.0},{"not_picked":["Halt","REME_Repentance","Prostrate","AT_ChampionStep"],"picked":"AT_IrregularMenstruation+1","floor":25.0},{"not_picked":["MostiFishMod:DisColor+1","MostiFishMod:LegendTransform","AT_OneInchPunch+1","Replay:BluntJabs+1"],"picked":"MostiFishMod:Speedup","floor":27.0},{"not_picked":["Protect","Halt","Conclude","ForeignInfluence+1","Consecrate+1"],"picked":"SKIP","floor":30.0},{"not_picked":["CutThroughFate","Replay:Hum+1","Protect","MostiFishMod:Clarity","Halt"],"picked":"SKIP","floor":31.0},{"not_picked":["Establishment+1","MostiFishMod:Disappear+1","MasterReality+1","Devotion+1"],"picked":"Vault+1","floor":33.0},{"not_picked":["Swivel+1","Replay:AtTheReady","CutThroughFate","Evaluate+1"],"picked":"TalkToTheHand","floor":35.0},{"not_picked":["FlyingSleeves","Replay:ManipulateFuture","Vengeance","REME_MusicOfDeath+1","ReachHeaven+1"],"picked":"SKIP","floor":38.0},{"not_picked":["CutThroughFate+1","Meditate","MostiFishMod:FlowState","Prostrate"],"picked":"AT_ChampionKick+1","floor":40.0},{"not_picked":["FlurryOfBlows+1","EmptyFist","Halt","Protect+1"],"picked":"Adaptation","floor":42.0},{"not_picked":["DeceiveReality","FlyingSleeves","CutThroughFate","Replay:AtTheReady","SashWhip"],"picked":"SKIP","floor":44.0},{"not_picked":["CrushJoints+1","EmptyBody","MostiFishMod:ScryFuture+1","FollowUp","SignatureMove"],"picked":"SKIP","floor":46.0},{"not_picked":["Pray","REME_MusicOfDeath+1","MostiFishMod:Clarity+1","MostiFishMod:OutWit+1","ClearTheMind"],"picked":"SKIP","floor":48.0},{"not_picked":["CutThroughFate+1","Replay:DivineShield","Replay:ManipulateFuture","Evaluate","Blasphemy+1"],"picked":"SKIP","floor":55}],"player_experience":445812,"relics_obtained":[{"floor":1.0,"key":"SynthV:TestCard"},{"floor":6.0,"key":"Replay:Bottled Steam"},{"floor":8.0,"key":"PreservedInsect"},{"floor":23.0,"key":"ReplayTheSpireMod:Shallot"},{"floor":25.0,"key":"SynthV:C4"},{"floor":26.0,"key":"Garlic"},{"floor":27.0,"key":"Centennial Puzzle"},{"floor":30.0,"key":"Durian"},{"floor":40.0,"key":"Mercury Hourglass"},{"floor":42.0,"key":"testmod-OneHitWonder"},{"floor":43.0,"key":"Darkstone Periapt"},{"floor":48.0,"key":"Blue Doll"},{"floor":55,"key":"OriginationStaff"}],"event_choices":[{"damage_healed":0.0,"max_hp_gain":0.0,"max_hp_loss":0.0,"gold_gain":0.0,"event_name":"WeMeetAgain","player_choice":"Gave Potion","floor":5.0,"gold_loss":0.0,"damage_taken":0.0,"relics_obtained":["AT_ImmortalShieldbow"]},{"damage_healed":0.0,"max_hp_gain":0.0,"max_hp_loss":0.0,"gold_gain":0.0,"event_name":"Back to Basics","player_choice":"Simplicity","floor":19.0,"gold_loss":0.0,"damage_taken":0.0,"cards_upgraded":["Strike_P","Strike_P","Strike_P","Defend_P","Defend_P","Defend_P"]},{"damage_healed":0.0,"max_hp_gain":0.0,"max_hp_loss":0.0,"gold_gain":400.0,"event_name":"恩洛斯的盘子","player_choice":"Sell","floor":20.0,"relics_lost":["REME_ComplimentaryCards"],"gold_loss":0.0,"damage_taken":0.0},{"damage_healed":0.0,"max_hp_gain":0.0,"max_hp_loss":0.0,"gold_gain":0.0,"event_name":"Upgrade Shrine","player_choice":"Upgraded","floor":37.0,"gold_loss":0.0,"damage_taken":0.0,"cards_upgraded":["MostiFishMod:Mottled"]},{"damage_healed":0.0,"max_hp_gain":0.0,"max_hp_loss":0.0,"gold_gain":0.0,"event_name":"给自己的盒子","player_choice":"Swap Relic","floor":39.0,"relics_lost":["DaveBox"],"gold_loss":0.0,"damage_taken":0.0,"relics_obtained":["DaveBox"]}],"is_beta":false,"boss_relics":[{"not_picked":["testmod-CardMagician","testmod-TimeTraveler"],"picked":"Sozu"},{"not_picked":["Hololive_Finger","Empty Cage"],"picked":"Philosopher\u0027s Stone"}],"items_purged_floors":[21,36],"is_endless":false,"potions_floor_spawned":[1,3,4,8,16,18,30,31,38,46,48],"ascension_level":20}}