{"host":"jngeqill3bw7azzz","time":1613236050,"event":{"mods":["BaseMod","Highlight Path","Minty Spire (QoL Compilation)","Permanent Neow","Relic Stats"],"gold_per_floor":[119,119,133,152,152,152,167,194,266,298,310,340,386,414,426,512,524,512,161,173,173,173],"floor_reached":21,"language":"ENG","playtime":1776,"items_purged":["Strike_R"],"score":401,"play_id":"44ac117f-8a48-46a3-b77a-9ec73da1bcfa","local_time":"20210213120730","is_ascension_mode":true,"campfire_choices":[{"data":"Twin Strike","floor":6,"key":"SMITH"},{"data":"Clothesline","floor":11,"key":"SMITH"},{"data":"Spot Weakness","floor":15,"key":"SMITH"}],"circlet_count":0,"master_deck":["AscendersBane","Strike_R","Strike_R","Strike_R","Defend_R","Defend_R","Defend_R","Defend_R","Bash","Twin Strike+1","Spot Weakness+1","Power Through","Clothesline+1","Sword Boomerang","Barricade","Second Wind","Body Slam","Corruption","Armaments","Burning Pact"],"relics":["Burning Blood","StoneCalendar","Spirit Poop","Prayer Wheel","InkBottle","MawBank","Lantern","Fusion Hammer","Question Card"],"acts_visited":["Exordium","TheCity"],"potions_floor_usage":[8,13,16],"damage_taken":[{"damage":9,"enemies":"Jaw Worm","floor":1,"turns":5},{"damage":6,"enemies":"Cultist","floor":3,"turns":3},{"damage":4,"enemies":"Small Slimes","floor":4,"turns":4},{"damage":5,"enemies":"3 Louse","floor":7,"turns":5},{"damage":8,"enemies":"Gremlin Nob","floor":8,"turns":3},{"damage":30,"enemies":"3 Sentries","floor":10,"turns":7},{"damage":0,"enemies":"Large Slime","floor":12,"turns":5},{"damage":6,"enemies":"Gremlin Nob","floor":13,"turns":3},{"damage":12,"enemies":"2 Fungi Beasts","floor":14,"turns":4},{"damage":18,"enemies":"Hexaghost","floor":16,"turns":7},{"damage":11,"enemies":"2 Thieves","floor":18,"turns":4},{"damage":42,"enemies":"3 Byrds","floor":20,"turns":7},{"damage":0,"enemies":"Snake Plant","floor":21,"turns":1}],"seed_played":"-6547177609890811752","potions_obtained":[{"floor":3,"key":"DuplicationPotion"},{"floor":7,"key":"BlessingOfTheForge"},{"floor":12,"key":"SteroidPotion"},{"floor":13,"key":"FearPotion"},{"floor":20,"key":"LiquidMemories"}],"is_trial":false,"path_per_floor":["M","?","M","M","?","R","M","E","T","E","R","M","E","M","R","B",null,"M","$","M","M"],"character_chosen":"IRONCLAD","items_purchased":["Question Card"],"campfire_rested":0,"item_purchase_floors":[19],"current_hp_per_floor":[65,65,65,67,67,67,68,66,66,42,42,48,48,42,42,30,62,57,57,21,21,21],"gold":173,"neow_bonus":"ONE_RARE_RELIC","is_daily":false,"chose_seed":false,"campfire_upgraded":3,"win_rate":0.0,"timestamp":1613236050,"path_taken":["M","?","M","?","?","R","M","E","T","E","R","M","E","M","R","BOSS","M","$","M","M"],"items_purchased_type":["Relic"],"build_version":"2020-12-22","purchased_purges":1,"victory":false,"max_hp_per_floor":[75,72,72,72,72,72,72,72,72,72,72,72,72,72,72,72,72,72,72,72,72,72],"relic_stats":{"counters":[13,58],"StoneCalendar":[72],"Prayer Wheel":4,"MawBank":108,"Question Card":2,"obtain_stats":[{"Lantern":13,"Spirit Poop":2,"StoneCalendar":0,"Prayer Wheel":8,"Fusion Hammer":17,"MawBank":10,"Question Card":19,"Burning Blood":0,"InkBottle":9},{"Lantern":8,"Spirit Poop":1,"StoneCalendar":0,"Prayer Wheel":5,"Fusion Hammer":10,"MawBank":6,"Question Card":11,"Burning Blood":0,"InkBottle":5},{"Lantern":35,"Spirit Poop":5,"StoneCalendar":0,"Prayer Wheel":20,"Fusion Hammer":46,"MawBank":27,"Question Card":50,"Burning Blood":0,"InkBottle":20}],"Burning Blood":72,"InkBottle":[9]},"card_choices":[{"not_picked":["Power Through","Shrug It Off"],"picked":"Twin Strike","floor":1},{"not_picked":["Intimidate","Searing Blow"],"picked":"Spot Weakness","floor":3},{"not_picked":["True Grit","Sword Boomerang"],"picked":"Power Through","floor":4},{"not_picked":["Thunderclap","Perfected Strike"],"picked":"Sword Boomerang","floor":7},{"not_picked":["Inflame","Fire Breathing"],"picked":"Barricade","floor":8},{"not_picked":["Twin Strike","Warcry"],"picked":"Second Wind","floor":10},{"not_picked":["Barricade","Ghostly Armor"],"picked":"Body Slam","floor":12},{"not_picked":["Blood for Blood","Thunderclap","Clothesline"],"picked":"SKIP","floor":12},{"not_picked":["Dual Wield","Pommel Strike"],"picked":"Corruption","floor":13},{"not_picked":["Pommel Strike","Wild Strike"],"picked":"Armaments","floor":14},{"not_picked":["Iron Wave","Sword Boomerang","Flex"],"picked":"SKIP","floor":14},{"not_picked":["Blood for Blood","Thunderclap"],"picked":"Burning Pact","floor":18},{"not_picked":["Headbutt","Fire Breathing","True Grit"],"picked":"SKIP","floor":18},{"not_picked":["Demon Form","Body Slam+1","Flex","Clothesline"],"picked":"SKIP","floor":20},{"not_picked":["Perfected Strike","Warcry","Anger","Twin Strike"],"picked":"SKIP","floor":20}],"player_experience":2635648,"relics_obtained":[{"floor":8,"key":"Prayer Wheel"},{"floor":9,"key":"InkBottle"},{"floor":10,"key":"MawBank"},{"floor":13,"key":"Lantern"}],"event_choices":[{"cards_removed":["Parasite"],"damage_healed":0,"gold_gain":0,"player_choice":"Offered Curse","damage_taken":0,"relics_obtained":["Spirit Poop"],"max_hp_gain":0,"max_hp_loss":0,"event_name":"Bonfire Elementals","floor":2,"gold_loss":0},{"damage_healed":0,"gold_gain":0,"cards_transformed":["Strike_R"],"player_choice":"Change","damage_taken":0,"max_hp_gain":0,"max_hp_loss":0,"event_name":"Living Wall","floor":5,"gold_loss":0,"cards_obtained":["Clothesline"]}],"is_beta":false,"boss_relics":[{"not_picked":["Mark of Pain","Tiny House"],"picked":"Fusion Hammer"}],"items_purged_floors":[19],"is_endless":false,"potions_floor_spawned":[3,7,12,13,20],"killed_by":"Snake Plant","ascension_level":20}}