{"host":"sxnl403xm2xmiyj1","time":1613222814,"event":{"mods":["AchievementEnabler","BaseMod","Colored Map","Keyboard Shortcuts","Minty Spire (QoL Compilation)","Quick Restart","StSLib","SuperFastMode"],"gold_per_floor":[116,127,55,65,80,105,105,105,105,117,131,131,147,179,179,256,256,274,47,47,58,58,93,93,128,174,201,219,319,335,23,23,98,98,115,132,150,0,14,14,42,55,81,136,136,136,146,156,156,156,156,156,19,44,44,44],"floor_reached":55,"language":"KOR","playtime":2490,"items_purged":["Strike_R","Strike_R"],"score":1546,"play_id":"2f912eaa-2b43-4468-822a-8cfada785d99","local_time":"20210213222654","is_ascension_mode":true,"campfire_choices":[{"data":"Entrench","floor":8.0,"key":"SMITH"},{"data":"Body Slam","floor":12.0,"key":"SMITH"},{"data":"True Grit","floor":15.0,"key":"SMITH"},{"data":"Barricade","floor":24.0,"key":"SMITH"},{"data":"True Grit","floor":32.0,"key":"SMITH"},{"data":"True Grit","floor":40.0,"key":"SMITH"},{"floor":46.0,"key":"RECALL"},{"data":"True Grit","floor":49,"key":"SMITH"},{"data":"Burning Pact","floor":52,"key":"SMITH"}],"circlet_count":0,"master_deck":["AscendersBane","Strike_R","Defend_R","Defend_R","Defend_R","Defend_R","Bash","Entrench+1","Disarm","Ghostly Armor","Burning Pact+1","Iron Wave","Offering","Body Slam+1","Shrug It Off","True Grit+1","Barricade+1","Body Slam+1","True Grit+1","Shrug It Off","Ghostly Armor","Warcry","Impervious","Iron Wave+1","Power Through","True Grit+1","Body Slam+1","Headbutt+1","Body Slam+1","Iron Wave+1","Evolve+1","Body Slam+1","Parasite","Armaments+1","Iron Wave+1","Shrug It Off","True Grit+1","Shockwave","Sentinel","Iron Wave+1","Dark Embrace","Battle Trance"],"relics":["Burning Blood","Turnip","Eternal Feather","Molten Egg 2","Coffee Dripper","Lizard Tail","Pen Nib","Potion Belt","Magic Flower","Prayer Wheel","Pear","Empty Cage","Red Mask","Regal Pillow","Mango","Vajra"],"acts_visited":["Exordium","TheCity","TheBeyond","TheEnding"],"potions_floor_usage":[55,55,55,55],"damage_taken":[{"damage":6.0,"enemies":"Cultist","floor":1.0,"turns":3.0},{"damage":19.0,"enemies":"Jaw Worm","floor":2.0,"turns":4.0},{"damage":1.0,"enemies":"2 Louse","floor":4.0,"turns":5.0},{"damage":7.0,"enemies":"2 Fungi Beasts","floor":5.0,"turns":5.0},{"damage":65.0,"enemies":"3 Sentries","floor":6.0,"turns":14.0},{"damage":12.0,"enemies":"Looter","floor":10.0,"turns":4.0},{"damage":12.0,"enemies":"Lots of Slimes","floor":11.0,"turns":8.0},{"damage":6.0,"enemies":"2 Fungi Beasts","floor":13.0,"turns":3.0},{"damage":17.0,"enemies":"Lagavulin","floor":14.0,"turns":6.0},{"damage":45.0,"enemies":"The Guardian","floor":16.0,"turns":22.0},{"damage":9.0,"enemies":"3 Byrds","floor":18.0,"turns":8.0},{"damage":34.0,"enemies":"Chosen","floor":21.0,"turns":9.0},{"damage":30.0,"enemies":"Gremlin Leader","floor":23.0,"turns":10.0},{"damage":63.0,"enemies":"Book of Stabbing","floor":25.0,"turns":11.0},{"damage":6.0,"enemies":"Gremlin Leader","floor":27.0,"turns":5.0},{"damage":13.0,"enemies":"Centurion and Healer","floor":28.0,"turns":7.0},{"damage":17.0,"enemies":"Colosseum Slavers","floor":29.0,"turns":8.0},{"damage":15.0,"enemies":"Colosseum Nobs","floor":29.0,"turns":8.0},{"damage":0.0,"enemies":"Snake Plant","floor":30.0,"turns":4.0},{"damage":6.0,"enemies":"Champ","floor":33.0,"turns":9.0},{"damage":6.0,"enemies":"3 Darklings","floor":35.0,"turns":12.0},{"damage":0.0,"enemies":"Orb Walker","floor":36.0,"turns":1.0},{"damage":36.0,"enemies":"Jaw Worm Horde","floor":37.0,"turns":6.0},{"damage":17.0,"enemies":"Writhing Mass","floor":39.0,"turns":5.0},{"damage":34.0,"enemies":"Reptomancer","floor":41.0,"turns":9.0},{"damage":6.0,"enemies":"3 Darklings","floor":42.0,"turns":5.0},{"damage":29.0,"enemies":"2 Orb Walkers","floor":44.0,"turns":6.0},{"damage":41.0,"enemies":"Spire Growth","floor":47.0,"turns":7.0},{"damage":21.0,"enemies":"Transient","floor":48.0,"turns":5.0},{"damage":27,"enemies":"Time Eater","floor":50,"turns":11},{"damage":38,"enemies":"Shield and Spear","floor":54,"turns":9},{"damage":183,"enemies":"The Heart","floor":55,"turns":9}],"seed_played":"-482667327205293853","potions_obtained":[{"floor":4.0,"key":"Explosive Potion"},{"floor":6.0,"key":"Dexterity Potion"},{"floor":11.0,"key":"BloodPotion"},{"floor":13.0,"key":"FearPotion"},{"floor":16.0,"key":"Weak Potion"},{"floor":18.0,"key":"ColorlessPotion"},{"floor":23.0,"key":"Ancient Potion"},{"floor":25.0,"key":"Dexterity Potion"},{"floor":28.0,"key":"BloodPotion"},{"floor":33.0,"key":"AttackPotion"},{"floor":35.0,"key":"BloodPotion"},{"floor":41.0,"key":"Energy Potion"},{"floor":42.0,"key":"BloodPotion"},{"floor":48,"key":"BloodPotion"}],"is_trial":false,"path_per_floor":["M","M","$","M","M","E","?","R","T","M","M","R","M","E","R","B",null,"M","$","?","M","?","E","R","E","T","E","M","?","M","$","R","B",null,"M","M","M","?","M","R","E","M","T","?","?","R","M","M","R","B",null,"R","$","E","B"],"character_chosen":"IRONCLAD","items_purchased":["Ghostly Armor","True Grit","FairyPotion","Power Through","True Grit","Regen Potion","Dark Embrace","Battle Trance"],"campfire_rested":0,"item_purchase_floors":[3,19,19,31,31,31,53,53],"current_hp_per_floor":[75,62,62,67,66,7,34,34,34,28,22,31,47,36,48,9,64,61,61,61,33,17,23,35,25,25,25,21,43,52,52,67,70,90,93,97,70,70,62,83,58,61,61,77,111,111,79,67,91,73,102,111,111,82,0,0],"gold":44,"neow_bonus":"TEN_PERCENT_HP_BONUS","is_daily":false,"chose_seed":false,"campfire_upgraded":8,"win_rate":0.0,"timestamp":1613222814,"path_taken":["M","M","?","?","M","E","?","R","T","M","M","R","M","E","R","BOSS","M","$","?","M","?","E","R","E","T","E","M","?","M","$","R","BOSS","M","M","M","?","M","R","E","M","T","?","?","R","?","M","R","BOSS","R","$","E","BOSS"],"items_purchased_type":["Card","Card","Potion","Card","Card","Potion","Card","Card"],"build_version":"2020-12-22","purchased_purges":2,"victory":false,"max_hp_per_floor":[82,82,82,82,82,82,82,82,82,82,82,82,82,82,82,82,82,82,82,82,82,87,87,87,87,87,87,87,97,97,97,97,97,97,97,97,97,97,97,97,97,97,97,111,111,111,111,111,111,111,111,111,111,111,111,111],"card_choices":[{"not_picked":["Cleave","Armaments"],"picked":"Entrench","floor":1.0},{"not_picked":["True Grit","Reckless Charge"],"picked":"Disarm","floor":2.0},{"not_picked":["Heavy Blade","Uppercut"],"picked":"Burning Pact","floor":4.0},{"not_picked":["Twin Strike","Flex"],"picked":"Iron Wave","floor":5.0},{"not_picked":["Perfected Strike","Heavy Blade"],"picked":"Offering","floor":6.0},{"not_picked":["Infernal Blade","Carnage"],"picked":"Body Slam","floor":10.0},{"not_picked":["Iron Wave","Flex"],"picked":"Shrug It Off","floor":11.0},{"not_picked":["Havoc","Clothesline","Thunderclap"],"picked":"SKIP","floor":13.0},{"not_picked":["Intimidate","Clash+1"],"picked":"True Grit","floor":14.0},{"not_picked":["Exhume","Reaper+1"],"picked":"Barricade","floor":16.0},{"not_picked":["Spot Weakness","Twin Strike+1"],"picked":"Body Slam+1","floor":18.0},{"not_picked":["Cleave+1","Whirlwind+1","Rage"],"picked":"SKIP","floor":21.0},{"not_picked":["Dual Wield","Havoc","Anger+1"],"picked":"SKIP","floor":23.0},{"not_picked":["Perfected Strike+1","Heavy Blade+1"],"picked":"Shrug It Off","floor":25.0},{"not_picked":["Inflame","Thunderclap+1","Sentinel"],"picked":"SKIP","floor":27.0},{"not_picked":["Dual Wield","Wild Strike+1"],"picked":"Ghostly Armor","floor":28.0},{"not_picked":["Flex+1","Cleave+1"],"picked":"Warcry","floor":29.0},{"not_picked":["Anger+1","Wild Strike+1"],"picked":"Impervious","floor":30.0},{"not_picked":["Flex","Clash+1"],"picked":"Iron Wave+1","floor":30.0},{"not_picked":["Battle Trance","Thunderclap+1"],"picked":"Body Slam+1","floor":35.0},{"not_picked":["Clash+1","Feel No Pain"],"picked":"Headbutt+1","floor":35.0},{"not_picked":["Second Wind+1","Flex"],"picked":"Body Slam+1","floor":36.0},{"not_picked":["Whirlwind+1","Immolate+1"],"picked":"Iron Wave+1","floor":36.0},{"not_picked":["Flex+1","Heavy Blade+1"],"picked":"Evolve+1","floor":37.0},{"not_picked":["Burning Pact","Shrug It Off"],"picked":"Body Slam+1","floor":37.0},{"not_picked":["Wild Strike+1","Sword Boomerang+1"],"picked":"Armaments+1","floor":39.0},{"not_picked":["Thunderclap+1","Cleave+1"],"picked":"Iron Wave+1","floor":39.0},{"not_picked":["Battle Trance","Inflame"],"picked":"Shrug It Off","floor":41.0},{"not_picked":["Pummel+1","Searing Blow+1"],"picked":"True Grit","floor":42.0},{"not_picked":["Armaments","Sever Soul+1","Fiend Fire+1"],"picked":"SKIP","floor":42.0},{"not_picked":["Havoc+1","Clash+1"],"picked":"Shockwave","floor":44.0},{"not_picked":["Warcry","Flex"],"picked":"Sentinel","floor":47.0},{"not_picked":["Thunderclap+1","Warcry","Perfected Strike+1"],"picked":"SKIP","floor":47.0},{"not_picked":["Carnage+1","Bloodletting"],"picked":"Iron Wave+1","floor":48},{"not_picked":["Brutality","Wild Strike+1","Intimidate"],"picked":"SKIP","floor":48},{"not_picked":["Double Tap","Twin Strike+1","Rage+1"],"picked":"SKIP","floor":54}],"player_experience":215003,"relics_obtained":[{"floor":6.0,"key":"Turnip"},{"floor":9.0,"key":"Eternal Feather"},{"floor":14.0,"key":"Molten Egg 2"},{"floor":23.0,"key":"Lizard Tail"},{"floor":25.0,"key":"Pen Nib"},{"floor":26.0,"key":"Potion Belt"},{"floor":27.0,"key":"Magic Flower"},{"floor":29.0,"key":"Prayer Wheel"},{"floor":29.0,"key":"Pear"},{"floor":41.0,"key":"Regal Pillow"},{"floor":44.0,"key":"Mango"},{"floor":54,"key":"Vajra"}],"event_choices":[{"damage_healed":27.0,"max_hp_gain":0.0,"max_hp_loss":0.0,"gold_gain":0.0,"event_name":"Big Fish","player_choice":"Banana","floor":7.0,"gold_loss":0.0,"damage_taken":0.0},{"damage_healed":0.0,"max_hp_gain":5.0,"max_hp_loss":0.0,"gold_gain":0.0,"event_name":"Forgotten Altar","player_choice":"Shed Blood","floor":22.0,"gold_loss":0.0,"damage_taken":21.0},{"damage_healed":0.0,"max_hp_gain":0.0,"max_hp_loss":0.0,"gold_gain":0.0,"event_name":"Colosseum","player_choice":"Fight","floor":29.0,"gold_loss":0.0,"damage_taken":0.0},{"damage_healed":0.0,"max_hp_gain":0.0,"max_hp_loss":0.0,"gold_gain":0.0,"event_name":"Colosseum","player_choice":"Fought Nobs","floor":29.0,"gold_loss":0.0,"damage_taken":0.0},{"damage_healed":0.0,"max_hp_gain":0.0,"max_hp_loss":0.0,"gold_gain":0.0,"event_name":"Tomb of Lord Red Mask","player_choice":"Paid","floor":38.0,"gold_loss":150.0,"damage_taken":0.0,"relics_obtained":["Red Mask"]},{"damage_healed":0.0,"max_hp_gain":0.0,"max_hp_loss":0.0,"gold_gain":0.0,"event_name":"Mysterious Sphere","player_choice":"Fight","floor":44.0,"gold_loss":0.0,"damage_taken":0.0},{"damage_healed":34.0,"max_hp_gain":0.0,"max_hp_loss":0.0,"gold_gain":0.0,"event_name":"Wheel of Change","player_choice":"Full Heal","floor":45.0,"gold_loss":0.0,"damage_taken":0.0}],"is_beta":false,"boss_relics":[{"not_picked":["Snecko Eye","Calling Bell"],"picked":"Coffee Dripper"},{"not_picked":["SacredBark","Tiny House"],"picked":"Empty Cage"}],"items_purged_floors":[19,31],"is_endless":false,"potions_floor_spawned":[4,6,11,13,16,18,23,25,28,33,35,41,42,48,54],"killed_by":"The Heart","ascension_level":14}}