{"host":"3e3mwsgb9gfqiuxm","time":1613251808,"event":{"mods":["Act Like it!","BaseMod","Colored Map","Colored Powertips","Downfall","Gensokyo","Hermit","Hubris","Infinite Spire","Jorbs\u0027s Wanderer Trilogy","Koishi","Marisa????????","Minty Spire (QoL Compilation)","Quick Restart","Rare Cards Sparkle","Reimu??????","Remilia??????","Replay The Spire","Shop Mod","StSLib","SuperFastMode","Td1madao Mod","The Animator","The Bug Knight","The Cursed","The Hierophant","The Servant 0.9.4","everything is the same but u backflip on backflip","slay the spire mod where everything is the same but ironclad has a cowboy hat"],"gold_per_floor":[114,114,65,76,119,149,149,163,187,187,187,213,213,226,226,328,328,344,360,360,360,370,402,402,437,437,437,465,343,357,371,371,371,371],"floor_reached":33,"language":"ENG","playtime":868,"items_purged":["Clumsy"],"score":381,"play_id":"2bb8f368-5291-4f01-a475-51a9ee6601e6","local_time":"20210213163008","is_ascension_mode":true,"campfire_choices":[{"data":"MoonPhase","floor":7.0,"key":"SMITH"},{"data":"Spin","floor":11.0,"key":"SMITH"},{"data":"DoubleEdge","floor":13.0,"key":"SMITH"},{"data":"Starlight","floor":15.0,"key":"SMITH"},{"floor":24,"key":"REST"},{"data":"hubris:Fate","floor":27,"key":"SMITH"},{"data":"BottledTime","floor":32,"key":"SMITH"}],"circlet_count":2,"master_deck":["Strike_S","Strike_S","Strike_S","Strike_S","Defend_S","Defend_S","Defend_S","Defend_S","KidneyShot","Exchange","SilverBlades+1","Starlight+1","MoonPhase+1","Spin+1","Ricochet","DoubleEdge+1","Snipe","LightFlow","Ricochet+1","SpecialFormula","hubris:Fate+1","BottledTime+1","Rearm","Gouge+1","Gensokyo:Shovel","Gensokyo:BlemishedSteel","DoubleEdge","InstantArmor+1"],"relics":["Uniform","NeowsBlessing","Replay:Accelerometer","Ice Cream","Pen Nib","Gensokyo:NagashiBinaDoll","infinitespire:PuzzleCube","Painkiller Herb","Pan","hubris:Towel","Replay:Wax Seal","PreservedInsect","hubris:Reverence","Toy Ornithopter","Circlet"],"acts_visited":["Gensokyo:Gensokyo","Gensokyo:Gensokyoer"],"potions_floor_usage":[19,23,31],"damage_taken":[{"damage":0.0,"enemies":"Gensokyo:2_Kodama","floor":1.0,"turns":1.0},{"damage":0.0,"enemies":"Gensokyo:3_Fairies","floor":4.0,"turns":2.0},{"damage":0.0,"enemies":"Gensokyo:Cirno","floor":6.0,"turns":2.0},{"damage":0.0,"enemies":"Gensokyo:Python","floor":8.0,"turns":2.0},{"damage":5.0,"enemies":"Gensokyo:Kitsune","floor":14.0,"turns":3.0},{"damage":21.0,"enemies":"Gensokyo:Reimu","floor":16.0,"turns":8.0},{"damage":0.0,"enemies":"Gensokyo:CosmicMonolith","floor":18.0,"turns":2.0},{"damage":11,"enemies":"Gensokyo:3_Dogs","floor":19,"turns":2},{"damage":19,"enemies":"Gensokyo:Wraith","floor":22,"turns":4},{"damage":39,"enemies":"Gensokyo:Tenshi","floor":23,"turns":2},{"damage":9,"enemies":"Gensokyo:Koishi","floor":25,"turns":4},{"damage":0,"enemies":"Gensokyo:Reisen","floor":28,"turns":2},{"damage":17,"enemies":"Gensokyo:Chomper_and_Gloop","floor":30,"turns":3},{"damage":0,"enemies":"Gensokyo:Slime_Group","floor":31,"turns":1},{"damage":0,"enemies":"Gensokyo:Eiki","floor":33,"turns":1}],"seed_played":"633045012161690242","potions_obtained":[{"floor":4.0,"key":"sneckomod:MuddlingPotion"},{"floor":14.0,"key":"Fire Potion"},{"floor":16.0,"key":"SteroidPotion"},{"floor":19,"key":"FearPotion"},{"floor":23,"key":"Strength Potion"},{"floor":30,"key":"infinitespire:BlackPotion"},{"floor":31,"key":"Doom Potion"}],"is_trial":false,"path_per_floor":["M","?","$","M","?","E","R","M","T","?","R","T","R","M","R","B",null,"?","?","AVR","?","?","E","T","E","T","T","E","COS","?","?","T","B"],"character_chosen":"THE_SERVANT","items_purchased":["Starlight"],"campfire_rested":1,"item_purchase_floors":[3],"current_hp_per_floor":[65,65,65,65,39,39,39,39,39,39,39,39,39,34,34,13,65,65,54,54,54,35,1,20,16,16,16,16,16,14,19,19,65,65],"gold":371,"neow_bonus":"THREE_ENEMY_KILL","is_daily":false,"chose_seed":false,"campfire_upgraded":6,"win_rate":0.0,"timestamp":1613251808,"path_taken":["M","?","$","?","?","E","R","M","T","?","R","?","R","?","R","BOSS","?","?","AVR","?","?","E","T","E","T","T","E","COS","?","?","T","BOSS"],"items_purchased_type":["Card"],"build_version":"2020-12-22","purchased_purges":1,"victory":false,"max_hp_per_floor":[65,65,65,65,65,65,65,65,65,65,65,65,65,65,65,65,65,65,65,65,65,65,65,65,65,65,65,65,65,65,65,65,65,65],"card_choices":[{"not_picked":["Shuttle","SpecialFormula"],"picked":"SilverBlades","floor":1.0},{"not_picked":["ShatteredReality","ReturningBlade"],"picked":"MoonPhase","floor":4.0},{"not_picked":["BottledTime","Unruled"],"picked":"Spin","floor":5.0},{"not_picked":["Unruled","Revamp"],"picked":"Ricochet","floor":5.0},{"not_picked":["Solidify","Moondial"],"picked":"DoubleEdge","floor":6.0},{"not_picked":["Unruled","TimeWarp"],"picked":"Snipe","floor":8.0},{"not_picked":["Comet","Manipulate","Advance"],"picked":"SKIP","floor":14.0},{"not_picked":["MurderousAura","ForgedInTime"],"picked":"LightFlow","floor":16.0},{"not_picked":["Potential","BestPractice"],"picked":"Ricochet+1","floor":18.0},{"not_picked":["Ricochet+1","Comet+1"],"picked":"SpecialFormula","floor":19},{"not_picked":["Hightail","RealityMarble"],"picked":"BottledTime","floor":22},{"not_picked":["Ricochet","Comet"],"picked":"Rearm","floor":23},{"not_picked":["MoonPhase","Barrier"],"picked":"Gouge+1","floor":25},{"not_picked":["BestPractice","Replace","Alleviate"],"picked":"SKIP","floor":28},{"not_picked":["Rewind","Replace","DoubleEdge"],"picked":"SKIP","floor":30},{"not_picked":["Rewind","Replace"],"picked":"DoubleEdge","floor":30},{"not_picked":["ReturningBlade","Rearm+1"],"picked":"InstantArmor+1","floor":31}],"player_experience":1392046,"relics_obtained":[{"floor":5.0,"key":"Replay:Accelerometer"},{"floor":6.0,"key":"Ice Cream"},{"floor":9.0,"key":"Pen Nib"},{"floor":12.0,"key":"infinitespire:PuzzleCube"},{"floor":23,"key":"Replay:Wax Seal"},{"floor":25,"key":"PreservedInsect"},{"floor":26,"key":"hubris:Reverence"},{"floor":28,"key":"Toy Ornithopter"}],"event_choices":[],"is_beta":false,"boss_relics":[{"not_picked":["Busted Crown","ReplayTheSpireMod:SealedPack"],"picked":"Painkiller Herb"}],"items_purged_floors":[20],"is_endless":false,"potions_floor_spawned":[4,14,16,19,23,30,31],"killed_by":"Gensokyo:Eiki","ascension_level":2}}