{"host":"hi7fki77kkmhrce8","time":1613177790,"event":{"mods":["AchievementEnabler","BaseMod","Colored Map","Colored Powertips","Downfall","Minty Spire (QoL Compilation)","Relic Stats","Replay The Spire","StSLib","SuperFastMode"],"gold_per_floor":[113,133,133,133,133,83,94,94,150,177,202,213,223,223,239,239,239],"floor_reached":16,"language":"ENG","playtime":480,"items_purged":[],"score":102,"play_id":"1e6eff1f-1d90-4f5a-8d55-74695077114f","local_time":"20210212195630","is_ascension_mode":false,"campfire_choices":[{"data":"Loop","floor":8,"key":"SMITH"},{"floor":14,"key":"REST"}],"circlet_count":0,"master_deck":["Strike_B","Strike_B","Strike_B","Strike_B","Defend_B","Defend_B","Defend_B","Defend_B","Zap","Dualcast","Loop+1","Gash","Compile Driver","ReplayRNGCard","Hello World","Aggregate","Leap","Capacitor"],"relics":["Cracked Core","Strawberry","Ornamental Fan","Blood Vial","Centennial Puzzle"],"acts_visited":["Exordium"],"potions_floor_usage":[],"damage_taken":[{"damage":1,"enemies":"Cultist","floor":1,"turns":3},{"damage":3,"enemies":"Small Slimes","floor":2,"turns":3},{"damage":14,"enemies":"2 Louse","floor":7,"turns":3},{"damage":37,"enemies":"3 Sentries","floor":9,"turns":7},{"damage":14,"enemies":"Gremlin Nob","floor":10,"turns":4},{"damage":8,"enemies":"Looter","floor":12,"turns":3},{"damage":5,"enemies":"Exordium Wildlife","floor":13,"turns":3},{"damage":22,"enemies":"Lots of Slimes","floor":15,"turns":5},{"damage":21,"enemies":"3 Sentries","floor":16,"turns":4}],"seed_played":"-757826071954697283","potions_obtained":[{"floor":1,"key":"BlessingOfTheForge"},{"floor":2,"key":"FearPotion"}],"is_trial":false,"path_per_floor":["M","M","PTL","PTL","?","?","M","R","?","E","T","M","M","R","M","E"],"character_chosen":"DEFECT","items_purchased":[],"campfire_rested":1,"item_purchase_floors":[],"current_hp_per_floor":[81,78,78,78,85,85,71,71,34,20,20,14,11,37,17,0,0],"gold":239,"neow_bonus":"TEN_PERCENT_HP_BONUS","is_daily":false,"chose_seed":false,"campfire_upgraded":1,"win_rate":0.0,"timestamp":1613177790,"path_taken":["M","?","PTL","PTL","?","?","M","R","?","E","T","M","?","R","M","E"],"items_purchased_type":[],"build_version":"2020-12-22","purchased_purges":0,"victory":false,"max_hp_per_floor":[82,82,82,82,89,89,89,89,89,89,89,89,89,89,89,89,89],"relic_stats":{"Blood Vial":8,"Centennial Puzzle":[12],"counters":[9,35],"Ornamental Fan":[16],"obtain_stats":[{"Blood Vial":10,"Centennial Puzzle":11,"Ornamental Fan":9,"Strawberry":5,"Cracked Core":0},{"Blood Vial":5,"Centennial Puzzle":5,"Ornamental Fan":4,"Strawberry":2,"Cracked Core":0},{"Blood Vial":20,"Centennial Puzzle":20,"Ornamental Fan":16,"Strawberry":6,"Cracked Core":0}]},"card_choices":[{"not_picked":["Melter","Steam"],"picked":"Loop","floor":1},{"not_picked":["Redo","Leap"],"picked":"Gash","floor":2},{"not_picked":["Sweeping Beam","Blizzard"],"picked":"Compile Driver","floor":7},{"not_picked":["Fusion","BasicCrystalCard"],"picked":"ReplayRNGCard","floor":9},{"not_picked":["Chaos","Reprogram"],"picked":"Hello World","floor":10},{"not_picked":["Leap","Glacier"],"picked":"Aggregate","floor":12},{"not_picked":["Go for the Eyes","Redo"],"picked":"Leap","floor":13},{"not_picked":["FTL","Coolheaded"],"picked":"Capacitor","floor":15}],"player_experience":158541,"relics_obtained":[{"floor":9,"key":"Ornamental Fan"},{"floor":10,"key":"Blood Vial"},{"floor":11,"key":"Centennial Puzzle"}],"event_choices":[{"damage_healed":0,"gold_gain":0,"player_choice":"Box","damage_taken":0,"relics_obtained":["Strawberry"],"max_hp_gain":0,"max_hp_loss":0,"event_name":"Big Fish","floor":5,"gold_loss":0,"cards_obtained":["Regret"]},{"cards_removed":["Regret"],"damage_healed":0,"gold_gain":0,"player_choice":"Card Removal","damage_taken":0,"max_hp_gain":0,"max_hp_loss":0,"event_name":"The Cleric","floor":6,"gold_loss":50},{"damage_healed":0,"gold_gain":30,"player_choice":"Searched \u00273\u0027 times","damage_taken":0,"max_hp_gain":0,"max_hp_loss":0,"event_name":"Dead Adventurer","floor":9,"gold_loss":0}],"is_beta":false,"boss_relics":[],"items_purged_floors":[],"is_endless":false,"potions_floor_spawned":[1,2],"killed_by":"3 Sentries","ascension_level":0}}