{"host":"krw8kyiy0um8ye49","time":1613245693,"event":{"mods":["BaseMod","Minty Spire (QoL Compilation)","StSLib","The Runesmith"],"gold_per_floor":[115,115,130,130,130,130,164,164,164,164,182,202,229,245,245,343,343,359,374,374,386,386,417,417,448,460,500,512,544,585,597,609,716,728,751,776,242,292,307,341,341,354,354,365,397,397,413,446,446,446],"floor_reached":51,"language":"ENG","playtime":4767,"items_purged":[],"score":1101,"play_id":"4957ea89-dd76-429f-993d-b688008c3e16","local_time":"20210213204813","is_ascension_mode":true,"campfire_choices":[{"data":"Runesmith:CraftFirestone","floor":6,"key":"SMITH"},{"data":"Runesmith:PoweredAnvil","floor":8,"key":"SMITH"},{"data":"Runesmith:DuctTape","floor":15,"key":"SMITH"},{"data":"Runesmith:Refine","floor":24,"key":"SMITH"},{"data":"Runesmith:Augment","floor":28,"key":"SMITH"},{"data":"Runesmith:BackupBattery","floor":32,"key":"SMITH"},{"data":"Runesmith:ArcReactor","floor":41,"key":"SMITH"},{"data":"Runesmith:Empowerment","floor":46,"key":"SMITH"},{"data":"Ghostly","floor":49,"key":"SMITH"}],"circlet_count":0,"master_deck":["Runesmith:Strike_RS","Runesmith:Strike_RS","Runesmith:Strike_RS","Runesmith:Defend_RS","Runesmith:Defend_RS","Runesmith:Defend_RS","Runesmith:Defend_RS","Runesmith:CraftFirestone+1","Runesmith:Fortify+1","Runesmith:DuctTape+1","Runesmith:HeatedChisel","Runesmith:Refine+1","Runesmith:PoweredAnvil+1","Runesmith:Augment+1","Runesmith:Empowerment+1","Runesmith:PerfectChisel+1","Ghostly+1","Ghostly","Ghostly","Ghostly","Ghostly","Runesmith:CraftProtectio+1","Runesmith:HammerThrow+1","Runesmith:BackupBattery+1","Runesmith:ArcReactor+1","Runesmith:Repurpose+1","Runesmith:EarthShield","Parasite","Runesmith:Permafrost+1","Normality","Runesmith:ShiftingStrike+1","Runesmith:CraftProtectio+1","Runesmith:Refine+1"],"relics":["Runesmith:BrokenRuby","Bronze Scales","Meat on the Bone","Regal Pillow","Letter Opener","Black Star","MealTicket","HornCleat","MawBank","TungstenRod","Runesmith:MiniCore","Kunai","Boot","Vajra","Runesmith:EmergencyProvisions","Cursed Key","Calipers","Toxic Egg 2","Du-Vu Doll","Ancient Tea Set","Runesmith:AutoHammer","Bag of Preparation","Runesmith:Nanobots","Smiling Mask","Pear","Oddly Smooth Stone"],"acts_visited":["Exordium","TheCity","TheBeyond"],"potions_floor_usage":[7,16,21,23,25,31,40,50,50],"damage_taken":[{"damage":5,"enemies":"Jaw Worm","floor":1,"turns":5},{"damage":1,"enemies":"Cultist","floor":3,"turns":4},{"damage":18,"enemies":"Gremlin Nob","floor":7,"turns":5},{"damage":2,"enemies":"2 Louse","floor":11,"turns":4},{"damage":12,"enemies":"Large Slime","floor":12,"turns":6},{"damage":0,"enemies":"Lagavulin","floor":13,"turns":7},{"damage":12,"enemies":"Blue Slaver","floor":14,"turns":4},{"damage":10,"enemies":"Hexaghost","floor":16,"turns":9},{"damage":16,"enemies":"Spheric Guardian","floor":18,"turns":8},{"damage":10,"enemies":"Shell Parasite","floor":19,"turns":7},{"damage":5,"enemies":"Shelled Parasite and Fungi","floor":21,"turns":6},{"damage":6,"enemies":"Slavers","floor":23,"turns":6},{"damage":2,"enemies":"Gremlin Leader","floor":25,"turns":8},{"damage":0,"enemies":"Slavers","floor":27,"turns":7},{"damage":4,"enemies":"Snake Plant","floor":29,"turns":7},{"damage":8,"enemies":"Book of Stabbing","floor":30,"turns":6},{"damage":0,"enemies":"Cultist and Chosen","floor":31,"turns":6},{"damage":0,"enemies":"Champ","floor":33,"turns":11},{"damage":0,"enemies":"3 Shapes","floor":35,"turns":6},{"damage":0,"enemies":"Orb Walker","floor":36,"turns":4},{"damage":2,"enemies":"Mind Bloom Boss Battle","floor":38,"turns":10},{"damage":0,"enemies":"Writhing Mass","floor":39,"turns":10},{"damage":0,"enemies":"Reptomancer","floor":40,"turns":7},{"damage":16,"enemies":"Spire Growth","floor":42,"turns":7},{"damage":0,"enemies":"Sphere and 2 Shapes","floor":44,"turns":4},{"damage":0,"enemies":"Nemesis","floor":45,"turns":9},{"damage":0,"enemies":"4 Shapes","floor":47,"turns":10},{"damage":5,"enemies":"Giant Head","floor":48,"turns":16},{"damage":0,"enemies":"Donu and Deca","floor":50,"turns":14}],"seed_played":"4819497948361541726","potions_obtained":[{"floor":3,"key":"Dexterity Potion"},{"floor":11,"key":"ColorlessPotion"},{"floor":13,"key":"SmokeBomb"},{"floor":14,"key":"SkillPotion"},{"floor":18,"key":"PowerPotion"},{"floor":19,"key":"SkillPotion"},{"floor":23,"key":"DistilledChaos"},{"floor":25,"key":"SteroidPotion"},{"floor":38,"key":"DistilledChaos"},{"floor":42,"key":"Regen Potion"},{"floor":44,"key":"EssenceOfSteel"},{"floor":48,"key":"Swift Potion"}],"is_trial":false,"path_per_floor":["M","?","M","?","?","R","E","R","T","T","M","M","E","M","R","B",null,"M","M","?","M","?","E","R","E","T","E","R","M","E","M","R","B",null,"M","M","$","?","M","E","R","M","T","M","E","R","M","E","R","B",null],"character_chosen":"RUNESMITH_CLASS","items_purchased":["Calipers","Toxic Egg 2"],"campfire_rested":0,"item_purchase_floors":[37,37],"current_hp_per_floor":[65,65,64,64,64,64,46,46,46,46,44,44,44,44,44,46,70,54,44,35,30,30,24,24,22,22,22,22,18,22,22,22,22,35,35,35,35,33,33,33,33,29,29,29,29,29,29,34,34,34],"gold":446,"neow_bonus":"TRANSFORM_CARD","is_daily":false,"chose_seed":false,"campfire_upgraded":9,"win_rate":0.0,"timestamp":1613245693,"path_taken":["M","?","?","?","?","R","E","R","T","?","M","M","E","M","R","BOSS","M","M","?","M","?","E","R","E","T","E","R","M","E","M","R","BOSS","M","M","$","?","M","E","R","M","T","M","E","R","M","E","R","BOSS"],"items_purchased_type":["Relic","Relic"],"build_version":"2020-12-22","purchased_purges":0,"victory":true,"max_hp_per_floor":[70,70,70,70,70,70,70,70,70,70,70,70,70,70,70,70,70,70,70,35,35,35,35,35,35,35,35,35,35,35,35,35,35,35,35,35,35,35,35,35,35,35,35,35,35,35,35,45,45,45],"card_choices":[{"not_picked":["Runesmith:Grindstone","Runesmith:Overpower"],"picked":"Runesmith:HeatedChisel","floor":1},{"not_picked":["Runesmith:Grindstone","Runesmith:PerfectChisel"],"picked":"Runesmith:Refine","floor":3},{"not_picked":["Runesmith:NanitesCloud","Runesmith:CraftProtectio"],"picked":"Runesmith:PoweredAnvil","floor":7},{"not_picked":["Runesmith:CraftMagma","Runesmith:DoubleUp"],"picked":"Runesmith:Augment","floor":11},{"not_picked":["Runesmith:CraftReservo","Runesmith:BackupBattery","Runesmith:CraftMagma"],"picked":"SKIP","floor":12},{"not_picked":["Runesmith:NanitesCloud","Runesmith:HeatedChisel","Runesmith:Grindstone"],"picked":"SKIP","floor":13},{"not_picked":["Runesmith:Retool","Runesmith:CraftPrismatica","Runesmith:CraftReservo"],"picked":"SKIP","floor":14},{"not_picked":["Runesmith:CraftMagma+1","Runesmith:EarthShield"],"picked":"Runesmith:Empowerment","floor":18},{"not_picked":["Runesmith:Grindstone","Runesmith:MakeshiftArmor+1"],"picked":"Runesmith:PerfectChisel+1","floor":19},{"not_picked":["Runesmith:ChiselStab","Runesmith:MakeshiftArmor"],"picked":"Runesmith:CraftProtectio+1","floor":21},{"not_picked":["Runesmith:CraftVitae","Runesmith:UnstableHammer","Runesmith:Retool"],"picked":"SKIP","floor":23},{"not_picked":["Runesmith:CraftProtectio","Runesmith:HeatedChisel"],"picked":"Runesmith:HammerThrow+1","floor":25},{"not_picked":["Runesmith:GoWithTheFlow","Runesmith:Prism","Runesmith:Grindstone"],"picked":"SKIP","floor":27},{"not_picked":["Runesmith:WhiteBalance","Runesmith:HammerThrow"],"picked":"Runesmith:BackupBattery","floor":29},{"not_picked":["Runesmith:GrandSlam","Runesmith:Repurpose","Runesmith:StaticCage"],"picked":"SKIP","floor":30},{"not_picked":["Runesmith:LastStand","Runesmith:MetallurgicalResearch"],"picked":"Runesmith:ArcReactor","floor":33},{"not_picked":["Runesmith:ChiselStab","Runesmith:Overpower"],"picked":"Runesmith:Repurpose+1","floor":35},{"not_picked":["Runesmith:MakeshiftArmor+1","Runesmith:Overpower"],"picked":"Runesmith:EarthShield","floor":36},{"not_picked":["Runesmith:RuneHurl+1","Runesmith:Attraction+1","Runesmith:Repurpose+1"],"picked":"SKIP","floor":39},{"not_picked":["Runesmith:EnergizedChisel+1","Runesmith:GrandSlam"],"picked":"Runesmith:Permafrost+1","floor":40},{"not_picked":["Runesmith:Repurpose+1","Runesmith:BackupBattery+1","Runesmith:HeatedChisel"],"picked":"SKIP","floor":42},{"not_picked":["Runesmith:Overpower","Runesmith:HeatedChisel"],"picked":"Runesmith:ShiftingStrike+1","floor":44},{"not_picked":["Runesmith:HeatExchange","Runesmith:HammerTime"],"picked":"Runesmith:CraftProtectio+1","floor":45},{"not_picked":["Runesmith:ChiselStab+1","Runesmith:HammerTime","Runesmith:WhiteBalance+1"],"picked":"SKIP","floor":47},{"not_picked":["Runesmith:ChaoticBlast","Runesmith:CraftPrismatica+1"],"picked":"Runesmith:Refine+1","floor":48}],"player_experience":177975,"relics_obtained":[{"floor":7,"key":"Bronze Scales"},{"floor":9,"key":"Meat on the Bone"},{"floor":10,"key":"Regal Pillow"},{"floor":13,"key":"Letter Opener"},{"floor":23,"key":"MealTicket"},{"floor":23,"key":"HornCleat"},{"floor":25,"key":"MawBank"},{"floor":25,"key":"TungstenRod"},{"floor":26,"key":"Runesmith:MiniCore"},{"floor":27,"key":"Kunai"},{"floor":27,"key":"Boot"},{"floor":30,"key":"Vajra"},{"floor":30,"key":"Runesmith:EmergencyProvisions"},{"floor":38,"key":"Du-Vu Doll"},{"floor":40,"key":"Ancient Tea Set"},{"floor":40,"key":"Runesmith:AutoHammer"},{"floor":43,"key":"Bag of Preparation"},{"floor":45,"key":"Runesmith:Nanobots"},{"floor":45,"key":"Smiling Mask"},{"floor":48,"key":"Pear"},{"floor":48,"key":"Oddly Smooth Stone"}],"event_choices":[{"damage_healed":0,"gold_gain":0,"player_choice":"Upgraded","damage_taken":0,"max_hp_gain":0,"max_hp_loss":0,"event_name":"Upgrade Shrine","floor":2,"gold_loss":0,"cards_upgraded":["Runesmith:Fortify"]},{"damage_healed":0,"gold_gain":0,"player_choice":"Ignored","damage_taken":0,"max_hp_gain":0,"max_hp_loss":0,"event_name":"Golden Wing","floor":4,"gold_loss":0},{"damage_healed":0,"gold_gain":0,"player_choice":"Ignored","damage_taken":0,"max_hp_gain":0,"max_hp_loss":0,"event_name":"Liars Game","floor":5,"gold_loss":0},{"damage_healed":0,"gold_gain":0,"player_choice":"Became a Ghost","damage_taken":0,"max_hp_gain":0,"max_hp_loss":35,"event_name":"Ghosts","floor":20,"gold_loss":0,"cards_obtained":["Ghostly","Ghostly","Ghostly","Ghostly","Ghostly"]},{"damage_healed":0,"gold_gain":0,"player_choice":"Ignored","damage_taken":0,"max_hp_gain":0,"max_hp_loss":0,"event_name":"Vampires","floor":22,"gold_loss":0},{"damage_healed":0,"gold_gain":0,"player_choice":"Fight","damage_taken":0,"max_hp_gain":0,"max_hp_loss":0,"event_name":"MindBloom","floor":38,"gold_loss":0}],"is_beta":false,"boss_relics":[{"not_picked":["Snecko Eye","Runic Pyramid"],"picked":"Black Star"},{"not_picked":["Velvet Choker","SacredBark"],"picked":"Cursed Key"}],"items_purged_floors":[],"is_endless":false,"potions_floor_spawned":[3,11,13,14,18,19,23,25,31,38,42,44,47,48],"ascension_level":1}}