{"host":"15ff3ltgpietarej","time":1613231338,"event":{"mods":["BaseMod","Bestiary","Downfall","Highlight Path","Minty Spire (QoL Compilation)","Relic Stats","StSLib"],"gold_per_floor":[99,113,123,142,162,162,162,8,33,33,44,62,95,95,110,207,207,207,226,246,246,246,246],"floor_reached":21,"language":"ENG","playtime":1053,"items_purged":[],"score":212,"play_id":"421fe228-f133-4afb-a1db-0019bffbe2c1","local_time":"20210213164858","is_ascension_mode":true,"campfire_choices":[{"data":"Slimebound:Split","floor":1,"key":"SMITH"},{"data":"Slimebound:LevelUp","floor":6,"key":"SMITH"},{"data":"Slimebound:PressTheAttack","floor":10,"key":"SMITH"},{"data":"Slimebound:Overexert","floor":18,"key":"SMITH"}],"circlet_count":0,"master_deck":["Slimebound:Strike_Slimebound","Slimebound:Strike_Slimebound","Slimebound:Strike_Slimebound","Slimebound:Tackle","Slimebound:Defend_Slimebound","Slimebound:Defend_Slimebound","Slimebound:Defend_Slimebound","Slimebound:Defend_Slimebound","Slimebound:Split+1","Slimebound:CorrosiveSpit","Slimebound:SlimeTap","Slimebound:SplitBruiser","Slimebound:LevelUp+1","Slimebound:PressTheAttack+1","Slimebound:Recycling","Slimebound:RollThrough","Slimebound:SplitBruiser","Slimebound:SplitMire","Slimebound:SlimeBarrage","Slimebound:GoopSpray","Slimebound:Overexert+1","Slimebound:Replication+1"],"relics":["Slimebound:AbsorbEndCombat","Pocketwatch","Happy Flower","Blue Candle","Gremlin Horn","SlaversCollar"],"acts_visited":["Exordium","TheCity"],"potions_floor_usage":[12,12,19],"damage_taken":[{"damage":4,"enemies":"Cultist","floor":2,"turns":3},{"damage":0,"enemies":"2 Louse","floor":3,"turns":1},{"damage":11,"enemies":"Small Slimes","floor":4,"turns":3},{"damage":9,"enemies":"3 Louse","floor":5,"turns":3},{"damage":0,"enemies":"downfall:FleeingMerchant","floor":8,"turns":4},{"damage":8,"enemies":"Lagavulin","floor":9,"turns":4},{"damage":11,"enemies":"Blue Slaver","floor":11,"turns":3},{"damage":3,"enemies":"Large Slime","floor":12,"turns":3},{"damage":14,"enemies":"Gremlin Nob","floor":13,"turns":3},{"damage":0,"enemies":"3 Louse","floor":15,"turns":2},{"damage":4,"enemies":"SI_SHIV_ARCHETYPE","floor":16,"turns":5},{"damage":25,"enemies":"downfall:LooterAlt2","floor":19,"turns":4},{"damage":11,"enemies":"Spheric Guardian","floor":20,"turns":3},{"damage":18,"enemies":"Centurion and Healer","floor":21,"turns":1}],"seed_played":"324874676266578222","potions_obtained":[{"floor":2,"key":"Fire Potion"},{"floor":9,"key":"SkillPotion"},{"floor":11,"key":"Weak Potion"},{"floor":15,"key":"CultistPotion"},{"floor":19,"key":"Ancient Potion"},{"floor":20,"key":"SpeedPotion"}],"is_trial":false,"path_per_floor":["R","M","M","M","M","R","T","$","E","R","M","M","E","?","M","B",null,"R","M","M","M"],"character_chosen":"SLIMEBOUND","items_purchased":["Slimebound:Recycling"],"campfire_rested":0,"item_purchase_floors":[8],"current_hp_per_floor":[59,59,59,50,45,45,45,49,47,47,38,39,33,33,39,43,59,59,36,25,7,7,7],"gold":246,"neow_bonus":"ONE_RARE_RELIC","is_daily":false,"chose_seed":false,"campfire_upgraded":4,"win_rate":0.0,"timestamp":1613231338,"path_taken":["R","M","M","?","M","R","T","$","E","R","M","M","E","?","M","BOSS","R","M","M","M"],"items_purchased_type":["Card"],"build_version":"2020-12-22","purchased_purges":0,"victory":false,"max_hp_per_floor":[59,59,59,59,59,59,59,59,59,59,59,59,59,59,59,59,59,59,59,59,59,59,59],"relic_stats":{"Happy Flower":[10],"Gremlin Horn":[3,3],"counters":[14,41],"Blue Candle":[0],"obtain_stats":[{"SlaversCollar":17,"Happy Flower":7,"Gremlin Horn":13,"Blue Candle":9,"Slimebound:AbsorbEndCombat":0,"Pocketwatch":0},{"SlaversCollar":11,"Happy Flower":4,"Gremlin Horn":9,"Blue Candle":6,"Slimebound:AbsorbEndCombat":0,"Pocketwatch":0},{"SlaversCollar":34,"Happy Flower":10,"Gremlin Horn":27,"Blue Candle":18,"Slimebound:AbsorbEndCombat":0,"Pocketwatch":0}],"Pocketwatch":[48]},"card_choices":[{"not_picked":["Slimebound:FormOfPuddle","Slimebound:PressTheAttack"],"picked":"Slimebound:SlimeTap","floor":2},{"not_picked":["Slimebound:SplitSpecialist","Slimebound:Schlurp"],"picked":"Slimebound:SplitBruiser","floor":3},{"not_picked":["Slimebound:GoopTackle","Slimebound:FinishingTackle","Slimebound:GrowthPunch"],"picked":"SKIP","floor":4},{"not_picked":["Slimebound:DisruptingSlam","Slimebound:LeechingTouch"],"picked":"Slimebound:LevelUp","floor":5},{"not_picked":["Slimebound:RollThrough","Slimebound:Nibble"],"picked":"Slimebound:PressTheAttack","floor":8},{"not_picked":["Slimebound:Schlurp","Slimebound:SlimeTap"],"picked":"Slimebound:RollThrough","floor":9},{"not_picked":["Slimebound:GoopSpray","Slimebound:ComboTackle"],"picked":"Slimebound:SplitBruiser","floor":11},{"not_picked":["Slimebound:Recycling","Slimebound:AcidTongue"],"picked":"Slimebound:SplitMire","floor":12},{"not_picked":["Slimebound:BestDefense","Slimebound:GoopSpray"],"picked":"Slimebound:SlimeBarrage","floor":13},{"not_picked":["Slimebound:LeechingTouch","Slimebound:SplitAcid"],"picked":"Slimebound:GoopSpray","floor":15},{"not_picked":["Slimebound:Darklings","Slimebound:PrepareCrush"],"picked":"Slimebound:Overexert","floor":16},{"not_picked":["Slimebound:HungryTackle","Slimebound:Dissolve","Slimebound:PressTheAttack+1"],"picked":"SKIP","floor":19},{"not_picked":["Slimebound:FinishingTackle","Slimebound:GoopTackle"],"picked":"Slimebound:Replication+1","floor":20}],"player_experience":461653,"relics_obtained":[{"floor":7,"key":"Happy Flower"},{"floor":9,"key":"Blue Candle"},{"floor":13,"key":"Gremlin Horn"}],"event_choices":[],"is_beta":false,"boss_relics":[{"not_picked":["Coffee Dripper","Slimebound:TarBlob"],"picked":"SlaversCollar"}],"items_purged_floors":[],"is_endless":false,"potions_floor_spawned":[2,9,11,15,19,20],"killed_by":"Centurion and Healer","ascension_level":2}}