{"host":"kh6fvhxn285ncg0o","time":1613249452,"event":{"mods":["Act Like it!","BaseMod","Colored Map","Friendly Minions","Keyboard Shortcuts","Minty Spire (QoL Compilation)","Quick Restart","Relic Stats","StSLib","SuperFastMode","UnlockEverythingMod"],"gold_per_floor":[117,117,117,117,117,153,153,191,191,141,156,156,196,9,9,99,99,112,29,29,52,70,70,103,103,126,41,65,65,103,124,124,213,213,226,97,110,124,124,124,168,183,183,207,240,263,296,173,173,173,173,173,173,7,38,38,38],"floor_reached":56,"language":"KOR","playtime":923,"items_purged":["Strike_R","Strike_R","Strike_R","Strike_R+1"],"score":2207,"play_id":"f9d0ab20-f922-4db7-80fa-5651d797425c","local_time":"20210214055052","is_ascension_mode":true,"campfire_choices":[{"data":"Demon Form","floor":7.0,"key":"SMITH"},{"floor":12.0,"key":"REST"},{"data":"Whirlwind","floor":15.0,"key":"SMITH"},{"floor":23.0,"key":"RECALL"},{"floor":25.0,"key":"REST"},{"floor":32.0,"key":"REST"},{"floor":40.0,"key":"REST"},{"floor":49.0,"key":"REST"},{"floor":53.0,"key":"REST"}],"circlet_count":0,"master_deck":["AscendersBane","Defend_R","Defend_R+1","Defend_R","Defend_R","Bash","Demon Form+1","Whirlwind+1","Uppercut+1","Rage","Whirlwind+1","Pommel Strike+1","Whirlwind+1","Whirlwind+1","Impervious","Armaments+1","Reaper+1","Second Wind","Barricade","Finesse","Feel No Pain","Entrench","Feel No Pain"],"relics":["Burning Blood","NeowsBlessing","Pear","Golden Idol","Smiling Mask","Toy Ornithopter","Molten Egg 2","Gremlin Horn","Membership Card","Fusion Hammer","Chemical X","Blood Vial","Orichalcum","Ice Cream","Strawberry","Boot","Mark of Pain","OrangePellets","Happy Flower","Omamori","The Courier","Bag of Marbles"],"acts_visited":["Exordium","TheCity","TheBeyond","TheEnding"],"potions_floor_usage":[55],"damage_taken":[{"damage":0.0,"enemies":"2 Louse","floor":1.0,"turns":1.0},{"damage":0.0,"enemies":"Lagavulin","floor":6.0,"turns":1.0},{"damage":0.0,"enemies":"Gremlin Nob","floor":8.0,"turns":1.0},{"damage":12.0,"enemies":"Small Slimes","floor":11.0,"turns":3.0},{"damage":38.0,"enemies":"3 Sentries","floor":13.0,"turns":8.0},{"damage":6.0,"enemies":"Slime Boss","floor":16.0,"turns":7.0},{"damage":0.0,"enemies":"3 Byrds","floor":18.0,"turns":3.0},{"damage":0.0,"enemies":"Spheric Guardian","floor":21.0,"turns":2.0},{"damage":10.0,"enemies":"Snecko","floor":22.0,"turns":4.0},{"damage":0.0,"enemies":"Slavers","floor":24.0,"turns":1.0},{"damage":0.0,"enemies":"Cultist and Chosen","floor":28.0,"turns":2.0},{"damage":13.0,"enemies":"Book of Stabbing","floor":30.0,"turns":3.0},{"damage":10.0,"enemies":"Centurion and Healer","floor":31.0,"turns":2.0},{"damage":13.0,"enemies":"Collector","floor":33.0,"turns":4.0},{"damage":0.0,"enemies":"3 Darklings","floor":35.0,"turns":1.0},{"damage":15.0,"enemies":"Orb Walker","floor":37.0,"turns":3.0},{"damage":2.0,"enemies":"Transient","floor":38.0,"turns":6.0},{"damage":0.0,"enemies":"Reptomancer","floor":41.0,"turns":3.0},{"damage":45.0,"enemies":"4 Shapes","floor":42.0,"turns":2.0},{"damage":16.0,"enemies":"Maw","floor":44.0,"turns":5.0},{"damage":9.0,"enemies":"Nemesis","floor":45.0,"turns":3.0},{"damage":0.0,"enemies":"Sphere and 2 Shapes","floor":46.0,"turns":2.0},{"damage":0.0,"enemies":"Reptomancer","floor":47.0,"turns":2.0},{"damage":81.0,"enemies":"Awakened One","floor":50.0,"turns":9.0},{"damage":48.0,"enemies":"Donu and Deca","floor":51.0,"turns":4.0},{"damage":51,"enemies":"Shield and Spear","floor":55,"turns":6},{"damage":50,"enemies":"The Heart","floor":56,"turns":3}],"seed_played":"-5975938815391011105","potions_obtained":[{"floor":11.0,"key":"EssenceOfSteel"},{"floor":18.0,"key":"SkillPotion"},{"floor":24.0,"key":"ElixirPotion"},{"floor":30.0,"key":"SneckoOil"},{"floor":35.0,"key":"DuplicationPotion"},{"floor":39.0,"key":"SneckoOil"}],"is_trial":false,"path_per_floor":["M","?","?","?","?","E","R","E","T","$","M","R","E","$","R","B",null,"M","$","?","M","M","R","E","R","T","?","M","?","E","M","R","B",null,"M","$","M","M","?","R","E","M","T","M","E","M","E","$","R","B","B",null,"R","$","E","B"],"character_chosen":"IRONCLAD","items_purchased":["Membership Card","PowerPotion","Chemical X","OrangePellets","Barricade","Finesse","Feel No Pain","Entrench","Feel No Pain","PowerPotion"],"campfire_rested":6,"item_purchase_floors":[14,14,19,36,48,48,54,54,54,54],"current_hp_per_floor":[74,73,44,37,11,17,17,23,23,23,17,42,15,15,15,20,69,75,75,75,81,77,77,83,85,85,85,85,92,85,88,92,85,90,92,92,83,89,89,92,92,53,53,45,44,52,65,65,92,47,12,72,92,92,47,0,0],"gold":38,"neow_bonus":"THREE_ENEMY_KILL","is_daily":false,"chose_seed":false,"campfire_upgraded":2,"win_rate":0.0,"timestamp":1613249452,"path_taken":["M","?","?","?","?","E","R","E","T","?","M","R","E","$","R","BOSS","M","?","?","M","M","R","E","R","T","?","M","?","E","M","R","BOSS","M","?","?","?","?","R","E","?","T","M","E","M","E","$","R","BOSS","BOSS","R","$","E","BOSS"],"items_purchased_type":["Relic","Potion","Relic","Relic","Card","Card","Card","Card","Card","Potion"],"build_version":"2020-12-22","purchased_purges":4,"victory":false,"max_hp_per_floor":[75,85,85,85,85,85,85,85,85,85,85,85,85,85,85,85,85,85,85,85,85,85,85,85,85,85,85,85,92,92,92,92,92,92,92,92,92,92,92,92,92,92,92,92,92,92,92,92,92,92,92,92,92,92,92,92,92],"relic_stats":{"Gremlin Horn":[25,25],"Happy Flower":[12],"counters":[27,91],"Golden Idol":187,"Orichalcum":[132],"Smiling Mask":35,"Boot":[3],"Burning Blood":138,"Blood Vial":18,"OrangePellets":[0],"Chemical X":[62],"obtain_stats":[{"Ice Cream":27,"Pear":2,"NeowsBlessing":0,"Gremlin Horn":13,"Happy Flower":41,"Golden Idol":3,"The Courier":47,"Omamori":45,"Orichalcum":26,"Smiling Mask":6,"Boot":30,"Burning Blood":0,"Blood Vial":24,"OrangePellets":36,"Strawberry":29,"Molten Egg 2":9,"Fusion Hammer":17,"Mark of Pain":34,"Bag of Marbles":55,"Membership Card":14,"Chemical X":19,"Toy Ornithopter":8},{"Ice Cream":10,"Pear":1,"NeowsBlessing":0,"Gremlin Horn":5,"Happy Flower":18,"Golden Idol":1,"The Courier":23,"Omamori":21,"Orichalcum":10,"Smiling Mask":2,"Boot":12,"Burning Blood":0,"Blood Vial":10,"OrangePellets":15,"Strawberry":11,"Molten Egg 2":3,"Fusion Hammer":6,"Mark of Pain":14,"Bag of Marbles":26,"Membership Card":5,"Chemical X":7,"Toy Ornithopter":3},{"Ice Cream":31,"Pear":1,"NeowsBlessing":0,"Gremlin Horn":14,"Happy Flower":55,"Golden Idol":1,"The Courier":69,"Omamori":65,"Orichalcum":31,"Smiling Mask":2,"Boot":36,"Burning Blood":0,"Blood Vial":31,"OrangePellets":43,"Strawberry":33,"Molten Egg 2":3,"Fusion Hammer":21,"Mark of Pain":42,"Bag of Marbles":88,"Membership Card":14,"Chemical X":24,"Toy Ornithopter":3}],"Toy Ornithopter":25},"card_choices":[{"not_picked":["Rampage","Pummel"],"picked":"Demon Form","floor":6.0},{"not_picked":["Headbutt","Demon Form"],"picked":"Whirlwind","floor":8.0},{"not_picked":["Cleave+1","Metallicize"],"picked":"Uppercut+1","floor":11.0},{"not_picked":["Entrench","Thunderclap+1","Wild Strike+1"],"picked":"SKIP","floor":13.0},{"not_picked":["Ghostly Armor","Perfected Strike+1"],"picked":"Rage","floor":18.0},{"not_picked":["Warcry","Wild Strike+1"],"picked":"Pommel Strike+1","floor":21.0},{"not_picked":["Seeing Red","Intimidate"],"picked":"Whirlwind+1","floor":22.0},{"not_picked":["Clash+1","Burning Pact"],"picked":"Shockwave+1","floor":24.0},{"not_picked":["Exhume","Body Slam+1","Sword Boomerang+1"],"picked":"SKIP","floor":30.0},{"not_picked":["Thunderclap+1","Anger+1"],"picked":"Whirlwind+1","floor":31.0},{"not_picked":["Brutality","Corruption"],"picked":"Impervious","floor":33.0},{"not_picked":["Twin Strike+1","Clash+1"],"picked":"Armaments+1","floor":35.0},{"not_picked":["Sword Boomerang+1","Twin Strike+1","Cleave+1"],"picked":"SKIP","floor":37.0},{"not_picked":["Iron Wave+1","Entrench","Armaments"],"picked":"SKIP","floor":38.0},{"not_picked":["Clash+1","Infernal Blade","Carnage+1"],"picked":"SKIP","floor":41.0},{"not_picked":["Sever Soul+1","Shockwave+1"],"picked":"Reaper+1","floor":42.0},{"not_picked":["Warcry","Rampage+1","Rage"],"picked":"SKIP","floor":44.0},{"not_picked":["Metallicize","Perfected Strike+1","Headbutt+1"],"picked":"SKIP","floor":46.0},{"not_picked":["Intimidate","Hemokinesis+1"],"picked":"Second Wind","floor":47.0},{"not_picked":["Flame Barrier","Demon Form","True Grit"],"picked":"SKIP","floor":55}],"player_experience":1391962,"relics_obtained":[{"floor":6.0,"key":"Smiling Mask"},{"floor":8.0,"key":"Toy Ornithopter"},{"floor":9.0,"key":"Molten Egg 2"},{"floor":13.0,"key":"Gremlin Horn"},{"floor":24.0,"key":"Blood Vial"},{"floor":26.0,"key":"Orichalcum"},{"floor":30.0,"key":"Boot"},{"floor":41.0,"key":"Happy Flower"},{"floor":45.0,"key":"Omamori"},{"floor":47.0,"key":"The Courier"},{"floor":55,"key":"Bag of Marbles"}],"event_choices":[{"damage_healed":0.0,"max_hp_gain":0.0,"max_hp_loss":0.0,"gold_gain":0.0,"event_name":"Scrap Ooze","player_choice":"Success","floor":2.0,"gold_loss":0.0,"damage_taken":11.0,"relics_obtained":["Pear"]},{"damage_healed":0.0,"max_hp_gain":0.0,"max_hp_loss":0.0,"gold_gain":0.0,"event_name":"Golden Idol","player_choice":"Take Damage","floor":3.0,"gold_loss":0.0,"damage_taken":29.0,"relics_obtained":["Golden Idol"]},{"cards_removed":["Strike_R"],"damage_healed":0.0,"max_hp_gain":0.0,"max_hp_loss":0.0,"gold_gain":0.0,"event_name":"Golden Wing","player_choice":"Card Removal","floor":4.0,"gold_loss":0.0,"damage_taken":7.0},{"damage_healed":0.0,"max_hp_gain":0.0,"max_hp_loss":0.0,"gold_gain":0.0,"event_name":"Shining Light","player_choice":"Entered Light","floor":5.0,"gold_loss":0.0,"damage_taken":26.0,"cards_upgraded":["Defend_R","Strike_R"]},{"damage_healed":0.0,"max_hp_gain":0.0,"max_hp_loss":0.0,"gold_gain":0.0,"event_name":"The Library","player_choice":"Read","floor":20.0,"gold_loss":0.0,"damage_taken":0.0,"cards_obtained":["Whirlwind"]},{"damage_healed":0.0,"max_hp_gain":0.0,"max_hp_loss":0.0,"gold_gain":0.0,"event_name":"Addict","player_choice":"Obtained Relic","floor":27.0,"gold_loss":85.0,"damage_taken":0.0,"relics_obtained":["Ice Cream"]},{"cards_removed":["Shockwave"],"damage_healed":0.0,"max_hp_gain":0.0,"max_hp_loss":0.0,"gold_gain":0.0,"event_name":"WeMeetAgain","player_choice":"Gave Card","floor":29.0,"gold_loss":0.0,"damage_taken":0.0,"relics_obtained":["Strawberry"]},{"damage_healed":0.0,"max_hp_gain":0.0,"max_hp_loss":0.0,"gold_gain":0.0,"event_name":"Lab","player_choice":"Got Potions","floor":39.0,"gold_loss":0.0,"damage_taken":0.0}],"is_beta":false,"boss_relics":[{"not_picked":["Black Star","Snecko Eye"],"picked":"Fusion Hammer"},{"not_picked":["Black Blood","Runic Cube"],"picked":"Mark of Pain"}],"items_purged_floors":[10,36,48,54],"is_endless":false,"potions_floor_spawned":[11,18,24,30,35,37,44],"killed_by":"The Heart","ascension_level":20}}