{"host":"7yyoe0ei0fseceei","time":1613212328,"event":{"mods":["BaseMod","Colored Map","Highlight Path","Minty Spire (QoL Compilation)","Quick Restart"],"gold_per_floor":[109,121,42,192,192,236,236,236,236,236,106,106,106],"floor_reached":12,"language":"ENG","playtime":222,"items_purged":["Doubt"],"score":198,"play_id":"b289d7fe-5e81-4a87-bf02-53236a685849","local_time":"20210213113208","is_ascension_mode":true,"campfire_choices":[{"data":"Fusion","floor":7,"key":"SMITH"},{"data":"Loop","floor":10,"key":"SMITH"}],"circlet_count":0,"master_deck":["AscendersBane","Strike_B","Strike_B","Strike_B","Strike_B","Defend_B","Defend_B","Defend_B","Defend_B","Zap","Dualcast","Conserve Battery","Turbo","Loop+1","Fusion+1","Self Repair"],"relics":["Cracked Core","NeowsBlessing","Golden Idol","The Courier","Question Card","Gambling Chip"],"acts_visited":["Exordium"],"potions_floor_usage":[],"damage_taken":[{"damage":0,"enemies":"Small Slimes","floor":1,"turns":1},{"damage":0,"enemies":"Jaw Worm","floor":2,"turns":1},{"damage":0,"enemies":"3 Sentries","floor":6,"turns":2},{"damage":90,"enemies":"Gremlin Nob","floor":12,"turns":4}],"seed_played":"-3867641526637896043","potions_obtained":[],"is_trial":false,"path_per_floor":["M","M","$","?","?","E","R","T","T","R","$","E"],"character_chosen":"DEFECT","items_purchased":["Loop","Self Repair"],"campfire_rested":0,"item_purchase_floors":[3,11],"current_hp_per_floor":[64,64,64,64,40,40,40,40,40,40,40,0,0],"gold":106,"neow_bonus":"THREE_ENEMY_KILL","is_daily":false,"chose_seed":false,"campfire_upgraded":2,"win_rate":0.0,"timestamp":1613212328,"path_taken":["M","M","$","?","?","E","R","?","T","R","?","E"],"items_purchased_type":["Card","Card"],"build_version":"2020-12-22","purchased_purges":1,"victory":false,"max_hp_per_floor":[71,71,71,71,71,71,71,71,71,71,71,71,71],"card_choices":[{"not_picked":["Hologram","Barrage"],"picked":"Conserve Battery","floor":1},{"not_picked":["Beam Cell","FTL"],"picked":"Turbo","floor":2},{"not_picked":["Turbo","Beam Cell"],"picked":"Fusion","floor":6}],"player_experience":915295,"relics_obtained":[{"floor":6,"key":"The Courier"},{"floor":8,"key":"Question Card"},{"floor":9,"key":"Gambling Chip"}],"event_choices":[{"damage_healed":0,"gold_gain":150,"player_choice":"AGREE","damage_taken":0,"max_hp_gain":0,"max_hp_loss":0,"event_name":"Liars Game","floor":4,"gold_loss":0,"cards_obtained":["Doubt"]},{"damage_healed":0,"gold_gain":0,"player_choice":"Take Damage","damage_taken":24,"relics_obtained":["Golden Idol"],"max_hp_gain":0,"max_hp_loss":0,"event_name":"Golden Idol","floor":5,"gold_loss":0}],"is_beta":false,"boss_relics":[],"items_purged_floors":[11],"is_endless":false,"potions_floor_spawned":[],"killed_by":"Gremlin Nob","ascension_level":20}}