{"host":"pwrib9jhixfykg8d","time":1613203414,"event":{"mods":["Act Like it!","Astrologer","BaseMod","Custom Start","Downfall","Gold Saver","GungeonMod","Hallownest","Hermit","Infinite Spire","Lobotomy","LobotomyExtend","Marisa£®ÏF”Í°°ƒß¿Ì…≥£©","Minty Spire (QoL Compilation)","Quick Restart","Reliquary","Replay The Spire","Shop Mod","StSLib","The Animator","The Bug Knight","The Jungle"],"gold_per_floor":[149,149,149,172,186,186,216,216,239,251,264,4,23,33,33,98,98,98,98],"floor_reached":18,"language":"ZHS","playtime":2410,"items_purged":["Scorched"],"score":162,"play_id":"2f1af28a-d454-4a24-9b71-2fccfae7e2b7","local_time":"20210213160334","is_ascension_mode":false,"campfire_choices":[],"circlet_count":0,"master_deck":["SpecialBullet","SpecialBullet","SpecialBullet","SpecialBullet","SpecialBullet","SpecialBullet","SpecialBullet","InformationCode","TrainingCode","SecurityCode","Spore","FieryBird","RedEyes","Pinks","QueenOfHatred","Ecstasy","Soda","Freischutz","ExtractionCode","Mimicry","CENSORED","Twilight"],"relics":["CogitoBucket","RabbitCall","LetterFromLob","Blue Candle","Ring of Fury","reliquary:RosewoodLute","reliquary:TatteredRug","Boot","Medical Kit","AspirationHeart","infinitespire:Cupcake"],"acts_visited":["Exordium","TheCity"],"potions_floor_usage":[13,13,18],"damage_taken":[{"damage":0,"enemies":"Cultist","floor":1,"turns":2},{"damage":0,"enemies":"2 Louse","floor":5,"turns":2},{"damage":34,"enemies":"Gremlin Nob","floor":7,"turns":4},{"damage":25,"enemies":"Jaw Worm","floor":10,"turns":3},{"damage":13,"enemies":"Exordium Thugs","floor":11,"turns":2},{"damage":18,"enemies":"Gremlin Gang","floor":13,"turns":6},{"damage":16,"enemies":"Large Slime","floor":14,"turns":4},{"damage":44,"enemies":"Fading Forest","floor":16,"turns":11},{"damage":103,"enemies":"2 Thieves","floor":18,"turns":2}],"seed_played":"3001934082223020506","potions_obtained":[{"floor":5,"key":"FearPotion"},{"floor":10,"key":"DemoMod:LeadSkinPotion"},{"floor":13,"key":"SkillPotion"}],"is_trial":false,"path_per_floor":["M","?","?","T","M","R","E","R","T","M","M","$","M","M","R","B",null,"M"],"character_chosen":"Angela","items_purchased":["Medical Kit","Ecstasy"],"campfire_rested":0,"item_purchase_floors":[12,12],"current_hp_per_floor":[70,65,65,65,70,70,44,44,44,27,22,22,34,36,36,38,80,0,0],"gold":98,"neow_bonus":"TRANSFORM_CARD","is_daily":false,"chose_seed":false,"campfire_upgraded":0,"win_rate":0.0,"timestamp":1613203414,"path_taken":["M","?","?","?","M","R","E","R","T","M","M","$","?","M","R","BOSS","M"],"items_purchased_type":["Relic","Card"],"build_version":"2020-12-22","purchased_purges":1,"victory":false,"max_hp_per_floor":[70,70,70,70,70,70,70,70,70,70,70,70,80,80,80,80,80,80,80],"card_choices":[{"not_picked":["CUTE","BlueScar"],"picked":"SKIP","floor":1},{"not_picked":["FairyFestival","SpiderBud"],"picked":"FieryBird","floor":5},{"not_picked":["Horn"],"picked":"RedEyes","floor":5},{"not_picked":["GalaxyChild","Variant"],"picked":"Scorched","floor":7},{"not_picked":["Spore"],"picked":"Pinks","floor":7},{"not_picked":["Lantern","ScreamingWedge"],"picked":"SKIP","floor":10},{"not_picked":["HeroicMonk","PunishingBird"],"picked":"QueenOfHatred","floor":11},{"not_picked":["Noise","SomewhereSpear"],"picked":"SKIP","floor":11},{"not_picked":["Pleasure"],"picked":"Soda","floor":13},{"not_picked":["Mercenary","SnowQueen"],"picked":"Freischutz","floor":14},{"not_picked":["LifeForTheDareDevil","Justitia"],"picked":"SKIP","floor":14},{"not_picked":["SoundOfStar"],"picked":"Mimicry","floor":16},{"not_picked":["Scorched","CrumblingArmor"],"picked":"CENSORED","floor":16},{"not_picked":["SoundOfStar"],"picked":"Twilight","floor":16}],"player_experience":342581,"relics_obtained":[{"floor":1,"key":"LetterFromLob"},{"floor":3,"key":"Ring of Fury"},{"floor":4,"key":"reliquary:RosewoodLute"},{"floor":7,"key":"reliquary:TatteredRug"},{"floor":9,"key":"Boot"}],"event_choices":[],"is_beta":false,"boss_relics":[{"not_picked":["Replay:Ancient Bell","Replay:Fungal Core"],"picked":"infinitespire:Cupcake"}],"items_purged_floors":[12],"is_endless":false,"potions_floor_spawned":[5,10,13],"killed_by":"2 Thieves","ascension_level":0}}