{"host":"e8062yfkmywf26f0","time":1613176784,"event":{"mods":["AchievementEnabler","BaseMod","Colored Map","Minty Spire (QoL Compilation)","Quick Restart","Shop Mod","StSLib"],"gold_per_floor":[119,139,156,156,171,196,213,246,246,256,0,12,12,12,12,112,112,127,137,137,153,114,114,114,114,114,133,147,147,161,172,172,274,274,293,293,313,94,94,94,94,94,94,105,121,21,34,34,34,34,34],"floor_reached":50,"language":"ENG","playtime":2696,"items_purged":["Defend_G","Defend_G"],"score":483,"play_id":"d6d0bb8f-12b8-4b43-a957-fcf6b56eaf76","local_time":"20210213003944","is_ascension_mode":false,"campfire_choices":[{"floor":15,"key":"REST"},{"data":"Infinite Blades","floor":23,"key":"SMITH"},{"data":"Catalyst","floor":25,"key":"SMITH"},{"floor":32,"key":"REST"},{"data":"Burst","floor":40,"key":"SMITH"},{"data":"Well Laid Plans","floor":42,"key":"SMITH"},{"floor":49,"key":"REST"}],"circlet_count":0,"master_deck":["Strike_G","Strike_G","Strike_G","Strike_G+1","Strike_G","Defend_G","Defend_G","Defend_G","Survivor","Neutralize","Flying Knee","Finisher+1","Terror","Backstab","Outmaneuver","Bouncing Flask","Crippling Poison","Deadly Poison","Infinite Blades+1","Noxious Fumes","Adrenaline","Well Laid Plans+1","Noxious Fumes","Catalyst+1","Infinite Blades","Dagger Throw+1","Poisoned Stab","Tools of the Trade","Burst+1","Dramatic Entrance","Underhanded Strike","Backstab+1","Catalyst"],"relics":["Ring of the Snake","PreservedInsect","Paper Crane","Orichalcum","Lantern","Vajra","Black Star","Anchor","Kunai","Philosopher\u0027s Stone","Happy Flower","Gremlin Horn"],"acts_visited":["Exordium","TheCity","TheBeyond"],"potions_floor_usage":[6,8,16,16,31,33,33,45,50],"damage_taken":[{"damage":8,"enemies":"Jaw Worm","floor":1,"turns":6},{"damage":5,"enemies":"2 Louse","floor":2,"turns":2},{"damage":3,"enemies":"Small Slimes","floor":3,"turns":3},{"damage":25,"enemies":"Exordium Thugs","floor":5,"turns":8},{"damage":14,"enemies":"Gremlin Nob","floor":6,"turns":3},{"damage":0,"enemies":"2 Fungi Beasts","floor":7,"turns":2},{"damage":8,"enemies":"Lagavulin","floor":8,"turns":3},{"damage":0,"enemies":"Looter","floor":10,"turns":1},{"damage":0,"enemies":"Large Slime","floor":12,"turns":3},{"damage":18,"enemies":"The Guardian","floor":16,"turns":6},{"damage":11,"enemies":"Spheric Guardian","floor":18,"turns":4},{"damage":0,"enemies":"3 Byrds","floor":19,"turns":4},{"damage":15,"enemies":"3 Cultists","floor":21,"turns":5},{"damage":18,"enemies":"Shelled Parasite and Fungi","floor":27,"turns":4},{"damage":6,"enemies":"Chosen and Byrds","floor":28,"turns":4},{"damage":12,"enemies":"Snecko","floor":30,"turns":4},{"damage":2,"enemies":"Snake Plant","floor":31,"turns":3},{"damage":30,"enemies":"Collector","floor":33,"turns":7},{"damage":0,"enemies":"3 Shapes","floor":35,"turns":3},{"damage":15,"enemies":"3 Darklings","floor":37,"turns":5},{"damage":43,"enemies":"Spire Growth","floor":44,"turns":5},{"damage":3,"enemies":"Maw","floor":45,"turns":5},{"damage":12,"enemies":"3 Darklings","floor":47,"turns":4},{"damage":32,"enemies":"Time Eater","floor":50,"turns":4}],"seed_played":"4733839493284957987","potions_obtained":[{"floor":1,"key":"FairyPotion"},{"floor":2,"key":"FearPotion"},{"floor":6,"key":"EntropicBrew"},{"floor":8,"key":"LiquidMemories"},{"floor":18,"key":"SkillPotion"},{"floor":19,"key":"LiquidBronze"},{"floor":31,"key":"BlessingOfTheForge"},{"floor":33,"key":"SpeedPotion"},{"floor":37,"key":"Dexterity Potion"},{"floor":44,"key":"BlessingOfTheForge"}],"is_trial":false,"path_per_floor":["M","M","M","?","M","E","M","E","T","M","$","M","$","?","R","B",null,"M","M","?","M","$","R","?","R","T","M","M","?","M","M","R","B",null,"M","?","M","$","?","R","$","R","T","M","M","$","M","$","R","B"],"character_chosen":"THE_SILENT","items_purchased":["Deadly Poison","Infinite Blades","Vajra","Noxious Fumes","Happy Flower"],"campfire_rested":3,"item_purchase_floors":[11,11,11,22,38],"current_hp_per_floor":[69,64,61,58,33,19,19,11,11,11,11,11,11,23,46,28,77,66,66,66,51,51,51,51,51,51,33,27,27,15,13,36,6,77,77,77,62,62,62,62,62,62,62,19,16,16,4,4,27,0,0],"gold":34,"neow_bonus":"TEN_PERCENT_HP_BONUS","is_daily":false,"chose_seed":false,"campfire_upgraded":4,"win_rate":0.0,"timestamp":1613176784,"path_taken":["M","M","M","?","M","E","M","E","T","M","$","M","$","?","R","BOSS","M","M","?","M","?","R","?","R","T","M","M","?","M","M","R","BOSS","M","?","M","$","?","R","?","R","T","M","M","?","M","$","R","BOSS"],"items_purchased_type":["Card","Card","Relic","Card","Relic"],"build_version":"2020-12-22","purchased_purges":2,"victory":false,"max_hp_per_floor":[77,77,77,77,77,77,77,77,77,77,77,77,77,77,77,77,77,77,77,77,77,77,77,77,77,77,77,77,77,77,77,77,77,77,77,77,77,77,77,77,77,77,77,77,77,77,77,77,77,77,77],"card_choices":[{"not_picked":["Leg Sweep","Tactician"],"picked":"Flying Knee","floor":1},{"not_picked":["Riddle With Holes","Deflect"],"picked":"Finisher","floor":2},{"not_picked":["Crippling Poison","Dodge and Roll"],"picked":"Terror","floor":3},{"not_picked":["Flying Knee","Backflip","Dash"],"picked":"SKIP","floor":5},{"not_picked":["Choke","Unload"],"picked":"Backstab","floor":6},{"not_picked":["Prepared","Acrobatics"],"picked":"Outmaneuver","floor":7},{"not_picked":["Underhanded Strike","Leg Sweep"],"picked":"Bouncing Flask","floor":8},{"not_picked":["Choke","Dodge and Roll"],"picked":"Crippling Poison","floor":10},{"not_picked":["Dagger Spray","All Out Attack"],"picked":"Noxious Fumes","floor":12},{"not_picked":["Night Terror","Wraith Form v2"],"picked":"Adrenaline","floor":16},{"not_picked":["Acrobatics","Deadly Poison"],"picked":"Bane","floor":18},{"not_picked":["Bane","Slice"],"picked":"Well Laid Plans","floor":19},{"not_picked":["Quick Slash","Slice","Flying Knee"],"picked":"SKIP","floor":21},{"not_picked":["Unload","Poisoned Stab"],"picked":"Infinite Blades","floor":27},{"not_picked":["Dash","Sucker Punch+1"],"picked":"Dagger Throw+1","floor":28},{"not_picked":["Backflip+1","Dagger Spray"],"picked":"Poisoned Stab","floor":30},{"not_picked":["Leg Sweep+1","Sucker Punch"],"picked":"Tools of the Trade","floor":31},{"not_picked":["Glass Knife","Bullet Time"],"picked":"Burst","floor":33},{"not_picked":["Well Laid Plans","Bane","Deadly Poison"],"picked":"SKIP","floor":35},{"not_picked":["Master of Strategy","Forethought"],"picked":"Dramatic Entrance","floor":36},{"not_picked":["Dodge and Roll+1","Footwork"],"picked":"Underhanded Strike","floor":37},{"not_picked":["Terror","Distraction+1"],"picked":"Backstab+1","floor":44},{"not_picked":["Bane+1","Prepared+1"],"picked":"Catalyst","floor":45},{"not_picked":["Dodge and Roll+1","Terror+1","Skewer+1"],"picked":"SKIP","floor":47}],"player_experience":66418,"relics_obtained":[{"floor":6,"key":"Paper Crane"},{"floor":8,"key":"Orichalcum"},{"floor":9,"key":"Lantern"},{"floor":26,"key":"Anchor"},{"floor":43,"key":"Gremlin Horn"}],"event_choices":[{"damage_healed":0,"gold_gain":0,"player_choice":"Success","damage_taken":3,"relics_obtained":["PreservedInsect"],"max_hp_gain":0,"max_hp_loss":0,"event_name":"Scrap Ooze","floor":4,"gold_loss":0},{"damage_healed":0,"gold_gain":0,"player_choice":"Entered Light","damage_taken":15,"max_hp_gain":0,"max_hp_loss":0,"event_name":"Shining Light","floor":14,"gold_loss":0,"cards_upgraded":["Finisher","Strike_G"]},{"damage_healed":0,"gold_gain":0,"player_choice":"Ignored","damage_taken":0,"max_hp_gain":0,"max_hp_loss":0,"event_name":"NoteForYourself","floor":20,"gold_loss":0},{"damage_healed":0,"gold_gain":0,"player_choice":"Read","damage_taken":0,"max_hp_gain":0,"max_hp_loss":0,"event_name":"The Library","floor":24,"gold_loss":0,"cards_obtained":["Catalyst"]},{"damage_healed":0,"gold_gain":0,"player_choice":"Opened","damage_taken":0,"relics_obtained":["Kunai"],"max_hp_gain":0,"max_hp_loss":0,"event_name":"The Mausoleum","floor":29,"gold_loss":0},{"damage_healed":0,"gold_gain":0,"player_choice":"Memory 1","damage_taken":0,"max_hp_gain":0,"max_hp_loss":0,"event_name":"SensoryStone","floor":36,"gold_loss":0},{"cards_removed":["Bane"],"damage_healed":0,"gold_gain":0,"player_choice":"Removed Attack","damage_taken":0,"max_hp_gain":0,"max_hp_loss":0,"event_name":"Falling","floor":39,"gold_loss":0}],"is_beta":false,"boss_relics":[{"not_picked":["Ring of the Serpent","Velvet Choker"],"picked":"Black Star"},{"not_picked":["SlaversCollar","Snecko Eye"],"picked":"Philosopher\u0027s Stone"}],"items_purged_floors":[38,46],"is_endless":false,"potions_floor_spawned":[1,2,6,8,10,18,19,31,33,37,44],"killed_by":"Time Eater","ascension_level":0}}