{"host":"zcipiasjj2sqh3bo","time":1613241657,"event":{"mods":["BaseMod","Colored Map","Colored Powertips","Downfall","Minty Spire (QoL Compilation)","Replay The Spire","StSLib"],"gold_per_floor":[99,199,212,226,131,31,31,66,83,83,94,244,244,276,295,396,396,396,408,408,408,425,410,410,420,320,337,337,29,59,73,87,185,185,85,102,102,102,122,139,139,151,179,179,193,193,211,223,241,241,241,272,56,56,56,56],"floor_reached":57,"language":"ENG","playtime":4624,"items_purged":["Regret"],"score":1191,"play_id":"14f0f8e4-fd4e-4a4c-838b-60063c7417c6","local_time":"20210213134057","is_ascension_mode":false,"campfire_choices":[{"floor":1.0,"key":"RECALL"},{"data":"bronze:Fortify","floor":6,"key":"SMITH"},{"floor":10,"key":"REST"},{"floor":13,"key":"REST"},{"floor":26,"key":"REST"},{"data":"downfall:Icky","floor":35,"key":"PURGE"},{"floor":44,"key":"REST"},{"floor":46,"key":"REST"},{"floor":54,"key":"REST"}],"circlet_count":0,"master_deck":["bronze:Defend","bronze:Defend","bronze:Defend","bronze:Defend","bronze:Replicate","bronze:Goto","bronze:Overheat","bronze:GetLatest","bronze:DelayedSlice","bronze:Fortify+1","Pot Of Greed","Pot Of Greed+1","bronze:Assembly","bronze:Return","bronze:BronzeOrb","bronze:DelayedGuard+1","bronze:Format+1","bronze:Flail","bronze:Fortify","bronze:Backtrace","bronze:Branch+1","Pot Of Greed+1","Necronomicurse","bronze:Turbo+1","bronze:SpaghettiCode+1","bronze:DelayedGuard+1","bronze:Repulsor","Sickly","bronze:Fortify+1","bronze:Flail","bronze:Invalidate+1","expansioncontent:InvincibleStrength"],"relics":["bronze:BronzeCore","downfall:HeartBlessingRed","Replay:PocketPolymizer","Grinning Jar","Toxic Egg 2","Busted Crown","Onion Ring","downfall:HeartBlessingBlue","Necronomicon","TungstenRod","Durian","Cursed Key","downfall:HeartBlessingGreen","WingedGreaves","Pear","Akabeko","Mirror"],"acts_visited":["Exordium","TheCity","TheBeyond","TheEnding"],"potions_floor_usage":[14,33,49,55,55,56],"damage_taken":[{"damage":0.0,"enemies":"2 Louse","floor":3.0,"turns":3.0},{"damage":0,"enemies":"Cultist","floor":4,"turns":4},{"damage":5,"enemies":"downfall:FleeingMerchant","floor":5,"turns":4},{"damage":34,"enemies":"Lagavulin","floor":8,"turns":7},{"damage":0,"enemies":"Small Slimes","floor":9,"turns":2},{"damage":2,"enemies":"3 Louse","floor":11,"turns":2},{"damage":9,"enemies":"3 Sentries","floor":14,"turns":4},{"damage":0,"enemies":"Exordium Wildlife","floor":15,"turns":4},{"damage":19,"enemies":"SI_SHIV_ARCHETYPE","floor":16,"turns":12},{"damage":0,"enemies":"Chosen","floor":19,"turns":4},{"damage":0,"enemies":"3 Byrds","floor":22,"turns":2},{"damage":0,"enemies":"downfall:FleeingMerchant","floor":23,"turns":4},{"damage":12,"enemies":"Centurion and Healer","floor":25,"turns":4},{"damage":12,"enemies":"Shelled Parasite and Fungi","floor":27,"turns":6},{"damage":0,"enemies":"downfall:FleeingMerchant","floor":29,"turns":4},{"damage":6,"enemies":"Book of Stabbing","floor":30,"turns":3},{"damage":9,"enemies":"Chosen and Byrds","floor":31,"turns":4},{"damage":0,"enemies":"Snake Plant","floor":32,"turns":2},{"damage":23,"enemies":"DF_ARCHETYPE_CLAW","floor":33,"turns":7},{"damage":0,"enemies":"3 Darklings","floor":36,"turns":2},{"damage":7,"enemies":"3 Shapes","floor":40,"turns":3},{"damage":0,"enemies":"Spire Growth","floor":42,"turns":3},{"damage":35,"enemies":"Reptomancer","floor":43,"turns":6},{"damage":3,"enemies":"3 Darklings","floor":45,"turns":3},{"damage":8,"enemies":"Writhing Mass","floor":47,"turns":5},{"damage":28,"enemies":"Jaw Worm Horde","floor":48,"turns":4},{"damage":0,"enemies":"Spire Growth","floor":49,"turns":3},{"damage":9,"enemies":"IC_BLOCK_ARCHETYPE","floor":50,"turns":9},{"damage":18,"enemies":"downfall:CharBossMerchant","floor":52,"turns":10},{"damage":27,"enemies":"downfall:NeowBoss","floor":55,"turns":18},{"damage":31,"enemies":"downfall:NeowBossFinal","floor":56,"turns":16}],"seed_played":"-8068101466927797699","potions_obtained":[{"floor":3,"key":"Explosive Potion"},{"floor":8,"key":"Strength Potion"},{"floor":14,"key":"sneckomod:MuddlingPotion"},{"floor":15,"key":"Block Potion"},{"floor":25,"key":"Dexterity Potion"},{"floor":30,"key":"Block Potion"},{"floor":33,"key":"Fire Potion"}],"is_trial":false,"path_per_floor":["R_BF","?","M","M","$","R","T","E","M","R","M","?","R","E","M","B",null,"R_BF","M","?","T","M","$","T","M","R","M","?","$","E","M","M","B",null,"R_BF","M","?","?","?","M","T","M","E","R","M","R","M","M","M","B",null,"E","$","R","B","B",null],"character_chosen":"THE_AUTOMATON","items_purchased":["bronze:Fortify","TungstenRod","expansioncontent:InvincibleStrength","Block Potion"],"campfire_rested":6,"item_purchase_floors":[5,29,53,53],"current_hp_per_floor":[77,77,77,77,72,72,72,38,38,61,59,59,77,68,68,49,77,77,77,77,77,77,77,77,65,87,75,59,59,58,49,49,26,92,92,92,92,92,92,85,95,95,60,90,87,102,94,66,66,57,102,84,84,102,75,44],"gold":56,"neow_bonus":"TEN_PERCENT_HP_BONUS","is_daily":false,"chose_seed":false,"campfire_upgraded":1,"win_rate":0.0,"timestamp":1613241657,"path_taken":["R_BF","?","?","M","$","R","T","E","M","R","M","?","R","E","M","BOSS","R_BF","M","?","?","M","$","T","M","R","M","?","$","E","M","M","BOSS","R_BF","M","?","?","?","M","T","M","E","R","M","R","M","M","M","BOSS","E","$","R","BOSS","BOSS"],"items_purchased_type":["Card","Relic","Card","Potion"],"build_version":"2020-12-22","purchased_purges":1,"victory":true,"max_hp_per_floor":[77,77,77,77,77,77,77,77,77,77,77,77,77,77,77,77,77,77,77,77,77,77,77,77,77,87,87,87,87,92,92,92,92,92,92,92,92,92,92,92,102,102,102,102,102,102,102,102,102,102,102,102,102,102,102,102],"card_choices":[{"not_picked":["bronze:Frontload","bronze:Iterate"],"picked":"bronze:Overheat","floor":3},{"not_picked":["bronze:BitShift","bronze:Iterate"],"picked":"bronze:GetLatest","floor":4},{"not_picked":["bronze:ThunderWave","bronze:Frontload"],"picked":"bronze:DelayedSlice","floor":5},{"not_picked":["bronze:Philosophize","bronze:OilSpill"],"picked":"bronze:Assembly","floor":8},{"not_picked":["bronze:Shield","bronze:BuggyMess"],"picked":"bronze:Return","floor":9},{"not_picked":["bronze:Shield","bronze:FineTuning","bronze:Iterate"],"picked":"SKIP","floor":11},{"not_picked":["bronze:BitShift+1","bronze:ThunderWave"],"picked":"bronze:BronzeOrb","floor":14},{"not_picked":["bronze:BronzeArmor+1","bronze:BitShift+1"],"picked":"bronze:DelayedGuard+1","floor":15},{"not_picked":["bronze:AlphaBuild","bronze:Break"],"picked":"bronze:Format+1","floor":16},{"not_picked":["bronze:BitShift+1"],"picked":"SKIP","floor":19},{"not_picked":[],"picked":"bronze:Fortify","floor":22},{"not_picked":[],"picked":"bronze:Backtrace","floor":23},{"not_picked":["bronze:BitShift+1"],"picked":"SKIP","floor":25},{"not_picked":[],"picked":"bronze:Branch+1","floor":27},{"not_picked":["bronze:OilSpill"],"picked":"SKIP","floor":29},{"not_picked":["bronze:BugBarrage+1"],"picked":"SKIP","floor":30},{"not_picked":["bronze:BuggyMess+1"],"picked":"SKIP","floor":31},{"not_picked":[],"picked":"bronze:Turbo+1","floor":32},{"not_picked":[],"picked":"bronze:SpaghettiCode+1","floor":33},{"not_picked":["bronze:BitShift+1"],"picked":"SKIP","floor":36},{"not_picked":[],"picked":"bronze:Repulsor","floor":39},{"not_picked":["bronze:Iterate"],"picked":"SKIP","floor":40},{"not_picked":[],"picked":"bronze:Fortify+1","floor":42},{"not_picked":["bronze:FineTuning+1"],"picked":"SKIP","floor":43},{"not_picked":["bronze:OilSpill"],"picked":"SKIP","floor":45},{"not_picked":["bronze:Philosophize+1"],"picked":"SKIP","floor":47},{"not_picked":[],"picked":"bronze:Invalidate+1","floor":48},{"not_picked":["bronze:FineTuning+1"],"picked":"SKIP","floor":49},{"not_picked":["bronze:WhirlingStrike"],"picked":"SKIP","floor":52}],"player_experience":1004771,"relics_obtained":[{"floor":7,"key":"Replay:PocketPolymizer"},{"floor":8,"key":"Grinning Jar"},{"floor":14,"key":"Toxic Egg 2"},{"floor":24,"key":"Onion Ring"},{"floor":28,"key":"Necronomicon"},{"floor":30,"key":"Durian"},{"floor":39,"key":"WingedGreaves"},{"floor":41,"key":"Pear"},{"floor":43,"key":"Akabeko"},{"floor":52,"key":"Mirror"}],"event_choices":[{"damage_healed":0,"gold_gain":0,"player_choice":"Ignored","damage_taken":0,"max_hp_gain":0,"max_hp_loss":0,"event_name":"Vampires","floor":20,"gold_loss":0},{"cards_removed":["bronze:Strike"],"damage_healed":0,"gold_gain":0,"player_choice":"Removed Attack","damage_taken":0,"max_hp_gain":0,"max_hp_loss":0,"event_name":"Falling","floor":38,"gold_loss":0}],"is_beta":false,"boss_relics":[{"not_picked":["Replay:Wanted Poster","Painkiller Herb"],"picked":"Busted Crown"},{"not_picked":["SlaversCollar","bronze:MakeshiftBattery"],"picked":"Cursed Key"}],"items_purged_floors":[53],"is_endless":false,"potions_floor_spawned":[3,8,14,15,16,25,30,32,33,36,40,43],"ascension_level":0}}