{"host":"kpyf5rnb72uwap8k","time":1613241740,"event":{"mods":["AchievementEnabler","BaseMod","Colored Map","Colored Powertips","DeckTracker","Minty Spire (QoL Compilation)","Permanent Neow","Quick Restart","StSLib","SuperFastMode"],"gold_per_floor":[114,126,145,95,95,124,124,158,158,182,207,219,244,272,284,401,413,445,477,165,178,78,103,103,113,113,127,158,174,174,194,194,298,298,317,317,146,163,173,173,208,222,222,222,222,240,254,267,267,267],"floor_reached":51,"language":"KOR","playtime":2054,"items_purged":["Strike_B","Strike_B","Rebound"],"score":861,"play_id":"f123557c-4add-4d1e-8d2c-0e5ccc7c7eda","local_time":"20210214034219","is_ascension_mode":true,"campfire_choices":[{"data":"Barrage","floor":7.0,"key":"SMITH"},{"floor":15,"key":"REST"},{"data":"Zap","floor":24,"key":"SMITH"},{"floor":30,"key":"REST"},{"data":"Barrage","floor":32,"key":"SMITH"},{"data":"Coolheaded","floor":40,"key":"SMITH"},{"data":"Barrage","floor":44,"key":"SMITH"},{"floor":49,"key":"REST"}],"circlet_count":0,"master_deck":["Zap+1","Dualcast","Coolheaded+1","Cold Snap","Barrage+1","Auto Shields","Beam Cell","Hologram+1","Hologram+1","Redo+1","Skim+1","Electrodynamics","Compile Driver","Skim+1","Chill+1","Coolheaded+1","Barrage+1","Reboot+1","Machine Learning","Meteor Strike","Redo+1","Ball Lightning","Turbo+1","Turbo+1","Barrage+1","Consume+1"],"relics":["Nuclear Battery","Orichalcum","Toxic Egg 2","MawBank","Inserter","Cables","Bronze Scales","Turnip","Unceasing Top","Pandora\u0027s Box","Akabeko","Boot","Lantern"],"acts_visited":["Exordium","TheCity","TheBeyond"],"potions_floor_usage":[16,16,27,33,33,47,50],"damage_taken":[{"damage":5.0,"enemies":"Small Slimes","floor":1.0,"turns":4.0},{"damage":2.0,"enemies":"Jaw Worm","floor":2.0,"turns":4.0},{"damage":0.0,"enemies":"Cultist","floor":3.0,"turns":3.0},{"damage":6.0,"enemies":"3 Sentries","floor":6.0,"turns":9.0},{"damage":16,"enemies":"Gremlin Nob","floor":8,"turns":5},{"damage":2,"enemies":"Large Slime","floor":10,"turns":5},{"damage":0,"enemies":"Exordium Wildlife","floor":11,"turns":3},{"damage":6,"enemies":"Exordium Thugs","floor":13,"turns":4},{"damage":8,"enemies":"Large Slime","floor":14,"turns":8},{"damage":57,"enemies":"The Guardian","floor":16,"turns":18},{"damage":1,"enemies":"2 Thieves","floor":18,"turns":3},{"damage":3,"enemies":"Chosen","floor":19,"turns":4},{"damage":7,"enemies":"Snecko","floor":21,"turns":6},{"damage":14,"enemies":"Book of Stabbing","floor":23,"turns":5},{"damage":0,"enemies":"Sentry and Sphere","floor":25,"turns":3},{"damage":24,"enemies":"Shelled Parasite and Fungi","floor":27,"turns":3},{"damage":5,"enemies":"Slavers","floor":28,"turns":3},{"damage":4,"enemies":"3 Cultists","floor":29,"turns":4},{"damage":0,"enemies":"Cultist and Chosen","floor":31,"turns":2},{"damage":14,"enemies":"Collector","floor":33,"turns":7},{"damage":0,"enemies":"Orb Walker","floor":35,"turns":1},{"damage":4,"enemies":"3 Shapes","floor":38,"turns":2},{"damage":0,"enemies":"Sphere and 2 Shapes","floor":39,"turns":2},{"damage":0,"enemies":"Giant Head","floor":41,"turns":3},{"damage":0,"enemies":"Maw","floor":42,"turns":3},{"damage":0,"enemies":"Jaw Worm Horde","floor":46,"turns":2},{"damage":23,"enemies":"Writhing Mass","floor":47,"turns":4},{"damage":6,"enemies":"4 Shapes","floor":48,"turns":2},{"damage":6,"enemies":"Donu and Deca","floor":50,"turns":5}],"seed_played":"-1596419437560784093","potions_obtained":[{"floor":6.0,"key":"EssenceOfSteel"},{"floor":8,"key":"Block Potion"},{"floor":10,"key":"GamblersBrew"},{"floor":25,"key":"Regen Potion"},{"floor":27,"key":"PotionOfCapacity"},{"floor":28,"key":"FearPotion"},{"floor":35,"key":"Fire Potion"},{"floor":38,"key":"Strength Potion"}],"is_trial":false,"path_per_floor":["M","M","M","?","?","E","R","E","T","M","M","?","M","M","R","B",null,"M","M","$","M","$","E","R","M","T","M","E","M","R","M","R","B",null,"M","?","$","M","M","R","E","M","T","R","T","M","M","M","R","B",null],"character_chosen":"DEFECT","items_purchased":["Cables","Turbo+1"],"campfire_rested":3,"item_purchase_floors":[20,37],"current_hp_per_floor":[70,68,68,68,73,67,67,51,51,49,49,49,43,35,59,2,80,79,76,76,69,69,55,55,55,55,36,31,27,51,51,51,37,80,80,76,76,72,72,72,72,72,72,72,72,72,49,43,65,59],"gold":267,"neow_bonus":"BOSS_RELIC","is_daily":false,"chose_seed":false,"campfire_upgraded":5,"win_rate":0.0,"timestamp":1613241739,"path_taken":["M","M","M","?","?","E","R","E","T","M","M","?","M","M","R","BOSS","M","M","$","M","$","E","R","M","T","M","E","M","R","?","R","BOSS","M","?","$","M","M","R","E","M","T","R","?","?","M","M","R","BOSS"],"items_purchased_type":["Relic","Card"],"build_version":"2020-12-22","purchased_purges":3,"victory":true,"max_hp_per_floor":[75,75,75,75,80,80,80,80,80,80,80,80,80,80,80,80,80,80,80,80,80,80,80,80,80,80,80,80,80,80,80,80,80,80,80,76,76,76,76,76,76,76,76,76,76,76,76,76,76,76],"card_choices":[{"not_picked":["Stack","Steam"],"picked":"Coolheaded","floor":1.0},{"not_picked":["Go for the Eyes","Rebound"],"picked":"Cold Snap","floor":2.0},{"not_picked":["Turbo","Conserve Battery"],"picked":"Barrage","floor":3.0},{"not_picked":["Thunder Strike","Conserve Battery"],"picked":"Auto Shields","floor":6.0},{"not_picked":["Stack+1","Scrape"],"picked":"Beam Cell","floor":8},{"not_picked":["Genetic Algorithm+1","Auto Shields+1"],"picked":"Hologram+1","floor":10},{"not_picked":["Static Discharge","Steam+1"],"picked":"Hologram+1","floor":11},{"not_picked":["Stack+1","Cold Snap"],"picked":"Redo+1","floor":13},{"not_picked":["Melter","Reinforced Body+1"],"picked":"Skim+1","floor":14},{"not_picked":["Reboot+1","Machine Learning"],"picked":"Electrodynamics","floor":16},{"not_picked":["Steam+1","Gash+1"],"picked":"Compile Driver","floor":18},{"not_picked":["Ball Lightning+1","Go for the Eyes","Cold Snap"],"picked":"SKIP","floor":19},{"not_picked":["Gash","Steam Power+1"],"picked":"Skim+1","floor":21},{"not_picked":["Darkness+1","Streamline+1"],"picked":"Chill+1","floor":23},{"not_picked":["All For One","Leap+1","Hologram+1"],"picked":"SKIP","floor":25},{"not_picked":["Cold Snap","Hello World"],"picked":"Coolheaded+1","floor":27},{"not_picked":["Sunder+1","Reinforced Body+1","Hologram+1"],"picked":"SKIP","floor":28},{"not_picked":["Go for the Eyes","Double Energy+1"],"picked":"Barrage","floor":29},{"not_picked":["Stack+1","Compile Driver"],"picked":"Reboot+1","floor":31},{"not_picked":["Seek+1","Creative AI"],"picked":"Machine Learning","floor":33},{"not_picked":["FTL","Reprogram+1","Darkness+1"],"picked":"SKIP","floor":35},{"not_picked":["FTL+1","Go for the Eyes+1","Tempest+1"],"picked":"SKIP","floor":38},{"not_picked":["Genetic Algorithm+1","Compile Driver","Heatsinks+1"],"picked":"SKIP","floor":39},{"not_picked":["Genetic Algorithm+1","Compile Driver","Heatsinks+1"],"picked":"SKIP","floor":39},{"not_picked":["Creative AI","Go for the Eyes+1"],"picked":"Barrage","floor":41},{"not_picked":["Ball Lightning","Reinforced Body+1"],"picked":"Consume+1","floor":42},{"not_picked":["Force Field+1","Melter+1","Compile Driver+1"],"picked":"SKIP","floor":46},{"not_picked":["Ball Lightning+1","Undo+1","Reinforced Body+1"],"picked":"SKIP","floor":47},{"not_picked":["Gash","Sweeping Beam","Stack+1"],"picked":"SKIP","floor":48}],"player_experience":270292,"relics_obtained":[{"floor":6.0,"key":"Orichalcum"},{"floor":8,"key":"Toxic Egg 2"},{"floor":9,"key":"MawBank"},{"floor":23,"key":"Bronze Scales"},{"floor":26,"key":"Turnip"},{"floor":28,"key":"Unceasing Top"},{"floor":41,"key":"Akabeko"},{"floor":43,"key":"Boot"},{"floor":45,"key":"Lantern"}],"event_choices":[{"cards_removed":["Strike_B"],"damage_healed":0.0,"max_hp_gain":0.0,"max_hp_loss":0.0,"gold_gain":0.0,"event_name":"The Cleric","player_choice":"Card Removal","floor":4.0,"gold_loss":50.0,"damage_taken":0.0},{"damage_healed":0.0,"max_hp_gain":5.0,"max_hp_loss":0.0,"gold_gain":0.0,"event_name":"Big Fish","player_choice":"Donut","floor":5.0,"gold_loss":0.0,"damage_taken":0.0},{"damage_healed":0,"gold_gain":0,"player_choice":"Bought 0 Potions","damage_taken":0,"max_hp_gain":0,"max_hp_loss":0,"event_name":"The Woman in Blue","floor":12,"gold_loss":0},{"damage_healed":0,"gold_gain":0,"player_choice":"Max HP","damage_taken":0,"max_hp_gain":0,"max_hp_loss":4,"event_name":"Winding Halls","floor":36,"gold_loss":0}],"is_beta":false,"boss_relics":[{"not_picked":["Runic Dome","Calling Bell"],"picked":"Inserter"},{"not_picked":["Philosopher\u0027s Stone","SlaversCollar"],"picked":"Pandora\u0027s Box"}],"items_purged_floors":[20,22,37],"is_endless":false,"potions_floor_spawned":[6,8,10,11,21,25,27,28,31,35,38,41,46],"ascension_level":2}}