{"host":"bvp2uifzy1c463d9","time":1613193164,"event":{"mods":["AchievementEnabler","BaseMod","Block Reminder","Bossed Relics","ChefMod","Colored Map","Colored Powertips","Energized Spire","Hermit","Highlight Path","Hubris","Infinite Spire","Minty Spire (QoL Compilation)","Random Character Button","Relic Sorter","Relic Stats","Reliquary","Replay The Spire","StSLib","The Blue Laboratory","The Jungle","The Servant 0.9.4","Wandering Minibosses"],"gold_per_floor":[111,131,148,167,167,167,167],"floor_reached":6,"language":"ENG","playtime":357,"items_purged":[],"score":38,"play_id":"ad7d552d-34b2-46e1-8c01-7f24e4cec781","local_time":"20210212231244","is_ascension_mode":false,"campfire_choices":[],"circlet_count":0,"master_deck":["chefmod:Strike","chefmod:Strike","chefmod:Strike","chefmod:Strike","chefmod:QuickThaw","chefmod:Defend","chefmod:Defend","chefmod:Defend","chefmod:Defend","chefmod:TodaysSpecial","Flash of Steel","chefmod:Granita","chefmod:Sorbet","chefmod:Granita","Injury"],"relics":["chefmod:TrustyPot","Golden Idol"],"acts_visited":["Exordium"],"potions_floor_usage":[6],"damage_taken":[{"damage":0,"enemies":"2 Louse","floor":1,"turns":3},{"damage":0,"enemies":"Jaw Worm","floor":2,"turns":5},{"damage":1,"enemies":"Cultist","floor":3,"turns":5},{"damage":14,"enemies":"Gremlin Gang","floor":4,"turns":9},{"damage":65,"enemies":"Gremlin Nob","floor":6,"turns":5}],"seed_played":"-6443782022794747456","potions_obtained":[{"floor":4,"key":"blueLaboratory:PhilterOfMotion"}],"is_trial":false,"path_per_floor":["M","M","M","M","?","E"],"character_chosen":"THE_CHEF","items_purchased":[],"campfire_rested":0,"item_purchase_floors":[],"current_hp_per_floor":[76,76,75,61,61,0,0],"gold":167,"neow_bonus":"RANDOM_COLORLESS","is_daily":false,"chose_seed":false,"campfire_upgraded":0,"win_rate":0.0,"timestamp":1613193164,"path_taken":["M","M","M","M","?","E"],"items_purchased_type":[],"build_version":"2020-12-22","purchased_purges":0,"victory":false,"max_hp_per_floor":[76,76,76,76,76,76,76],"relic_stats":{"counters":[5,27],"Golden Idol":0,"obtain_stats":[{"chefmod:TrustyPot":0,"Golden Idol":5},{"chefmod:TrustyPot":0,"Golden Idol":4},{"chefmod:TrustyPot":0,"Golden Idol":22}]},"card_choices":[{"not_picked":["Mind Blast","Enlightenment"],"picked":"Flash of Steel","floor":0},{"not_picked":["chefmod:Defrost","chefmod:SaveForLater"],"picked":"chefmod:Granita","floor":1},{"not_picked":["chefmod:Bruschetta","chefmod:Flambe","chefmod:DinoKale"],"picked":"SKIP","floor":2},{"not_picked":["chefmod:IcePick","chefmod:Granita"],"picked":"chefmod:Sorbet","floor":3},{"not_picked":["chefmod:Cleavers","chefmod:Ratatouille"],"picked":"chefmod:Granita","floor":4}],"player_experience":324480,"relics_obtained":[],"event_choices":[{"damage_healed":0,"gold_gain":0,"player_choice":"Take Wound","damage_taken":0,"relics_obtained":["Golden Idol"],"max_hp_gain":0,"max_hp_loss":0,"event_name":"Golden Idol","floor":5,"gold_loss":0,"cards_obtained":["Injury"]}],"is_beta":false,"boss_relics":[],"items_purged_floors":[],"is_endless":false,"potions_floor_spawned":[4],"killed_by":"Gremlin Nob","ascension_level":0}}