{"host":"hnrafgucdht3qvsp","time":1613175424,"event":{"mods":["BaseMod","Bestiary","Colored Map","Downfall","Minty Spire (QoL Compilation)","Relic Stats","StSLib"],"gold_per_floor":[99,109,109,127,127,127,150,50,65,96,96,110,143,75,95,193,193,93,93,368,388,388,145,168,57,77,90,190,201,101,126,140,243,243,243,259,272,289,339,339,364,364,364,378,378,409,409,709,729,729,729,729,729,729],"floor_reached":52,"language":"ENG","playtime":3323,"items_purged":["Pain","Regret"],"score":873,"play_id":"644fb12d-ef11-48e0-afd8-c8cb3d220b6d","local_time":"20210212191704","is_ascension_mode":true,"campfire_choices":[{"data":"champ:Taunt","floor":1.0,"key":"SMITH"},{"data":"champ:Execute","floor":6.0,"key":"SMITH"},{"floor":8.0,"key":"RECALL"},{"data":"champ:RisingSlash","floor":11.0,"key":"SMITH"},{"data":"champ:Lariat","floor":18.0,"key":"SMITH"},{"data":"champ:SwordSigil","floor":30.0,"key":"SMITH"},{"data":"champ:StrikeOfGenius","floor":35.0,"key":"SMITH"},{"data":"champ:Improvising","floor":40,"key":"SMITH"},{"data":"champ:HoldFirm","floor":43,"key":"SMITH"},{"data":"champ:StrikeOfGenius","floor":45,"key":"SMITH"}],"circlet_count":0,"master_deck":["champ:Execute+1","champ:Taunt+1","champ:SetATrap","champ:StanceDance","champ:DefensiveStyle","champ:RisingSlash+1","champ:Lariat+1","champ:SteelEdge","champ:ShieldSigil","champ:DefensiveShout","champ:FlashCut","champ:Improvising+1","champ:Parry","champ:ShieldSigil","champ:DefensiveStyle","champ:SwordSigil+1","champ:Parry","champ:TornadoPunch","champ:SwordSigil+1","champ:HoldFirm+1","champ:LastStand","champ:MurderStrike","champ:Parry","champ:StrikeOfGenius+1","champ:CalledShot","champ:ShieldWall","champ:BerserkerStyle","champ:FaceSlap+1","CurseOfTheBell","CurseOfTheBell","Regret","champ:SwordThrow","champ:ArenaPreparation+1"],"relics":["bronze:MakeshiftBattery","champ:LiftRelic","downfall:ShatteredFragment","downfall:HeartBlessingBlue","Toy Ornithopter","sneckomod:BlankCard","sneckomod:SneckoTalon","downfall:HeartBlessingRed","champ:FightingForDummies","PreservedInsect","Guardian:PocketSentry","champ:BerserkersGuideToSlaughter","Nunchaku","champ:BlackKnightHelmet","InkBottle","downfall:HeartBlessingGreen","FossilizedHelix","Pandora\u0027s Box","StoneCalendar","Bag of Marbles","The Courier","downfall:ExtraCursedBell","Ancient Tea Set","Eternal Feather","Old Coin"],"acts_visited":["Exordium","TheCity","TheBeyond","TheEnding"],"potions_floor_usage":[38,39,52],"damage_taken":[{"damage":21.0,"enemies":"Jaw Worm","floor":2.0,"turns":4.0},{"damage":11.0,"enemies":"2 Louse","floor":4.0,"turns":3.0},{"damage":10.0,"enemies":"Small Slimes","floor":9.0,"turns":2.0},{"damage":14.0,"enemies":"Gremlin Nob","floor":10.0,"turns":3.0},{"damage":2.0,"enemies":"3 Louse","floor":12.0,"turns":3.0},{"damage":30.0,"enemies":"3 Sentries","floor":13.0,"turns":6.0},{"damage":24.0,"enemies":"downfall:FleeingMerchant","floor":14.0,"turns":4.0},{"damage":3.0,"enemies":"Lots of Slimes","floor":15.0,"turns":3.0},{"damage":10.0,"enemies":"SI_SHIV_ARCHETYPE","floor":16.0,"turns":5.0},{"damage":35.0,"enemies":"Chosen","floor":21.0,"turns":3.0},{"damage":30.0,"enemies":"downfall:FleeingMerchant","floor":23.0,"turns":4.0},{"damage":41.0,"enemies":"downfall:FleeingMerchant","floor":25.0,"turns":4.0},{"damage":10.0,"enemies":"3 Byrds","floor":26.0,"turns":3.0},{"damage":4.0,"enemies":"Centurion and Healer","floor":27.0,"turns":4.0},{"damage":29.0,"enemies":"Centurion and Healer","floor":28.0,"turns":3.0},{"damage":7.0,"enemies":"Cultist and Chosen","floor":29.0,"turns":3.0},{"damage":0.0,"enemies":"Book of Stabbing","floor":31.0,"turns":2.0},{"damage":0.0,"enemies":"Snake Plant","floor":32.0,"turns":2.0},{"damage":18.0,"enemies":"DF_ARCHETYPE_CLAW","floor":33.0,"turns":5.0},{"damage":8.0,"enemies":"3 Darklings","floor":36.0,"turns":4.0},{"damage":0.0,"enemies":"Orb Walker","floor":37.0,"turns":2.0},{"damage":21,"enemies":"Writhing Mass","floor":38,"turns":4},{"damage":70,"enemies":"2 Orb Walkers","floor":39,"turns":4},{"damage":0,"enemies":"Jaw Worm Horde","floor":44,"turns":3},{"damage":4,"enemies":"Giant Head","floor":46,"turns":4},{"damage":2,"enemies":"4 Shapes","floor":49,"turns":4},{"damage":88,"enemies":"WA_ARCHETYPE_DIVINITY","floor":50,"turns":7},{"damage":119,"enemies":"downfall:CharBossMerchant","floor":52,"turns":6}],"seed_played":"3831823126236257810","potions_obtained":[{"floor":2.0,"key":"BlessingOfTheForge"},{"floor":4.0,"key":"AttackPotion"},{"floor":12.0,"key":"Strength Potion"},{"floor":16.0,"key":"hexamod:SoulburnPotion"},{"floor":27.0,"key":"SpeedPotion"},{"floor":29.0,"key":"PowerPotion"},{"floor":32.0,"key":"Weak Potion"},{"floor":38,"key":"LiquidMemories"},{"floor":39,"key":"PowerPotion"},{"floor":46,"key":"Fruit Juice"}],"is_trial":false,"path_per_floor":["R","M","?","M","?","R","T","R","M","E","R","M","E","$","M","B",null,"R","?","?","M","?","$","T","$","M","M","?","M","R","E","M","B",null,"R","M","M","M","?","R","T","?","R","M","R","E","?","?","M","B",null,"E"],"character_chosen":"THE_CHAMP","items_purchased":["champ:DefensiveShout","PreservedInsect","champ:BerserkersGuideToSlaughter","champ:DefensiveStyle","Nunchaku"],"campfire_rested":0,"item_purchase_floors":[14,23,25,25,25],"current_hp_per_floor":[90,89,89,88,61,61,61,71,71,67,67,65,60,56,53,63,100,100,100,100,95,95,90,90,74,64,70,56,59,59,59,69,66,100,100,100,100,79,94,94,94,94,94,100,100,100,100,100,100,40,100,0,0,0],"gold":729,"neow_bonus":"BOSS_RELIC","is_daily":false,"chose_seed":false,"campfire_upgraded":9,"win_rate":0.0,"timestamp":1613175424,"path_taken":["R","M","?","M","?","R","T","R","M","E","R","M","E","$","M","BOSS","R","?","?","?","?","$","T","?","M","M","?","M","R","E","M","BOSS","R","M","M","M","?","R","T","?","R","M","R","E","?","?","M","BOSS","E"],"items_purchased_type":["Card","Relic","Relic","Card","Relic"],"build_version":"2020-12-22","purchased_purges":2,"victory":false,"max_hp_per_floor":[90,90,90,90,90,90,90,100,100,100,100,100,100,100,100,100,100,100,100,100,100,100,100,100,100,100,100,100,100,100,100,100,100,100,100,100,100,100,100,100,100,100,100,100,100,100,100,100,100,100,100,100,100,100],"relic_stats":{"Nunchaku":[15],"counters":[28,104],"Pandora\u0027s Box":["champ:LastStand","champ:StrikeOfGenius","champ:MurderStrike","champ:Parry","champ:StrikeOfGenius","champ:CalledShot","champ:ShieldWall","champ:BerserkerStyle"],"StoneCalendar":[0],"Eternal Feather":0,"PreservedInsect":326,"obtain_stats":[{"champ:BlackKnightHelmet":28,"sneckomod:BlankCard":13,"champ:ChampionCrown":0,"downfall:HeartBlessingGreen":30,"StoneCalendar":39,"Ancient Tea Set":48,"Old Coin":48,"Nunchaku":25,"downfall:HeartBlessingBlue":8,"champ:BerserkersGuideToSlaughter":25,"champ:FightingForDummies":22,"downfall:ExtraCursedBell":48,"InkBottle":28,"downfall:ShatteredFragment":5,"downfall:HeartBlessingRed":18,"Eternal Feather":48,"PreservedInsect":23,"The Courier":46,"Guardian:PocketSentry":24,"sneckomod:SneckoTalon":17,"champ:LiftRelic":3,"Pandora\u0027s Box":34,"Bag of Marbles":41,"bronze:MakeshiftBattery":0,"Toy Ornithopter":10,"FossilizedHelix":31},{"champ:BlackKnightHelmet":15,"sneckomod:BlankCard":6,"champ:ChampionCrown":0,"downfall:HeartBlessingGreen":16,"StoneCalendar":23,"Ancient Tea Set":25,"Old Coin":25,"Nunchaku":12,"downfall:HeartBlessingBlue":2,"champ:BerserkersGuideToSlaughter":12,"champ:FightingForDummies":10,"downfall:ExtraCursedBell":25,"InkBottle":15,"downfall:ShatteredFragment":2,"downfall:HeartBlessingRed":9,"Eternal Feather":25,"PreservedInsect":11,"The Courier":25,"Guardian:PocketSentry":11,"sneckomod:SneckoTalon":9,"champ:LiftRelic":1,"Pandora\u0027s Box":19,"Bag of Marbles":23,"bronze:MakeshiftBattery":0,"Toy Ornithopter":4,"FossilizedHelix":17},{"champ:BlackKnightHelmet":54,"sneckomod:BlankCard":21,"champ:ChampionCrown":0,"downfall:HeartBlessingGreen":57,"StoneCalendar":80,"Ancient Tea Set":87,"Old Coin":87,"Nunchaku":44,"downfall:HeartBlessingBlue":7,"champ:BerserkersGuideToSlaughter":44,"champ:FightingForDummies":36,"downfall:ExtraCursedBell":87,"InkBottle":54,"downfall:ShatteredFragment":7,"downfall:HeartBlessingRed":33,"Eternal Feather":87,"PreservedInsect":40,"The Courier":87,"Guardian:PocketSentry":40,"sneckomod:SneckoTalon":33,"champ:LiftRelic":4,"Pandora\u0027s Box":66,"Bag of Marbles":80,"bronze:MakeshiftBattery":0,"Toy Ornithopter":12,"FossilizedHelix":59}],"Toy Ornithopter":35,"InkBottle":[27]},"card_choices":[{"not_picked":["champ:FaceSlap","champ:Circumvent"],"picked":"champ:SetATrap","floor":2.0},{"not_picked":["champ:Endure","champ:PreciseThrust"],"picked":"champ:StanceDance","floor":4.0},{"not_picked":["champ:StanceDance","champ:DefensiveShout"],"picked":"champ:DefensiveStyle","floor":9.0},{"not_picked":["champ:RecklessLeap","champ:FancyFootwork"],"picked":"champ:RisingSlash","floor":10.0},{"not_picked":["champ:SkillfulDodge","champ:DefensiveShout"],"picked":"champ:Lariat","floor":12.0},{"not_picked":["champ:DefensiveShout","champ:PerfectedStrike"],"picked":"champ:SteelEdge","floor":13.0},{"not_picked":["champ:LastStand","champ:PerfectedStrike"],"picked":"champ:ShieldSigil","floor":14.0},{"not_picked":["champ:GutPunch","champ:CrownThrow"],"picked":"champ:FlashCut","floor":15.0},{"not_picked":["champ:CheapShot","champ:StrikeOfGenius"],"picked":"champ:Improvising","floor":16.0},{"not_picked":["champ:EndlessRage","champ:BladeFlurry","champ:Circumvent+1"],"picked":"SKIP","floor":21.0},{"not_picked":["champ:AdrenalArmor","champ:Encircle+1","champ:Circumvent"],"picked":"SKIP","floor":23.0},{"not_picked":["champ:StanceDance","champ:FlashCut"],"picked":"champ:ShieldSigil","floor":25.0},{"not_picked":["champ:IgnorePain","champ:PerfectedStrike"],"picked":"champ:SwordSigil","floor":26.0},{"not_picked":["champ:AdrenalArmor","champ:FanOfKnives","champ:Duel"],"picked":"SKIP","floor":27.0},{"not_picked":["champ:DefensiveStyle","champ:AdrenalArmor"],"picked":"champ:Parry","floor":28.0},{"not_picked":["champ:PerfectedStrike+1","champ:BladeFlurry"],"picked":"champ:TornadoPunch","floor":29.0},{"not_picked":["champ:FancyFootwork","champ:StanceDance"],"picked":"champ:SwordSigil+1","floor":31.0},{"not_picked":["champ:ShieldSigil","champ:RisingSlash+1","champ:Shatter"],"picked":"SKIP","floor":32.0},{"not_picked":["champ:DancingMaster","champ:Improvising"],"picked":"champ:HoldFirm","floor":33.0},{"not_picked":["champ:BerserkerStyle","champ:Backstep+1","champ:TornadoPunch"],"picked":"SKIP","floor":36.0},{"not_picked":["champ:BladeFlurry","champ:PerfectedStrike","champ:DefensiveShout+1"],"picked":"SKIP","floor":37.0},{"not_picked":["champ:EndlessRage+1","champ:Shatter"],"picked":"champ:FaceSlap+1","floor":38},{"not_picked":["champ:BerserkersShout+1","champ:DeathBlow+1","champ:Shatter+1"],"picked":"SKIP","floor":44},{"not_picked":["champ:Shatter+1","champ:BerserkerStyle+1","champ:DefensiveStyle"],"picked":"SKIP","floor":46},{"not_picked":["champ:Backstep","champ:RapidStrikes+1"],"picked":"champ:ArenaPreparation+1","floor":49}],"player_experience":641169,"relics_obtained":[{"floor":10.0,"key":"Toy Ornithopter"},{"floor":13.0,"key":"sneckomod:BlankCard"},{"floor":24.0,"key":"Guardian:PocketSentry"},{"floor":28.0,"key":"champ:BlackKnightHelmet"},{"floor":28.0,"key":"InkBottle"},{"floor":31.0,"key":"FossilizedHelix"},{"floor":39,"key":"StoneCalendar"},{"floor":41,"key":"Bag of Marbles"},{"floor":46,"key":"The Courier"},{"floor":48,"key":"Ancient Tea Set"},{"floor":48,"key":"Eternal Feather"},{"floor":48,"key":"Old Coin"}],"event_choices":[{"damage_healed":0.0,"max_hp_gain":0.0,"max_hp_loss":0.0,"gold_gain":0.0,"event_name":"The Library","player_choice":"Read","floor":19.0,"gold_loss":0.0,"damage_taken":0.0,"cards_obtained":["champ:Parry"]},{"damage_healed":0,"gold_gain":0,"player_choice":"Fight","damage_taken":0,"max_hp_gain":0,"max_hp_loss":0,"event_name":"Mysterious Sphere","floor":39,"gold_loss":0},{"cards_removed":["champ:StrikeOfGenius"],"damage_healed":0,"gold_gain":0,"player_choice":"Removed Power","damage_taken":0,"max_hp_gain":0,"max_hp_loss":0,"event_name":"Falling","floor":42,"gold_loss":0}],"is_beta":false,"boss_relics":[{"not_picked":["Sozu","Busted Crown"],"picked":"sneckomod:SneckoTalon"},{"not_picked":["Philosopher\u0027s Stone","Calling Bell"],"picked":"Pandora\u0027s Box"}],"items_purged_floors":[23,25],"is_endless":false,"potions_floor_spawned":[2,4,12,16,27,29,31,32,38,39,46],"killed_by":"downfall:CharBossMerchant","ascension_level":1}}