{"host":"lly094a91h6n5nv5","time":1613258120,"event":{"mods":["AchievementEnabler","BaseMod","Block Reminder","Colored Map","Minty Spire (QoL Compilation)"],"gold_per_floor":[119,119,144,156,185,228,240,266,349,311,323,40,58,102,102,214,214,233,158,187,196,228,228,256,256,256,256,281,324,334,365,365,470,470,490,250,277,277,300,315,315,357,357,357,6,29,29,64,64,64],"floor_reached":51,"language":"ENG","playtime":5026,"items_purged":["Strike_G","Strike_G"],"score":1280,"play_id":"c868a6f6-f5b4-4d4b-9a2f-93dc976ae7bd","local_time":"20210213171520","is_ascension_mode":true,"campfire_choices":[{"data":"Deadly Poison","floor":7.0,"key":"SMITH"},{"data":"Neutralize","floor":11.0,"key":"SMITH"},{"data":"Footwork","floor":15.0,"key":"SMITH"},{"data":"Crippling Poison","floor":23.0,"key":"SMITH"},{"data":"Crippling Poison","floor":25.0,"key":"SMITH"},{"floor":27.0,"key":"REST"},{"data":"Burst","floor":32.0,"key":"SMITH"},{"data":"Deadly Poison","floor":41.0,"key":"SMITH"},{"data":"Bouncing Flask","floor":44.0,"key":"SMITH"},{"data":"Adrenaline","floor":47,"key":"SMITH"},{"data":"Well Laid Plans","floor":49,"key":"SMITH"}],"circlet_count":0,"master_deck":["Strike_G+1","Strike_G+1","Defend_G","Defend_G","Defend_G","Defend_G","Defend_G","Survivor","Neutralize+1","Well Laid Plans+1","Deadly Poison+1","Backflip","Crippling Poison+1","Footwork+1","PiercingWail","Burst+1","Adrenaline+1","Crippling Poison+1","Deadly Poison+1","Dodge and Roll+1","PiercingWail","Corpse Explosion","Blur","Footwork+1","Deflect+1","Bouncing Flask+1","Deadly Poison+1","Bouncing Flask+1","Footwork+1","Backflip","Acrobatics+1","Blur"],"relics":["Ring of the Snake","Oddly Smooth Stone","MawBank","Potion Belt","Pantograph","Anchor","CeramicFish","Cursed Key","Red Mask","Art of War","Akabeko","SlaversCollar","Bronze Scales","Ginger","Orrery","Pear","Orichalcum"],"acts_visited":["Exordium","TheCity","TheBeyond"],"potions_floor_usage":[50],"damage_taken":[{"damage":2.0,"enemies":"Cultist","floor":1.0,"turns":6.0},{"damage":0.0,"enemies":"2 Louse","floor":3.0,"turns":3.0},{"damage":1.0,"enemies":"Jaw Worm","floor":5.0,"turns":4.0},{"damage":25.0,"enemies":"Gremlin Nob","floor":6.0,"turns":4.0},{"damage":0.0,"enemies":"Looter","floor":8.0,"turns":3.0},{"damage":0.0,"enemies":"3 Louse","floor":13.0,"turns":3.0},{"damage":2.0,"enemies":"3 Sentries","floor":14.0,"turns":11.0},{"damage":1.0,"enemies":"Slime Boss","floor":16.0,"turns":16.0},{"damage":9.0,"enemies":"Chosen","floor":18.0,"turns":5.0},{"damage":0.0,"enemies":"3 Byrds","floor":20.0,"turns":5.0},{"damage":37.0,"enemies":"Masked Bandits","floor":22.0,"turns":8.0},{"damage":0.0,"enemies":"Slavers","floor":24.0,"turns":4.0},{"damage":3.0,"enemies":"Snake Plant","floor":28.0,"turns":4.0},{"damage":0.0,"enemies":"Gremlin Leader","floor":29.0,"turns":6.0},{"damage":2.0,"enemies":"3 Cultists","floor":30.0,"turns":5.0},{"damage":7.0,"enemies":"Slavers","floor":31.0,"turns":4.0},{"damage":2.0,"enemies":"Automaton","floor":33.0,"turns":11.0},{"damage":0.0,"enemies":"Orb Walker","floor":35.0,"turns":4.0},{"damage":0.0,"enemies":"3 Shapes","floor":37.0,"turns":4.0},{"damage":0.0,"enemies":"Sphere and 2 Shapes","floor":39.0,"turns":4.0},{"damage":0.0,"enemies":"Writhing Mass","floor":40.0,"turns":6.0},{"damage":0.0,"enemies":"Reptomancer","floor":42.0,"turns":7.0},{"damage":5,"enemies":"Transient","floor":46,"turns":5},{"damage":0,"enemies":"Nemesis","floor":48,"turns":7},{"damage":38,"enemies":"Time Eater","floor":50,"turns":12}],"seed_played":"6057544153006932162","potions_obtained":[{"floor":1.0,"key":"FearPotion"},{"floor":5.0,"key":"ColorlessPotion"},{"floor":8.0,"key":"Block Potion"},{"floor":22.0,"key":"CunningPotion"},{"floor":24.0,"key":"Energy Potion"},{"floor":28.0,"key":"SpeedPotion"},{"floor":30.0,"key":"SpeedPotion"},{"floor":39.0,"key":"Fruit Juice"},{"floor":40.0,"key":"ColorlessPotion"},{"floor":42.0,"key":"SteroidPotion"},{"floor":46,"key":"FearPotion"}],"is_trial":false,"path_per_floor":["M","T","M","?","M","E","R","M","T","?","R","$","M","E","R","B",null,"M","$","M","?","?","R","E","R","T","R","M","E","M","E","R","B",null,"M","$","M","?","M","M","R","E","T","R","$","M","R","E","R","B",null],"character_chosen":"THE_SILENT","items_purchased":["Crippling Poison","Footwork","Anchor","Blur","GamblersBrew","Orrery","Pear"],"campfire_rested":1,"item_purchase_floors":[12,12,12,36,36,45,45],"current_hp_per_floor":[61,61,61,47,46,21,21,21,21,21,21,21,21,19,19,43,63,54,54,54,54,17,17,17,17,17,38,35,35,33,26,26,49,65,65,65,65,65,65,65,65,65,65,65,80,75,75,75,75,47],"gold":64,"neow_bonus":"RANDOM_COMMON_RELIC","is_daily":false,"chose_seed":false,"campfire_upgraded":10,"win_rate":0.0,"timestamp":1613258120,"path_taken":["M","?","?","?","M","E","R","M","T","?","R","$","M","E","R","BOSS","M","$","M","?","?","R","E","R","T","R","M","E","M","E","R","BOSS","M","$","M","?","?","M","R","E","T","R","$","M","R","E","R","BOSS"],"items_purchased_type":["Card","Card","Relic","Card","Potion","Relic","Relic"],"build_version":"2020-12-22","purchased_purges":2,"victory":true,"max_hp_per_floor":[70,70,70,70,70,70,70,70,70,70,70,70,70,70,70,70,70,70,70,70,70,70,70,70,70,70,70,70,70,70,70,70,70,70,70,70,70,70,70,70,70,70,70,70,85,85,85,85,85,85],"card_choices":[{"not_picked":["Prepared","Accuracy"],"picked":"Well Laid Plans","floor":1.0},{"not_picked":["PiercingWail","Tactician"],"picked":"Deadly Poison","floor":3.0},{"not_picked":["Prepared","Sucker Punch","Poisoned Stab"],"picked":"SKIP","floor":5.0},{"not_picked":["Expertise","Infinite Blades","Accuracy"],"picked":"SKIP","floor":6.0},{"not_picked":["Expertise","Accuracy"],"picked":"Backflip","floor":8.0},{"not_picked":["Flying Knee","Outmaneuver"],"picked":"PiercingWail","floor":13.0},{"not_picked":["Prepared","Bane"],"picked":"Burst","floor":14.0},{"not_picked":["Envenom","Storm of Steel"],"picked":"Adrenaline","floor":16.0},{"not_picked":["Infinite Blades","Bane","Quick Slash"],"picked":"SKIP","floor":18.0},{"not_picked":["Acrobatics","Prepared"],"picked":"Crippling Poison","floor":20.0},{"not_picked":["Cloak And Dagger","Well Laid Plans","Setup"],"picked":"SKIP","floor":24.0},{"not_picked":["Blade Dance","Poisoned Stab"],"picked":"Dodge and Roll+1","floor":28.0},{"not_picked":["Dagger Spray","Flying Knee"],"picked":"PiercingWail","floor":29.0},{"not_picked":["Flying Knee+1","Endless Agony+1","Cloak And Dagger"],"picked":"SKIP","floor":30.0},{"not_picked":["Underhanded Strike+1","Flying Knee","Quick Slash+1"],"picked":"SKIP","floor":31.0},{"not_picked":["Doppelganger","Die Die Die"],"picked":"Corpse Explosion","floor":33.0},{"not_picked":["Poisoned Stab+1","Prepared","Skewer"],"picked":"SKIP","floor":35.0},{"not_picked":["Bane+1","Distraction+1"],"picked":"Footwork+1","floor":37.0},{"not_picked":["Underhanded Strike+1","Prepared"],"picked":"Deflect+1","floor":39.0},{"not_picked":["Endless Agony","Heel Hook","Bane"],"picked":"SKIP","floor":40.0},{"not_picked":["Leg Sweep+1","Backstab"],"picked":"Bouncing Flask","floor":42.0},{"not_picked":["Dagger Spray+1","Heel Hook"],"picked":"Deadly Poison+1","floor":45.0},{"not_picked":["Caltrops","Bane+1"],"picked":"Bouncing Flask+1","floor":45.0},{"not_picked":["Blade Dance+1","Dash"],"picked":"Footwork+1","floor":45.0},{"not_picked":["Eviscerate+1","Wraith Form v2"],"picked":"Backflip","floor":45.0},{"not_picked":["Slice+1","PiercingWail"],"picked":"Acrobatics+1","floor":46},{"not_picked":["Bane","Slice"],"picked":"Blur","floor":48}],"player_experience":228849,"relics_obtained":[{"floor":2.0,"key":"MawBank"},{"floor":6.0,"key":"Potion Belt"},{"floor":9.0,"key":"Pantograph"},{"floor":14.0,"key":"CeramicFish"},{"floor":22.0,"key":"Red Mask"},{"floor":29.0,"key":"Art of War"},{"floor":31.0,"key":"Akabeko"},{"floor":42.0,"key":"Ginger"},{"floor":48,"key":"Orichalcum"}],"event_choices":[{"damage_healed":0.0,"max_hp_gain":0.0,"max_hp_loss":0.0,"gold_gain":0.0,"event_name":"Shining Light","player_choice":"Entered Light","floor":4.0,"gold_loss":0.0,"damage_taken":14.0,"cards_upgraded":["Strike_G","Strike_G"]},{"cards_removed":["Strike_G"],"damage_healed":0.0,"max_hp_gain":0.0,"max_hp_loss":0.0,"gold_gain":0.0,"event_name":"The Cleric","player_choice":"Card Removal","floor":10.0,"gold_loss":50.0,"damage_taken":0.0},{"damage_healed":0.0,"max_hp_gain":0.0,"max_hp_loss":0.0,"gold_gain":0.0,"event_name":"The Library","player_choice":"Read","floor":21.0,"gold_loss":0.0,"damage_taken":0.0,"cards_obtained":["Deadly Poison"]},{"damage_healed":0.0,"max_hp_gain":0.0,"max_hp_loss":0.0,"gold_gain":0.0,"event_name":"Masked Bandits","player_choice":"Fought Bandits","floor":22.0,"gold_loss":0.0,"damage_taken":0.0},{"damage_healed":0.0,"max_hp_gain":0.0,"max_hp_loss":0.0,"gold_gain":0.0,"event_name":"WeMeetAgain","player_choice":"Gave Potion","floor":38.0,"gold_loss":0.0,"damage_taken":0.0,"relics_obtained":["Bronze Scales"]}],"is_beta":false,"boss_relics":[{"not_picked":["Ring of the Serpent","SacredBark"],"picked":"Cursed Key"},{"not_picked":["Black Star","Sozu"],"picked":"SlaversCollar"}],"items_purged_floors":[19,36],"is_endless":false,"potions_floor_spawned":[1,5,8,22,24,28,30,39,40,42,46],"ascension_level":9}}