{"host":"j36qkj20jqndbw01","time":1613202113,"event":{"mods":["AchievementEnabler","BaseMod","Colored Map","DeckTracker","Highlight Path","Keyboard Shortcuts","Minty Spire (QoL Compilation)","Quick Restart","Relic Stats","StSLib","SuperFastMode","everything is the same but u backflip on backflip"],"gold_per_floor":[113,125,144,154,166,200,215,232,259,272,272,299,318,347,347,347,347],"floor_reached":16,"language":"KOR","playtime":734,"items_purged":[],"score":243,"play_id":"c06a367c-92b4-433f-93d7-e3e897fd434b","local_time":"20210213164153","is_ascension_mode":true,"campfire_choices":[{"floor":11,"key":"REST"},{"data":"Electrodynamics","floor":15,"key":"SMITH"}],"circlet_count":0,"master_deck":["AscendersBane","Strike_B","Strike_B","Strike_B","Strike_B","Defend_B","Defend_B","Defend_B","Defend_B","Zap","Dualcast","Cold Snap","Beam Cell","Go for the Eyes","Blizzard","Electrodynamics+1","Ball Lightning","Ball Lightning","Compile Driver","Turbo","FTL","Defragment","Electrodynamics"],"relics":["Cracked Core","StrikeDummy","Happy Flower","Bottled Tornado","Question Card"],"acts_visited":["Exordium"],"potions_floor_usage":[6],"damage_taken":[{"damage":2,"enemies":"Cultist","floor":1,"turns":4},{"damage":9,"enemies":"2 Louse","floor":2,"turns":2},{"damage":2,"enemies":"Jaw Worm","floor":3,"turns":3},{"damage":6,"enemies":"2 Fungi Beasts","floor":4,"turns":3},{"damage":2,"enemies":"Looter","floor":5,"turns":3},{"damage":16,"enemies":"Lagavulin","floor":6,"turns":5},{"damage":8,"enemies":"Large Slime","floor":7,"turns":5},{"damage":9,"enemies":"3 Louse","floor":8,"turns":2},{"damage":7,"enemies":"2 Fungi Beasts","floor":10,"turns":3},{"damage":6,"enemies":"Gremlin Nob","floor":12,"turns":3},{"damage":0,"enemies":"Lots of Slimes","floor":13,"turns":1},{"damage":12,"enemies":"3 Sentries","floor":14,"turns":3},{"damage":20,"enemies":"Slime Boss","floor":16,"turns":5}],"seed_played":"-6939987757812766094","potions_obtained":[{"floor":3,"key":"DuplicationPotion"},{"floor":5,"key":"DistilledChaos"},{"floor":7,"key":"DuplicationPotion"}],"is_trial":false,"path_per_floor":["M","M","M","M","M","E","M","M","T","M","R","E","M","E","R","B"],"character_chosen":"DEFECT","items_purchased":[],"campfire_rested":1,"item_purchase_floors":[],"current_hp_per_floor":[69,60,58,52,50,34,26,17,17,10,33,27,27,15,15,0,0],"gold":347,"neow_bonus":"TEN_PERCENT_HP_BONUS","is_daily":false,"chose_seed":false,"campfire_upgraded":1,"win_rate":0.0,"timestamp":1613202113,"path_taken":["M","M","?","M","M","E","M","M","T","M","R","E","M","E","R","BOSS"],"items_purchased_type":[],"build_version":"2020-12-22","purchased_purges":0,"victory":false,"max_hp_per_floor":[78,78,78,78,78,78,78,78,78,78,78,78,78,78,78,78,78],"relic_stats":{"Happy Flower":[5],"counters":[13,42],"Question Card":0,"obtain_stats":[{"Happy Flower":9,"Bottled Tornado":12,"Cracked Core":0,"StrikeDummy":6,"Question Card":14},{"Happy Flower":8,"Bottled Tornado":10,"Cracked Core":0,"StrikeDummy":6,"Question Card":12},{"Happy Flower":27,"Bottled Tornado":33,"Cracked Core":0,"StrikeDummy":20,"Question Card":37}]},"card_choices":[{"not_picked":["Coolheaded","Barrage"],"picked":"Cold Snap","floor":1},{"not_picked":["Compile Driver","Conserve Battery"],"picked":"Beam Cell","floor":2},{"not_picked":["Static Discharge","Cold Snap"],"picked":"Go for the Eyes","floor":3},{"not_picked":["Darkness","Redo"],"picked":"Blizzard","floor":4},{"not_picked":["Rebound","Skim"],"picked":"Electrodynamics","floor":5},{"not_picked":["Stack","Barrage"],"picked":"Ball Lightning","floor":6},{"not_picked":["Sweeping Beam","Melter"],"picked":"Ball Lightning","floor":7},{"not_picked":["Go for the Eyes","Storm"],"picked":"Compile Driver","floor":8},{"not_picked":["Genetic Algorithm","Fusion"],"picked":"Turbo","floor":10},{"not_picked":["Reinforced Body","Beam Cell"],"picked":"FTL","floor":12},{"not_picked":["Gash","Sunder"],"picked":"Defragment","floor":13},{"not_picked":["Stack","Rip and Tear"],"picked":"Electrodynamics","floor":14}],"player_experience":1757150,"relics_obtained":[{"floor":6,"key":"StrikeDummy"},{"floor":9,"key":"Happy Flower"},{"floor":12,"key":"Bottled Tornado"},{"floor":14,"key":"Question Card"}],"event_choices":[],"is_beta":false,"boss_relics":[],"items_purged_floors":[],"is_endless":false,"potions_floor_spawned":[3,5,7,8,12,13,14],"killed_by":"Slime Boss","ascension_level":18}}