{"host":"y9jgkjnf95sujozk","time":1613209796,"event":{"mods":["2.2 Compatiblity","AchievementEnabler","Act Like it!","BaseMod","BetterRewards","Block Reminder","Colored Map","Colored Powertips","Friendly Minions","Gensokyo","GifTheSpireLib","Hallownest","Hermit","Highlight Path","HololiveMod","Hubris","Infinite Spire","Jorbs\u0027s Wanderer Trilogy","Koishi","Marisa（霧雨　魔理沙）","Minty Spire (QoL Compilation)","Quick Restart","Random Character Button","Rare Cards Sparkle","Reimu（博??梦）","Remilia（蕾米莉?）","Replay The Spire","Shop Mod","StSLib","SuperFastMode","The Bug Knight","The Cursed","The Disciple","The Hierophant","The Jungle","The Runesmith","The Senshi","The Servant 0.9.4"],"gold_per_floor":[77,77,77,103,31,31,66,83,161,176,176,176,208,208,208,306,306,320,337,337,337,348,379,379,394,394,394,394,405,405,55,55,152,152,164,272,282,282,292,292,311,311,337,337,337,337,337,337,343],"floor_reached":51,"language":"ENG","playtime":1739,"items_purged":["Injury"],"score":1381,"play_id":"c19c73d0-909a-4e52-89ed-6ae54a260251","local_time":"20210213104956","is_ascension_mode":true,"campfire_choices":[{"data":"Hololive_SummonFox","floor":6.0,"key":"SMITH"},{"floor":15.0,"key":"REST"},{"floor":24.0,"key":"REST"},{"floor":30.0,"key":"REST"},{"data":"Trip","floor":32.0,"key":"SMITH"},{"data":"Hololive_StrengthChampion+1","floor":40,"key":"SMITH"},{"data":"Hololive_StrengthChampion","floor":47,"key":"SMITH"},{"data":"Hololive_StrengthChampion+1","floor":49,"key":"SMITH"}],"circlet_count":0,"master_deck":["Hololive_Strike+1","Hololive_Strike+1","Hololive_Defend+1","Hololive_Defend+1","Hololive_Breathe+1","Hololive_CallDoris","Hololive_CallAkiRosenthal","Hololive_CallNatsuiroMatsuri","Hololive_CallFriendA","Hololive_CallYogiri","Hololive_CocoNews","Hololive_CallOmaruPolka","Sadistic Nature","Finesse","Hololive_Teleport","Hololive_CocoNews","Hololive_CallShiranuiFlare","Hololive_SummonFox+1","Hololive_Psychosis","Hololive_CallOmaruPolka","Hololive_CallOkamiMio","Clumsy","Hololive_CallRoboco","Hololive_MaximGun","Hallownest:curseDreamersLament","Runesmith:Fortify","Hololive_ASMR","Trip","hubris:Fate","Hololive_CallMomosuzuNene+6","Hololive_CallYogiri+1","Hololive_CallHimemoriLuna","Hololive_CallHoshimachiSuisei","Hololive_CallCivia","Hololive_CallRosalyn+1","Hololive_RevenueBasedLive","Hololive_CallRosalyn","Trip+1","Hololive_WolfAndLamb","AbeCurse","Hololive_CallYuzukiChoco+1","ReplayTheSpireMod:Black Plague","Hololive_StrengthChampion+2","Hololive_CallMurasakiShion+1","Hololive_CallShishiroBotan+1","Parasite","Hololive_StrengthChampion+2"],"relics":["Hololive_TheStar","Replay:Kaleidoscope","hubris:EmptyBottle","CaptainsWheel","hubris:ToyBattleship","hubris:Metronome","TungstenRod","Meat on the Bone","hubris:MobiusCoin","Gensokyo:NagashiBinaDoll","Mango","War Paint","infinitespire:PuzzleCube","Replay:Grab Bag","ChewingGum","Philosopher\u0027s Stone","ReplayTheSpireMod:SealedPack","Bag of Marbles","Regal Pillow","hubris:CrystalStatue","OrangePellets","Abe\u0027s Treasure","hubris:Teleporter","hubris:TenFootPole","hubris:Towel","hubris:Potato","Runesmith:UraniumAnvil"],"acts_visited":["Exordium","TheCity","TheBeyond"],"potions_floor_usage":[42,44,50,50],"damage_taken":[{"damage":0.0,"enemies":"Gensokyo:3_Fairies","floor":1.0,"turns":4.0},{"damage":0.0,"enemies":"Gensokyo:Mamizou","floor":7.0,"turns":6.0},{"damage":0.0,"enemies":"Gensokyo:Python","floor":8.0,"turns":3.0},{"damage":0.0,"enemies":"Gensokyo:Gryphon","floor":10.0,"turns":2.0},{"damage":0.0,"enemies":"Gensokyo:Cirno","floor":13.0,"turns":7.0},{"damage":0.0,"enemies":"Gensokyo:Reimu","floor":16.0,"turns":7.0},{"damage":1.0,"enemies":"Spheric Guardian","floor":18.0,"turns":3.0},{"damage":0.0,"enemies":"Chosen and Byrds","floor":19.0,"turns":5.0},{"damage":0.0,"enemies":"Sentry and Sphere","floor":22.0,"turns":5.0},{"damage":8.0,"enemies":"Replay:Snechameleon","floor":23.0,"turns":6.0},{"damage":1.0,"enemies":"Shelled Parasite and Fungi","floor":25.0,"turns":5.0},{"damage":0.0,"enemies":"Chosen and Byrds","floor":29.0,"turns":3.0},{"damage":0.0,"enemies":"Collector","floor":33.0,"turns":5.0},{"damage":0.0,"enemies":"3 Darklings","floor":35.0,"turns":4.0},{"damage":10.0,"enemies":"infinitespire:Three Voidlings","floor":36.0,"turns":4.0},{"damage":0.0,"enemies":"Nightmare_Alpha","floor":36.0,"turns":8.0},{"damage":0,"enemies":"Orb Walker","floor":37,"turns":3},{"damage":0,"enemies":"Sphere and 2 Shapes","floor":39,"turns":3},{"damage":0,"enemies":"Writhing Mass","floor":41,"turns":3},{"damage":0,"enemies":"Maw","floor":42,"turns":1},{"damage":0,"enemies":"4 Shapes","floor":44,"turns":1},{"damage":0,"enemies":"Donu and Deca","floor":50,"turns":8}],"seed_played":"-3449579589672596840","potions_obtained":[{"floor":1.0,"key":"SpeedPotion"},{"floor":13.0,"key":"Reflective Coating"},{"floor":22.0,"key":"Swift Potion"},{"floor":23.0,"key":"Dexterity Potion"},{"floor":36,"key":"Energy Potion"},{"floor":39,"key":"SmokeBomb"}],"is_trial":false,"path_per_floor":["M","COS","?","?","$","R","E","M","T","M","?","?","E","T","R","B",null,"M","M","?","?","M","E","R","M","T","AVR","?","M","R","$","R","B",null,"M","?","M","?","M","R","M","M","T","M","?","R","AVR","R","B",null],"character_chosen":"Hololive_HololiveCharacter","items_purchased":["Hololive_CocoNews","Hololive_CallOmaruPolka","hubris:EmptyBottle","CaptainsWheel","hubris:ToyBattleship","Sadistic Nature","Finesse","Hololive_Teleport","Hololive_SummonFox","Hololive_RevenueBasedLive","Hololive_CallRosalyn","OrangePellets","Trip"],"campfire_rested":3,"item_purchase_floors":[0,0,0,0,0,0,0,0,5,31,31,31,31],"current_hp_per_floor":[35,35,35,35,35,35,35,35,35,35,35,29,29,29,43,43,49,48,48,48,48,48,40,49,48,48,48,48,48,49,49,49,49,49,49,49,49,49,49,49,49,49,49,49,49,49,49,49,49],"gold":343,"neow_bonus":"","is_daily":false,"chose_seed":false,"campfire_upgraded":5,"win_rate":0.0,"timestamp":1613209796,"path_taken":["M","COS","?","?","$","R","E","M","T","M","?","?","E","?","R","BOSS","M","M","?","?","?","E","R","?","T","AVR","?","M","R","?","R","BOSS","M","?","M","?","M","R","M","M","T","?","?","R","AVR","R","BOSS"],"items_purchased_type":["Card","Card","Relic","Relic","Relic","Card","Card","Card","Card","Card","Card","Relic","Card"],"build_version":"2020-12-22","purchased_purges":1,"victory":true,"max_hp_per_floor":[35,35,35,35,35,35,35,35,35,35,35,49,49,49,49,49,49,49,49,49,49,49,49,49,49,49,49,49,49,49,49,49,49,49,49,49,49,49,49,49,49,49,49,49,49,49,49,49,49],"card_choices":[{"not_picked":["Hololive_SummonFox","Hololive_OvertimeWork","Hololive_LuckPotion"],"picked":"Hololive_CocoNews","floor":1.0},{"not_picked":["Hololive_CallRoboco","Hololive_LuckPotion","Hololive_ManjiGathering"],"picked":"Hololive_CallShiranuiFlare","floor":4.0},{"not_picked":["Hololive_CallFriendA","Hololive_RevenueBasedLive","Hololive_CallShiranuiFlare"],"picked":"Hololive_Psychosis","floor":7.0},{"not_picked":["Hololive_HuntDinosaur","Hololive_Drill","Hololive_Breathe"],"picked":"Hololive_CallOmaruPolka","floor":8.0},{"not_picked":["Hololive_Rebound","Hololive_Sequa","Hololive_FlyingPonyTail"],"picked":"Hololive_CallOkamiMio","floor":10.0},{"not_picked":["Hololive_OvertimeWork","Hololive_Drill","Hololive_Spy"],"picked":"Hololive_CallRoboco","floor":13.0},{"not_picked":["Hololive_FlareMind","Hololive_DurableLive","Hololive_IdolExercise"],"picked":"Hololive_MaximGun","floor":16.0},{"not_picked":["stsjorbsmod:Exhale","HollowMod:FocusHealStart","stsjorbsmod:CULLCard"],"picked":"Runesmith:Fortify","floor":17.0},{"not_picked":["Hololive_DiamondStrike","Hololive_Thief","Hololive_DurableLive"],"picked":"Hololive_ASMR","floor":17.0},{"not_picked":["PanicButton","Dark Shackles","Enlightenment"],"picked":"Trip","floor":17.0},{"not_picked":["infinitespire:Fortify","infinitespire:Punishment","infinitespire:Starlight"],"picked":"hubris:Fate","floor":17.0},{"not_picked":["Hololive_Psychosis","Hololive_OvertimeWork","Hololive_ASMR"],"picked":"Hololive_CallMomosuzuNene","floor":18.0},{"not_picked":["Hololive_RevenueBasedLive","Hololive_LuckPotion","Hololive_CallOkamiMio"],"picked":"Hololive_CallYogiri","floor":19.0},{"not_picked":["Hololive_Drill+1","Hololive_CallArtia","Hololive_Rebound"],"picked":"Hololive_CallHimemoriLuna","floor":22.0},{"not_picked":["Hololive_OvertimeWork+1","Hololive_Breathe","Hololive_Sequa"],"picked":"Hololive_CallHoshimachiSuisei","floor":23.0},{"not_picked":["Hololive_Rebound+1","Hololive_CallUruhaRushia+1","Hololive_CocoNews+1"],"picked":"Hololive_CallCivia","floor":25.0},{"not_picked":["Hololive_FlyingPonyTail","Hololive_RevenueBasedLive","Hololive_Sequa"],"picked":"Hololive_CallRosalyn+1","floor":29.0},{"not_picked":["Hololive_Thief","Hololive_BeCareful","Hololive_ScarfAndHalo"],"picked":"Hololive_WolfAndLamb","floor":33.0},{"not_picked":["Hololive_LuckPotion+1","Hololive_CallMoonaHoshinova","Hololive_RevenueBasedLive"],"picked":"Hololive_CallYuzukiChoco+1","floor":35.0},{"not_picked":["infinitespire:SevenWalls","infinitespire:Execution"],"picked":"ReplayTheSpireMod:Black Plague","floor":36},{"not_picked":["Hololive_HuntDinosaur+1","Hololive_Drill+1","Hololive_OvertimeWork+1"],"picked":"Hololive_StrengthChampion+1","floor":36},{"not_picked":["Hololive_Rebound","Hololive_FlyingPonyTail+1","Hololive_IdolExercise"],"picked":"Hololive_CallMurasakiShion","floor":37},{"not_picked":["Hololive_CallHimemoriLuna+1","Hololive_LuckPotion+1","Hololive_Rebound+1"],"picked":"Hololive_CallShishiroBotan+1","floor":39},{"not_picked":["Hololive_OvertimeWork+1","Hololive_Trident+1","Hololive_CallMoonaHoshinova"],"picked":"Hololive_StrengthChampion","floor":41}],"player_experience":135151,"relics_obtained":[{"floor":4.0,"key":"TungstenRod"},{"floor":7.0,"key":"Meat on the Bone"},{"floor":9.0,"key":"hubris:MobiusCoin"},{"floor":13.0,"key":"War Paint"},{"floor":14.0,"key":"infinitespire:PuzzleCube"},{"floor":23.0,"key":"Bag of Marbles"},{"floor":26.0,"key":"Regal Pillow"},{"floor":36,"key":"hubris:Teleporter"},{"floor":43,"key":"hubris:TenFootPole"}],"event_choices":[{"damage_healed":0.0,"max_hp_gain":0.0,"max_hp_loss":0.0,"gold_gain":0.0,"event_name":"Upgrade Shrine","player_choice":"Upgraded","floor":21.0,"gold_loss":0.0,"damage_taken":0.0,"cards_upgraded":["Hololive_CallYogiri"]},{"damage_healed":0.0,"max_hp_gain":0.0,"max_hp_loss":0.0,"gold_gain":0.0,"event_name":"Back to Basics","player_choice":"Simplicity","floor":28.0,"gold_loss":0.0,"damage_taken":0.0,"cards_upgraded":["Hololive_Strike","Hololive_Strike","Hololive_Defend"]},{"damage_healed":0,"gold_gain":0,"player_choice":"Simplicity","damage_taken":0,"max_hp_gain":0,"max_hp_loss":0,"event_name":"Back to Basics","floor":36,"gold_loss":0,"cards_upgraded":[]},{"damage_healed":0,"gold_gain":0,"player_choice":"Upgraded","damage_taken":0,"max_hp_gain":0,"max_hp_loss":0,"event_name":"Upgrade Shrine","floor":38,"gold_loss":0,"cards_upgraded":["Hololive_CallMurasakiShion"]}],"is_beta":false,"boss_relics":[{"not_picked":["Replay:Fungal Core","Sozu"],"picked":"Replay:Grab Bag"},{"not_picked":["Replay:Wanted Poster","Busted Crown"],"picked":"ChewingGum"},{"not_picked":["hubris:RunicObelisk","Ectoplasm"],"picked":"Philosopher\u0027s Stone"},{"not_picked":["Hololive_ChaosS","hubris:BlackHole"],"picked":"ReplayTheSpireMod:SealedPack"},{"not_picked":["Runic Dome","Snecko Heart"],"picked":"Abe\u0027s Treasure"}],"items_purged_floors":[31],"is_endless":false,"potions_floor_spawned":[1,13,22,23,36,39,42,44],"ascension_level":3}}