{"host":"sav7uxregyirlf69","time":1613217676,"event":{"mods":["AchievementEnabler","BaseMod","Colored Map","DeckTracker","Keyboard Shortcuts","Minty Spire (QoL Compilation)","READ ME - Guardian Mod","StSLib","SuperFastMode"],"gold_per_floor":[113,130,130,142,152,186,186,206,256,282,301,313,313,313,313,391,391,409,119,44,44,134,134,168,168,168,168,195,17,32,51,51,127,127,142,167,167,167,80,80,80,98,123,139,39,70,70,98,110,122,134,134],"floor_reached":51,"language":"KOR","playtime":1082,"items_purged":["Defend_G","Strike_G"],"score":1452,"play_id":"4a5542a1-e384-42a7-b532-d89acf83b6db","local_time":"20210213210116","is_ascension_mode":true,"campfire_choices":[{"floor":13.0,"key":"REST"},{"data":"Neutralize","floor":15.0,"key":"SMITH"},{"data":"Apotheosis","floor":23.0,"key":"SMITH"},{"floor":25.0,"key":"REST"},{"floor":27.0,"key":"REST"},{"floor":32.0,"key":"REST"},{"floor":40.0,"key":"REST"},{"floor":49,"key":"RECALL"}],"circlet_count":0,"master_deck":["AscendersBane","Defend_G","Defend_G","Survivor","Neutralize+1","Poisoned Stab","Glass Knife","Crippling Poison","Setup+1","Deflect+1","Finisher+1","Backflip","Apotheosis+1","Blade Dance","Finesse","Footwork","Cloak And Dagger","After Image","Footwork","Dodge and Roll+1"],"relics":["Ring of the Snake","NeowsBlessing","Bag of Marbles","Vajra","Ornamental Fan","Astrolabe","Art of War","Calipers","PreservedInsect","WristBlade","Incense Burner","Bottled Lightning","Thread and Needle","MawBank"],"acts_visited":["Exordium","TheCity","TheBeyond"],"potions_floor_usage":[50,51],"damage_taken":[{"damage":0.0,"enemies":"Jaw Worm","floor":1.0,"turns":1.0},{"damage":0.0,"enemies":"Cultist","floor":2.0,"turns":1.0},{"damage":0.0,"enemies":"Small Slimes","floor":4.0,"turns":1.0},{"damage":4.0,"enemies":"Looter","floor":5.0,"turns":4.0},{"damage":22.0,"enemies":"Lagavulin","floor":6.0,"turns":5.0},{"damage":9.0,"enemies":"Large Slime","floor":8.0,"turns":5.0},{"damage":0.0,"enemies":"Gremlin Nob","floor":10.0,"turns":2.0},{"damage":0.0,"enemies":"2 Fungi Beasts","floor":11.0,"turns":3.0},{"damage":4.0,"enemies":"Red Slaver","floor":12.0,"turns":3.0},{"damage":17.0,"enemies":"The Guardian","floor":16.0,"turns":12.0},{"damage":0.0,"enemies":"2 Thieves","floor":18.0,"turns":4.0},{"damage":27.0,"enemies":"Gremlin Leader","floor":24.0,"turns":7.0},{"damage":12.0,"enemies":"Slavers","floor":28.0,"turns":4.0},{"damage":0.0,"enemies":"Chosen","floor":30.0,"turns":2.0},{"damage":0.0,"enemies":"3 Cultists","floor":31.0,"turns":4.0},{"damage":66.0,"enemies":"Champ","floor":33.0,"turns":12.0},{"damage":2.0,"enemies":"Orb Walker","floor":35.0,"turns":3.0},{"damage":3.0,"enemies":"Mind Bloom Boss Battle","floor":36.0,"turns":8.0},{"damage":7,"enemies":"3 Shapes","floor":42,"turns":6},{"damage":11,"enemies":"Spire Growth","floor":44,"turns":5},{"damage":5,"enemies":"Giant Head","floor":46,"turns":7},{"damage":13,"enemies":"Nemesis","floor":48,"turns":5},{"damage":21,"enemies":"Awakened One","floor":50,"turns":27},{"damage":20,"enemies":"Time Eater","floor":51,"turns":18}],"seed_played":"-3942798320646824406","potions_obtained":[{"floor":1.0,"key":"Poison Potion"},{"floor":4.0,"key":"EssenceOfSteel"},{"floor":6.0,"key":"Strength Potion"},{"floor":10.0,"key":"SteroidPotion"},{"floor":24.0,"key":"Fruit Juice"},{"floor":30.0,"key":"Dexterity Potion"},{"floor":35.0,"key":"Poison Potion"},{"floor":42,"key":"LiquidBronze"},{"floor":46,"key":"Dexterity Potion"}],"is_trial":false,"path_per_floor":["M","M","?","M","M","E","?","M","T","E","M","M","R","?","R","B",null,"M","$","?","?","?","R","E","R","T","R","E","$","M","M","R","B",null,"M","?","?","?","$","R","T","M","T","M","$","E","?","E","R","B","B"],"character_chosen":"THE_SILENT","items_purchased":["Apotheosis","Finesse","Footwork","Footwork"],"campfire_rested":5,"item_purchase_floors":[19,29,29,39],"current_hp_per_floor":[59,59,52,52,48,26,26,17,17,17,17,13,32,37,37,20,58,58,58,58,58,40,40,13,34,34,55,43,43,43,43,70,4,58,56,53,53,53,53,75,75,68,68,57,57,52,52,39,39,18,0,0],"gold":134,"neow_bonus":"THREE_ENEMY_KILL","is_daily":false,"chose_seed":false,"campfire_upgraded":2,"win_rate":0.0,"timestamp":1613217676,"path_taken":["M","M","?","M","M","E","?","?","T","E","M","M","R","?","R","BOSS","M","$","?","?","?","R","E","R","T","R","E","$","M","M","R","BOSS","M","?","?","?","$","R","?","M","T","?","$","E","?","E","R","BOSS","BOSS"],"items_purchased_type":["Card","Card","Card","Card"],"build_version":"2020-12-22","purchased_purges":2,"victory":false,"max_hp_per_floor":[66,66,66,66,66,66,66,66,66,66,66,66,66,71,71,71,71,71,71,71,71,71,71,71,71,71,71,71,71,71,71,76,76,76,76,76,76,76,76,76,76,76,76,76,76,76,72,72,72,72,72,72],"card_choices":[{"not_picked":["Footwork","Deadly Poison"],"picked":"Poisoned Stab","floor":1.0},{"not_picked":["Prepared","Outmaneuver","Flechettes"],"picked":"SKIP","floor":2.0},{"not_picked":["Slice","PiercingWail"],"picked":"Poisoned Stab","floor":4.0},{"not_picked":["Footwork","Deadly Poison"],"picked":"Glass Knife","floor":5.0},{"not_picked":["Deflect","Cloak And Dagger","Sucker Punch"],"picked":"SKIP","floor":6.0},{"not_picked":["Cloak And Dagger","Blade Dance"],"picked":"Crippling Poison","floor":8.0},{"not_picked":["Reflex","Masterful Stab","Underhanded Strike"],"picked":"SKIP","floor":10.0},{"not_picked":["Deflect","All Out Attack","Flying Knee"],"picked":"SKIP","floor":11.0},{"not_picked":["Bane","Dagger Throw","Poisoned Stab"],"picked":"SKIP","floor":12.0},{"not_picked":["Eviscerate","Dodge and Roll"],"picked":"Backflip","floor":18.0},{"not_picked":["Dodge and Roll","Bouncing Flask"],"picked":"Blade Dance","floor":24.0},{"not_picked":["Choke","Underhanded Strike","Acrobatics"],"picked":"SKIP","floor":28.0},{"not_picked":["Accuracy","Dash"],"picked":"Cloak And Dagger","floor":30.0},{"not_picked":["Infinite Blades","Prepared+1","Cloak And Dagger"],"picked":"SKIP","floor":31.0},{"not_picked":["Tools of the Trade","Venomology"],"picked":"After Image","floor":33.0},{"not_picked":["Skewer+1","Poisoned Stab+1","Underhanded Strike"],"picked":"SKIP","floor":35.0},{"not_picked":["Underhanded Strike","Acrobatics","Footwork"],"picked":"SKIP","floor":42},{"not_picked":["Slice","Deadly Poison","Sucker Punch+1"],"picked":"SKIP","floor":44},{"not_picked":["Dagger Throw+1","Poisoned Stab","Flying Knee"],"picked":"SKIP","floor":46},{"not_picked":["Choke+1","Leg Sweep"],"picked":"Dodge and Roll+1","floor":48}],"player_experience":1563233,"relics_obtained":[{"floor":6.0,"key":"Bag of Marbles"},{"floor":9.0,"key":"Vajra"},{"floor":10.0,"key":"Ornamental Fan"},{"floor":24.0,"key":"Art of War"},{"floor":26.0,"key":"Calipers"},{"floor":28.0,"key":"PreservedInsect"},{"floor":36.0,"key":"Incense Burner"},{"floor":41,"key":"Bottled Lightning"},{"floor":46,"key":"Thread and Needle"},{"floor":48,"key":"MawBank"}],"event_choices":[{"cards_removed":["Strike_G"],"damage_healed":0.0,"max_hp_gain":0.0,"max_hp_loss":0.0,"gold_gain":0.0,"event_name":"Golden Wing","player_choice":"Card Removal","floor":3.0,"gold_loss":0.0,"damage_taken":7.0},{"cards_removed":["Strike_G"],"damage_healed":0.0,"max_hp_gain":0.0,"max_hp_loss":0.0,"gold_gain":0.0,"event_name":"Purifier","player_choice":"Purged","floor":7.0,"gold_loss":0.0,"damage_taken":0.0},{"damage_healed":0.0,"max_hp_gain":5.0,"max_hp_loss":0.0,"gold_gain":0.0,"event_name":"Big Fish","player_choice":"Donut","floor":14.0,"gold_loss":0.0,"damage_taken":0.0},{"cards_removed":["Defend_G"],"damage_healed":0.0,"max_hp_gain":0.0,"max_hp_loss":0.0,"gold_gain":0.0,"event_name":"Beggar","player_choice":"Gave Gold","floor":20.0,"gold_loss":75.0,"damage_taken":0.0},{"damage_healed":0.0,"max_hp_gain":0.0,"max_hp_loss":0.0,"gold_gain":0.0,"event_name":"The Mausoleum","player_choice":"Ignored","floor":21.0,"gold_loss":0.0,"damage_taken":0.0},{"damage_healed":0.0,"max_hp_gain":0.0,"max_hp_loss":0.0,"gold_gain":90.0,"event_name":"Knowing Skull","player_choice":"GOLD POTION ","floor":22.0,"potions_obtained":["Weak Potion"],"gold_loss":0.0,"damage_taken":18.0,"cards_obtained":[]},{"damage_healed":0.0,"max_hp_gain":0.0,"max_hp_loss":0.0,"gold_gain":0.0,"event_name":"MindBloom","player_choice":"Fight","floor":36.0,"gold_loss":0.0,"damage_taken":0.0},{"damage_healed":0.0,"max_hp_gain":0.0,"max_hp_loss":0.0,"gold_gain":0.0,"event_name":"Tomb of Lord Red Mask","player_choice":"Ignored","floor":37.0,"gold_loss":0.0,"damage_taken":0.0},{"cards_removed":["Poisoned Stab"],"damage_healed":0.0,"max_hp_gain":0.0,"max_hp_loss":0.0,"gold_gain":0.0,"event_name":"Falling","player_choice":"Removed Attack","floor":38.0,"gold_loss":0.0,"damage_taken":0.0},{"damage_healed":0,"gold_gain":0,"player_choice":"Max HP","damage_taken":0,"max_hp_gain":0,"max_hp_loss":4,"event_name":"Winding Halls","floor":47,"gold_loss":0}],"is_beta":false,"boss_relics":[{"not_picked":["Snecko Eye","Cursed Key"],"picked":"Astrolabe"},{"not_picked":["Coffee Dripper","Black Star"],"picked":"WristBlade"}],"items_purged_floors":[19,45],"is_endless":false,"potions_floor_spawned":[1,4,6,8,10,24,30,31,35,42,46],"killed_by":"Time Eater","ascension_level":20}}