{"host":"whyfdmrq1ty0e9zp","time":1613238379,"event":{"mods":["Act Like it!","BaseMod","Colored Map","Colored Powertips","Conspire","Energized Spire","Gensokyo","Marisa£®ÏF”Í°°ƒß¿Ì…≥£©","Minty Spire (QoL Compilation)","MostiFishMod","Prisma Mod","Quick Restart","Relic Stats","Remilia£®¿Ÿ√◊¿Ú—«£©","Replay The Spire","StSLib","TestMod","The Servant 0.9.4","°æ“≈ŒÔø®≈∆°øREMEMod"],"gold_per_floor":[116,61,78,92,92,92,120,45,45,75,88,4,23,43,43,115,115,127,127,142,42,42,42,42,68,93,93,111,111,122,742,742,816,816,852,852,556,556,556,585,585,610,635,635,635,654,697,185,185,185,785],"floor_reached":52,"language":"ZHS","playtime":2281,"items_purged":["Strike_B","Strike_B","Dualcast","TreasureHunter"],"score":2201,"play_id":"3fb488f3-23ab-4efb-aad4-e34c86aefe08","local_time":"20210214014619","is_ascension_mode":true,"campfire_choices":[{"data":"Hologram","floor":6.0,"key":"SMITH"},{"floor":15.0,"key":"REST"},{"data":"MostiFishMod:LinkProtocol","floor":23.0,"key":"SMITH"},{"data":"MostiFishMod:DawningShadow","floor":27.0,"key":"SMITH"},{"floor":29.0,"key":"REST"},{"floor":32.0,"key":"REST"},{"data":"REME_Whirling","floor":41.0,"key":"SMITH"},{"data":"MostiFishMod:Distribution","floor":44.0,"key":"SMITH"},{"data":"Chaos","floor":49,"key":"SMITH"}],"circlet_count":0,"master_deck":["AscendersBane","Defend_B+1","Defend_B","Defend_B+1","Defend_B","Zap+1","Go for the Eyes","Hologram+1","Sweeping Beam","MostiFishMod:TalkingToTheRain","REME_SelfUpgrade","Glacier","Heatsinks","MostiFishMod:LinkProtocol+1","MostiFishMod:DawningShadow+1","Coolheaded","Conserve Battery","FIFO Queue","Chaos+1","MostiFishMod:Hijack+1","REME_Whirling+1","MostiFishMod:Distribution+1","conspire:SharedLibrary+1","REME_MagicPocketWatch","Master of Strategy"],"relics":["testmod-TestBox","DaveBox","REME_ComplimentaryCards","JellyFishMachine","testmod-ObsoleteBoomerang","Nuclear Battery","SynthV:TestCard","Toy Ornithopter","Kunai","Pet Ghost","Counterbalance","Emotion Chip","energizedSpire:OldTV","REME_LimitBreaker","StrikeDummy","testmod-OneHitWonder","RhineSuit","Replay:Rubber Ducky","Raider\u0027s Mask","Dream Catcher","Vajra","Simple Rune","Bag of Marbles"],"acts_visited":["Exordium","TheCity","TheBeyond"],"potions_floor_usage":[47,50,51],"damage_taken":[{"damage":7.0,"enemies":"Jaw Worm","floor":1.0,"turns":2.0},{"damage":0.0,"enemies":"Cultist","floor":3.0,"turns":2.0},{"damage":6.0,"enemies":"2 Louse","floor":4.0,"turns":2.0},{"damage":5.0,"enemies":"3 Sentries","floor":7.0,"turns":3.0},{"damage":41.0,"enemies":"Gremlin Nob","floor":10.0,"turns":4.0},{"damage":0.0,"enemies":"Exordium Wildlife","floor":11.0,"turns":2.0},{"damage":3.0,"enemies":"Gremlin Gang","floor":13.0,"turns":2.0},{"damage":0.0,"enemies":"Large Slime","floor":14.0,"turns":2.0},{"damage":16.0,"enemies":"Hexaghost","floor":16.0,"turns":11.0},{"damage":0.0,"enemies":"Spheric Guardian","floor":18.0,"turns":3.0},{"damage":6.0,"enemies":"Shell Parasite","floor":20.0,"turns":3.0},{"damage":31.0,"enemies":"Slavers","floor":25.0,"turns":4.0},{"damage":37.0,"enemies":"Cultist and Chosen","floor":28.0,"turns":7.0},{"damage":17.0,"enemies":"Snecko","floor":30.0,"turns":5.0},{"damage":0.0,"enemies":"Chosen and Byrds","floor":31.0,"turns":3.0},{"damage":16.0,"enemies":"Pondfish","floor":33.0,"turns":6.0},{"damage":19.0,"enemies":"3 Shapes","floor":35.0,"turns":11.0},{"damage":0.0,"enemies":"Giant Head","floor":40.0,"turns":6.0},{"damage":6.0,"enemies":"Reptomancer","floor":42.0,"turns":3.0},{"damage":1,"enemies":"3 Darklings","floor":46,"turns":2},{"damage":0,"enemies":"Sphere and 2 Shapes","floor":47,"turns":8},{"damage":0,"enemies":"Donu and Deca","floor":50,"turns":5},{"damage":0,"enemies":"Awakened One","floor":51,"turns":8}],"seed_played":"1746168935746579734","potions_obtained":[{"floor":4.0,"key":"SpeedPotion"},{"floor":7.0,"key":"FocusPotion"},{"floor":11.0,"key":"Adrenaline Potion"},{"floor":16.0,"key":"Fire Potion"},{"floor":20.0,"key":"EntropicBrew"},{"floor":30.0,"key":"DuplicationPotion"},{"floor":33.0,"key":"AttackPotion"},{"floor":42.0,"key":"FocusPotion"},{"floor":46,"key":"REME_GoldPotion"},{"floor":47,"key":"Adrenaline Potion"}],"is_trial":false,"path_per_floor":["M","$","M","M","?","R","E","$","T","E","M","$","M","M","R","B",null,"M","$","M","$","?","R","?","E","T","R","M","R","M","M","R","B",null,"M","?","$","?","?","E","R","E","T","R","?","M","M","$","R","B","B",null],"character_chosen":"DEFECT","items_purchased":["Hologram","Heatsinks","Raider\u0027s Mask","REME_MagicPocketWatch","Master of Strategy","AttackPotion"],"campfire_rested":3,"item_purchase_floors":[2,12,37,48,48,48],"current_hp_per_floor":[57,57,57,51,51,51,46,46,46,10,10,10,12,12,33,17,58,58,58,52,52,52,52,52,40,40,40,3,24,7,12,33,17,58,44,44,44,44,44,44,44,38,38,38,38,37,42,42,42,47,52],"gold":785,"neow_bonus":"BOSS_RELIC","is_daily":false,"chose_seed":false,"campfire_upgraded":6,"win_rate":0.0,"timestamp":1613238379,"path_taken":["M","$","M","M","?","R","E","$","T","E","M","?","?","M","R","BOSS","M","$","M","$","?","R","?","E","T","R","M","R","?","M","R","BOSS","BOSS","M","?","$","?","?","E","R","E","T","R","?","M","?","$","R","BOSS","BOSS"],"items_purchased_type":["Card","Card","Relic","Card","Card","Potion"],"build_version":"2020-12-22","purchased_purges":4,"victory":true,"max_hp_per_floor":[71,71,71,71,71,71,71,71,71,71,71,71,71,71,71,71,71,71,71,71,71,71,71,71,71,71,71,71,71,71,71,71,71,71,71,71,71,71,71,71,71,71,71,71,71,71,71,71,71,71,71],"relic_stats":{"Emotion Chip":[43,8,11,18,6],"Dream Catcher":0,"counters":[23,103],"Kunai":[15],"obtain_stats":[{"testmod-TestBox":0,"DaveBox":0,"JellyFishMachine":0,"Counterbalance":10,"Vajra":40,"RhineSuit":34,"Raider\u0027s Mask":37,"REME_LimitBreaker":25,"Pet Ghost":9,"Nuclear Battery":0,"Replay:Rubber Ducky":35,"Emotion Chip":16,"Dream Catcher":40,"SynthV:TestCard":1,"testmod-ObsoleteBoomerang":0,"Simple Rune":42,"Bag of Marbles":43,"Kunai":7,"Cracked Core":0,"StrikeDummy":25,"Toy Ornithopter":7,"energizedSpire:OldTV":17,"testmod-OneHitWonder":26,"REME_ComplimentaryCards":0},{"testmod-TestBox":0,"DaveBox":0,"JellyFishMachine":0,"Counterbalance":5,"Vajra":18,"RhineSuit":16,"Raider\u0027s Mask":17,"REME_LimitBreaker":12,"Pet Ghost":4,"Nuclear Battery":0,"Replay:Rubber Ducky":17,"Emotion Chip":9,"Dream Catcher":18,"SynthV:TestCard":1,"testmod-ObsoleteBoomerang":0,"Simple Rune":19,"Bag of Marbles":19,"Kunai":4,"Cracked Core":0,"StrikeDummy":12,"Toy Ornithopter":4,"energizedSpire:OldTV":9,"testmod-OneHitWonder":12,"REME_ComplimentaryCards":0},{"testmod-TestBox":0,"DaveBox":0,"JellyFishMachine":0,"Counterbalance":13,"Vajra":77,"RhineSuit":60,"Raider\u0027s Mask":71,"REME_LimitBreaker":40,"Pet Ghost":9,"Nuclear Battery":0,"Replay:Rubber Ducky":71,"Emotion Chip":30,"Dream Catcher":77,"SynthV:TestCard":2,"testmod-ObsoleteBoomerang":0,"Simple Rune":80,"Bag of Marbles":80,"Kunai":9,"Cracked Core":0,"StrikeDummy":40,"Toy Ornithopter":9,"energizedSpire:OldTV":30,"testmod-OneHitWonder":40,"REME_ComplimentaryCards":0}],"Toy Ornithopter":54},"card_choices":[{"not_picked":["Sweeping Beam","Turbo"],"picked":"Go for the Eyes","floor":1.0},{"not_picked":["Lockon","Loop","Panic Button","Streamline","Compile Driver"],"picked":"SKIP","floor":3.0},{"not_picked":["Steam","Panic Button","Compile Driver","ReplayTheSpireMod:Repulse"],"picked":"Sweeping Beam","floor":4.0},{"not_picked":["Rebound","Reprogram","Cold Snap","BasicCrystalCard"],"picked":"MostiFishMod:TalkingToTheRain","floor":7.0},{"not_picked":["Cold Snap","Hologram","Panic Button","MostiFishMod:PushDownKick"],"picked":"REME_SelfUpgrade","floor":10.0},{"not_picked":["ReplaySolidLightProjector","Panic Button","Coolheaded","Static Discharge","Go for the Eyes"],"picked":"Glacier","floor":11.0},{"not_picked":["Cold Snap","Barrage","FIFO Queue","Gash"],"picked":"MostiFishMod:LinkProtocol","floor":13.0},{"not_picked":["Turbo","Stack","Streamline","Hologram","Glacier"],"picked":"SKIP","floor":14.0},{"not_picked":["MostiFishMod:Hijack","Amplify","Echo Form","MostiFishMod:ReadyAimFire","Reboot"],"picked":"MostiFishMod:DawningShadow","floor":16.0},{"not_picked":["Hello World","ReplayTheSpireMod:GoodbyeWorld","Aggregate","Auto Shields","Leap"],"picked":"Coolheaded","floor":18.0},{"not_picked":["Streamline","Beam Cell","Redo","Steam","Crystallizer"],"picked":"Conserve Battery","floor":20.0},{"not_picked":["BasicCrystalCard","Cold Snap","REME_Compress","Stack","Compile Driver+1"],"picked":"Chaos","floor":25.0},{"not_picked":["Streamline","Reprogram","Consume","Hologram","Sweeping Beam+1"],"picked":"MostiFishMod:Hijack","floor":28.0},{"not_picked":["MostiFishMod:PushDownKick","Barrage","Beam Cell","Cold Snap","Fusion","Turbo"],"picked":"SKIP","floor":30.0},{"not_picked":["Coolheaded","Turbo","Sweeping Beam","Redo+1","MostiFishMod:Exploitation"],"picked":"REME_Whirling","floor":31.0},{"not_picked":["Thunder Strike","Machine Learning","Electrodynamics","MostiFishMod:Exploitation"],"picked":"MostiFishMod:Distribution","floor":33.0},{"not_picked":["Reprogram","Self Repair","Gash+1","Stack","ReplayTheSpireMod:GoodbyeWorld","Reinforced Body+1"],"picked":"SKIP","floor":35.0},{"not_picked":["Rip and Tear","Consume+1","FIFO Queue","Stack","Fusion"],"picked":"conspire:SharedLibrary+1","floor":40.0},{"not_picked":["Aggregate","Compile Driver","Static Discharge+1","Turbo","MostiFishMod:Impulse"],"picked":"SKIP","floor":42.0},{"not_picked":["Compile Driver","Rebound","REME_Whirling","Barrage","Hologram","MostiFishMod:LinkProtocol"],"picked":"SKIP","floor":46},{"not_picked":["Gash+1","Sweeping Beam+1","Crystallizer","Streamline+1","Coolheaded","Go for the Eyes"],"picked":"SKIP","floor":47}],"player_experience":507568,"relics_obtained":[{"floor":1.0,"key":"SynthV:TestCard"},{"floor":7.0,"key":"Toy Ornithopter"},{"floor":7.0,"key":"Kunai"},{"floor":9.0,"key":"Pet Ghost"},{"floor":10.0,"key":"Counterbalance"},{"floor":16.0,"key":"Emotion Chip"},{"floor":25.0,"key":"REME_LimitBreaker"},{"floor":25.0,"key":"StrikeDummy"},{"floor":26.0,"key":"testmod-OneHitWonder"},{"floor":35.0,"key":"Replay:Rubber Ducky"},{"floor":40.0,"key":"Dream Catcher"},{"floor":40.0,"key":"Vajra"},{"floor":42.0,"key":"Simple Rune"},{"floor":43.0,"key":"Bag of Marbles"}],"event_choices":[{"damage_healed":0.0,"max_hp_gain":0.0,"max_hp_loss":0.0,"gold_gain":0.0,"event_name":"Upgrade Shrine","player_choice":"Upgraded","floor":5.0,"gold_loss":0.0,"damage_taken":0.0,"cards_upgraded":["Zap"]},{"cards_removed":["Strike_B"],"damage_healed":0.0,"max_hp_gain":0.0,"max_hp_loss":0.0,"gold_gain":0.0,"event_name":"Back to Basics","player_choice":"Elegance","floor":22.0,"gold_loss":0.0,"damage_taken":0.0},{"damage_healed":0.0,"max_hp_gain":0.0,"max_hp_loss":0.0,"gold_gain":0.0,"cards_transformed":["Strike_B"],"event_name":"Transmorgrifier","player_choice":"Transformed","floor":24.0,"gold_loss":0.0,"damage_taken":0.0,"cards_obtained":["FIFO Queue"]},{"damage_healed":0.0,"max_hp_gain":0.0,"max_hp_loss":0.0,"gold_gain":0.0,"event_name":"Mysterious Sphere","player_choice":"Ignored","floor":36.0,"gold_loss":0.0,"damage_taken":0.0},{"damage_healed":0.0,"max_hp_gain":0.0,"max_hp_loss":0.0,"gold_gain":0.0,"event_name":"Tomb of Lord Red Mask","player_choice":"Ignored","floor":38.0,"gold_loss":0.0,"damage_taken":0.0},{"damage_healed":0.0,"max_hp_gain":0.0,"max_hp_loss":0.0,"gold_gain":0.0,"event_name":"SensoryStone","player_choice":"Memory 1","floor":39.0,"gold_loss":0.0,"damage_taken":0.0},{"damage_healed":0.0,"max_hp_gain":0.0,"max_hp_loss":0.0,"gold_gain":0.0,"event_name":"Accursed Blacksmith","player_choice":"Forge","floor":45.0,"gold_loss":0.0,"damage_taken":0.0,"cards_upgraded":["MostiFishMod:Hijack"]}],"is_beta":false,"boss_relics":[{"not_picked":["Cursed Key","Tiny House"],"picked":"energizedSpire:OldTV"},{"not_picked":["REME_DuelDisc","RhineFirstAidKit"],"picked":"RhineSuit"}],"items_purged_floors":[8,21,37,48],"is_endless":false,"potions_floor_spawned":[4,7,11,16,20,30,33,42,46,47],"ascension_level":20}}