{"host":"ml2ro5l6hu6y0pll","time":1613186015,"event":{"mods":["AchievementEnabler","BaseMod","Colored Map","Colored Powertips","Custom Start","Downfall","Googly Eyes","Minty Spire (QoL Compilation)","Quick Restart","Rare Cards Sparkle","Relic Stats","StSLib","everything is the same but u backflip on backflip"],"gold_per_floor":[415,429,172,191,191,219,219,247,272,272,334,362,362,373,373,445,445,457,457,473,743,754,788,788,819,819,839,702,727,727,746,746,820,820,839,589,589,600,438,438,463,493,574,585,602,602,622,648,648,648,648,648,648,156,187,187],"floor_reached":57,"language":"ENG","playtime":2883,"items_purged":["Strike_R"],"score":3026,"play_id":"e463c274-457b-4df7-bd43-847b7ac1d807","local_time":"20210213031335","is_ascension_mode":true,"campfire_choices":[{"floor":7,"key":"REST"},{"data":"Uppercut","floor":10,"key":"SMITH"},{"data":"Flame Barrier","floor":15,"key":"SMITH"},{"data":"Evolve","floor":24,"key":"SMITH"},{"data":"Feel No Pain","floor":32,"key":"SMITH"},{"data":"Impervious","floor":40,"key":"SMITH"},{"floor":49,"key":"RECALL"},{"data":"Disarm","floor":53,"key":"SMITH"}],"circlet_count":0,"master_deck":["Burning Pact","Feel No Pain+1","Offering","Spot Weakness","Flame Barrier+1","Second Wind","Shrug It Off+1","Defend_R","Whirlwind","Bash","Uppercut+1","Reckless Charge+1","Evolve+1","Rupture","Reckless Charge","Power Through","Reaper+1","Immolate+1","Infernal Blade","Dramatic Entrance+1","Offering","Impervious+1","Flash of Steel+1","Hemokinesis+1","Disarm+1","Master of Strategy"],"relics":["Burning Blood","Mummified Hand","Bag of Marbles","Membership Card","Old Coin","Gremlin Horn","Lee\u0027s Waffle","Ancient Tea Set","Pen Nib","Molten Egg 2","Bottled Lightning","CultistMask","Mark of Pain","Happy Flower","Bottled Tornado","Regal Pillow","Matryoshka","Orichalcum","Coffee Dripper","Potion Belt","Anchor","CaptainsWheel","Boot","Bag of Preparation","Pantograph","Omamori","Ice Cream","Red Skull","Sling","Centennial Puzzle"],"acts_visited":["Exordium","TheCity","TheBeyond","TheEnding"],"potions_floor_usage":[16,16,41,56,56,56,56,56],"damage_taken":[{"damage":7,"enemies":"Jaw Worm","floor":1,"turns":2},{"damage":6,"enemies":"Small Slimes","floor":2,"turns":2},{"damage":6,"enemies":"2 Louse","floor":4,"turns":1},{"damage":35,"enemies":"Gremlin Nob","floor":6,"turns":4},{"damage":6,"enemies":"3 Sentries","floor":8,"turns":3},{"damage":16,"enemies":"Lagavulin Event","floor":11,"turns":5},{"damage":25,"enemies":"Lagavulin","floor":12,"turns":6},{"damage":6,"enemies":"Exordium Thugs","floor":14,"turns":2},{"damage":25,"enemies":"Slime Boss","floor":16,"turns":6},{"damage":6,"enemies":"Chosen","floor":18,"turns":3},{"damage":6,"enemies":"2 Thieves","floor":20,"turns":1},{"damage":6,"enemies":"3 Cultists","floor":22,"turns":1},{"damage":6,"enemies":"Book of Stabbing","floor":23,"turns":5},{"damage":6,"enemies":"Gremlin Leader","floor":25,"turns":1},{"damage":6,"enemies":"Cultist and Chosen","floor":27,"turns":2},{"damage":21,"enemies":"Book of Stabbing","floor":29,"turns":3},{"damage":6,"enemies":"Centurion and Healer","floor":31,"turns":1},{"damage":16,"enemies":"Collector","floor":33,"turns":5},{"damage":20,"enemies":"3 Shapes","floor":35,"turns":1},{"damage":6,"enemies":"Orb Walker","floor":38,"turns":5},{"damage":25,"enemies":"Mind Bloom Boss Battle","floor":41,"turns":3},{"damage":14,"enemies":"Reptomancer","floor":42,"turns":1},{"damage":14,"enemies":"Sphere and 2 Shapes","floor":44,"turns":1},{"damage":14,"enemies":"Transient","floor":45,"turns":6},{"damage":12,"enemies":"4 Shapes","floor":47,"turns":1},{"damage":29,"enemies":"Nemesis","floor":48,"turns":5},{"damage":53,"enemies":"Awakened One","floor":50,"turns":8},{"damage":31,"enemies":"Time Eater","floor":51,"turns":11},{"damage":14,"enemies":"Shield and Spear","floor":55,"turns":3},{"damage":124,"enemies":"The Heart","floor":56,"turns":10}],"seed_played":"3089400346927144693","potions_obtained":[{"floor":4,"key":"FearPotion"},{"floor":8,"key":"ElixirPotion"},{"floor":11,"key":"Fire Potion"},{"floor":16,"key":"SpeedPotion"},{"floor":18,"key":"FearPotion"},{"floor":31,"key":"AttackPotion"},{"floor":41,"key":"SpeedPotion"},{"floor":48,"key":"SkillPotion"}],"is_trial":true,"path_per_floor":["M","M","$","M","?","E","R","E","T","R","?","E","?","M","R","B",null,"M","?","M","?","M","E","R","E","T","M","$","E","?","M","R","B",null,"M","$","?","M","$","R","?","E","T","M","M","?","M","E","R","B","B",null,"R","$","E","B",null],"character_chosen":"IRONCLAD","items_purchased":["Gremlin Horn","Lee\u0027s Waffle","Matryoshka","Potion Belt","Impervious","DuplicationPotion","Flash of Steel+1","Anchor","Hemokinesis+1","DistilledChaos","Ice Cream","Red Skull","Sling","Master of Strategy","EntropicBrew"],"campfire_rested":1,"item_purchase_floors":[3,3,28,36,36,36,36,39,39,39,54,54,54,54,54],"current_hp_per_floor":[67,67,82,82,57,28,52,52,52,52,42,23,23,27,27,24,68,73,73,82,49,82,82,82,82,82,82,82,67,67,67,67,64,78,64,64,64,80,80,80,70,62,62,54,58,58,52,36,36,29,44,73,73,73,82,20],"gold":187,"neow_bonus":"","is_daily":false,"chose_seed":false,"campfire_upgraded":6,"win_rate":0.0,"timestamp":1613186015,"path_taken":["M","M","$","M","?","E","R","E","T","R","?","E","?","M","R","BOSS","M","?","?","?","M","E","R","E","T","?","$","E","?","?","R","BOSS","M","$","?","M","$","R","?","E","T","M","M","?","M","E","R","BOSS","BOSS","R","$","E","BOSS"],"items_purchased_type":["Relic","Relic","Relic","Relic","Card","Potion","Card","Relic","Card","Potion","Relic","Relic","Relic","Card","Potion"],"build_version":"2020-12-22","purchased_purges":1,"victory":true,"max_hp_per_floor":[75,75,82,82,82,82,82,82,82,82,82,82,82,82,82,82,82,82,82,82,82,82,82,82,82,82,82,82,82,82,82,82,82,82,82,82,82,82,82,82,82,82,82,82,82,82,82,82,82,82,82,82,82,82,82,82],"relic_stats":{"Lee\u0027s Waffle":15,"Regal Pillow":0,"Gremlin Horn":[23,23],"Happy Flower":[22],"counters":[30,108],"Pen Nib":[24],"Bag of Preparation":[16],"Orichalcum":[30],"Boot":[1],"Burning Blood":153,"Centennial Puzzle":[3],"Mummified Hand":[85],"Pantograph":50,"obtain_stats":[{"Ice Cream":54,"Regal Pillow":26,"Gremlin Horn":3,"Bag of Preparation":43,"Bottled Tornado":25,"Ancient Tea Set":6,"Boot":42,"Sling":54,"Burning Blood":0,"Old Coin":0,"Centennial Puzzle":55,"Matryoshka":28,"Mummified Hand":0,"Pantograph":43,"Red Skull":54,"Potion Belt":36,"Lee\u0027s Waffle":3,"Happy Flower":23,"Pen Nib":8,"Omamori":48,"Orichalcum":29,"Anchor":39,"CaptainsWheel":41,"Molten Egg 2":11,"CultistMask":13,"Mark of Pain":17,"Bag of Marbles":0,"Coffee Dripper":34,"Membership Card":0,"Bottled Lightning":12},{"Ice Cream":28,"Regal Pillow":14,"Gremlin Horn":2,"Bag of Preparation":22,"Bottled Tornado":14,"Ancient Tea Set":4,"Boot":22,"Sling":28,"Burning Blood":0,"Old Coin":0,"Centennial Puzzle":29,"Matryoshka":15,"Mummified Hand":0,"Pantograph":22,"Red Skull":28,"Potion Belt":19,"Lee\u0027s Waffle":2,"Happy Flower":13,"Pen Nib":5,"Omamori":26,"Orichalcum":16,"Anchor":20,"CaptainsWheel":21,"Molten Egg 2":5,"CultistMask":7,"Mark of Pain":9,"Bag of Marbles":0,"Coffee Dripper":18,"Membership Card":0,"Bottled Lightning":7},{"Ice Cream":95,"Regal Pillow":42,"Gremlin Horn":4,"Bag of Preparation":63,"Bottled Tornado":42,"Ancient Tea Set":9,"Boot":63,"Sling":95,"Burning Blood":0,"Old Coin":0,"Centennial Puzzle":98,"Matryoshka":44,"Mummified Hand":0,"Pantograph":63,"Red Skull":95,"Potion Belt":54,"Lee\u0027s Waffle":4,"Happy Flower":41,"Pen Nib":12,"Omamori":76,"Orichalcum":47,"Anchor":59,"CaptainsWheel":62,"Molten Egg 2":12,"CultistMask":23,"Mark of Pain":31,"Bag of Marbles":0,"Coffee Dripper":53,"Membership Card":0,"Bottled Lightning":23}]},"card_choices":[{"not_picked":["Headbutt","Blood for Blood","Sword Boomerang"],"picked":"SKIP","floor":1},{"not_picked":["Body Slam","Cleave"],"picked":"Evolve","floor":2},{"not_picked":["Ghostly Armor","Battle Trance"],"picked":"Rupture","floor":4},{"not_picked":["Spot Weakness","Dual Wield","Twin Strike"],"picked":"SKIP","floor":6},{"not_picked":["Rage","Body Slam"],"picked":"Reckless Charge","floor":8},{"not_picked":["Rupture","Twin Strike+1"],"picked":"Power Through","floor":11},{"not_picked":["Power Through","Shrug It Off"],"picked":"Reaper+1","floor":12},{"not_picked":["Entrench","Body Slam+1","Seeing Red"],"picked":"SKIP","floor":14},{"not_picked":["Impervious","Corruption"],"picked":"Immolate+1","floor":16},{"not_picked":["Shockwave","Body Slam+1","True Grit"],"picked":"SKIP","floor":18},{"not_picked":["Clothesline+1","Wild Strike+1","Dual Wield"],"picked":"SKIP","floor":20},{"not_picked":["Whirlwind+1","Thunderclap+1","Clash+1"],"picked":"SKIP","floor":22},{"not_picked":["Flex","Evolve","Bludgeon+1"],"picked":"SKIP","floor":23},{"not_picked":["Cleave+1","Intimidate","Armaments+1"],"picked":"SKIP","floor":25},{"not_picked":["Cleave+1","Intimidate","Armaments+1"],"picked":"SKIP","floor":25},{"not_picked":["Warcry","Cleave+1","Havoc"],"picked":"SKIP","floor":27},{"not_picked":["Thunderclap+1","Armaments","Second Wind"],"picked":"SKIP","floor":29},{"not_picked":["Armaments","Whirlwind+1","Rage"],"picked":"SKIP","floor":31},{"not_picked":["Double Tap","Juggernaut"],"picked":"Offering","floor":33},{"not_picked":["Warcry","True Grit","Cleave+1"],"picked":"SKIP","floor":35},{"not_picked":["Evolve","Metallicize","Second Wind+1"],"picked":"SKIP","floor":38},{"not_picked":["Inflame+1","Sentinel","Shrug It Off"],"picked":"SKIP","floor":42},{"not_picked":["Clothesline+1","Havoc","Berserk"],"picked":"SKIP","floor":44},{"not_picked":["Heavy Blade+1","Anger+1","Flex"],"picked":"SKIP","floor":45},{"not_picked":["Rupture","Anger+1"],"picked":"Disarm","floor":47},{"not_picked":["Wild Strike+1","Rage","Blood for Blood+1"],"picked":"SKIP","floor":48},{"not_picked":["Twin Strike+1","Thunderclap+1","Bludgeon+1"],"picked":"SKIP","floor":55}],"player_experience":1002557,"relics_obtained":[{"floor":6,"key":"Ancient Tea Set"},{"floor":8,"key":"Pen Nib"},{"floor":12,"key":"Bottled Lightning"},{"floor":23,"key":"Happy Flower"},{"floor":25,"key":"Bottled Tornado"},{"floor":26,"key":"Regal Pillow"},{"floor":29,"key":"Orichalcum"},{"floor":41,"key":"CaptainsWheel"},{"floor":42,"key":"Boot"},{"floor":43,"key":"Bag of Preparation"},{"floor":43,"key":"Pantograph"},{"floor":48,"key":"Omamori"},{"floor":55,"key":"Centennial Puzzle"}],"event_choices":[{"damage_healed":0,"gold_gain":0,"player_choice":"Entered Light","damage_taken":25,"max_hp_gain":0,"max_hp_loss":0,"event_name":"Shining Light","floor":5,"gold_loss":0,"cards_upgraded":["Reckless Charge","Shrug It Off"]},{"damage_healed":0,"gold_gain":30,"player_choice":"Searched \u00273\u0027 times","damage_taken":0,"relics_obtained":["Molten Egg 2"],"max_hp_gain":0,"max_hp_loss":0,"event_name":"Dead Adventurer","floor":11,"gold_loss":0},{"damage_healed":0,"gold_gain":0,"player_choice":"Trade","damage_taken":0,"relics_obtained":["CultistMask"],"max_hp_gain":0,"max_hp_loss":0,"event_name":"FaceTrader","floor":13,"gold_loss":0},{"damage_healed":0,"gold_gain":0,"cards_transformed":["Strike_R"],"player_choice":"Transformed","damage_taken":0,"max_hp_gain":0,"max_hp_loss":0,"event_name":"Transmorgrifier","floor":19,"gold_loss":0,"cards_obtained":["Infernal Blade"]},{"damage_healed":0,"gold_gain":270,"player_choice":"GOLD GOLD GOLD CARD ","damage_taken":33,"max_hp_gain":0,"max_hp_loss":0,"event_name":"Knowing Skull","floor":21,"potions_obtained":[],"gold_loss":0,"cards_obtained":["Dramatic Entrance"]},{"damage_healed":0,"gold_gain":0,"player_choice":"0 cards matched","damage_taken":0,"max_hp_gain":0,"max_hp_loss":0,"event_name":"Match and Keep!","floor":30,"gold_loss":0,"cards_obtained":[]},{"damage_healed":0,"gold_gain":0,"player_choice":"Ignored","damage_taken":0,"max_hp_gain":0,"max_hp_loss":0,"event_name":"Tomb of Lord Red Mask","floor":37,"gold_loss":0},{"damage_healed":0,"gold_gain":0,"player_choice":"Fight","damage_taken":0,"max_hp_gain":0,"max_hp_loss":0,"event_name":"MindBloom","floor":41,"gold_loss":0},{"cards_removed":["Defend_R"],"damage_healed":0,"gold_gain":0,"player_choice":"Removed Skill","damage_taken":0,"max_hp_gain":0,"max_hp_loss":0,"event_name":"Falling","floor":46,"gold_loss":0}],"is_beta":false,"boss_relics":[{"not_picked":["Fusion Hammer","SlaversCollar"],"picked":"Mark of Pain"},{"not_picked":["Runic Dome","Astrolabe"],"picked":"Coffee Dripper"}],"items_purged_floors":[3],"is_endless":false,"potions_floor_spawned":[4,8,11,16,18,22,27,31,33,41,44,47,48],"ascension_level":20}}