{"host":"0mhttqdumuceah7q","time":1613213288,"event":{"mods":["AchievementEnabler","BaseMod","Colored Map","DeckTracker","Minty Spire (QoL Compilation)","Permanent Neow"],"gold_per_floor":[114,132,143,21,34,34,51,66,66,97,114,24,39,5,5,109,109,126,143,143,143,143],"floor_reached":21,"language":"KOR","playtime":1660,"items_purged":["Strike_R"],"score":196,"play_id":"ab7be0a1-0bf8-48e9-b5ec-7979d74dc385","local_time":"20210213194808","is_ascension_mode":true,"campfire_choices":[{"data":"Dark Embrace","floor":6,"key":"SMITH"},{"data":"Feel No Pain","floor":15,"key":"SMITH"}],"circlet_count":0,"master_deck":["Strike_R","Strike_R","Strike_R","Strike_R","Defend_R","Defend_R","Defend_R","Defend_R","Bash","Spot Weakness","Iron Wave","Dark Embrace+1","Warcry","Pummel","Feel No Pain+1","True Grit","Iron Wave","Discovery","Flex","Second Wind","Fiend Fire","Pummel","True Grit"],"relics":["Burning Blood","Sundial","Gremlin Horn","Black Star"],"acts_visited":["Exordium","TheCity"],"potions_floor_usage":[7,10,11,16,16,20,21],"damage_taken":[{"damage":1,"enemies":"Cultist","floor":1,"turns":3},{"damage":6,"enemies":"Jaw Worm","floor":2,"turns":3},{"damage":0,"enemies":"Small Slimes","floor":3,"turns":3},{"damage":14,"enemies":"Blue Slaver","floor":5,"turns":5},{"damage":15,"enemies":"Exordium Thugs","floor":7,"turns":5},{"damage":20,"enemies":"Exordium Wildlife","floor":8,"turns":4},{"damage":24,"enemies":"3 Sentries","floor":10,"turns":6},{"damage":28,"enemies":"Lots of Slimes","floor":11,"turns":3},{"damage":7,"enemies":"3 Louse","floor":13,"turns":3},{"damage":18,"enemies":"Hexaghost","floor":16,"turns":11},{"damage":27,"enemies":"Spheric Guardian","floor":18,"turns":6},{"damage":13,"enemies":"Chosen","floor":19,"turns":5},{"damage":0,"enemies":"Snake Plant","floor":20,"turns":1},{"damage":64,"enemies":"Centurion and Healer","floor":21,"turns":10}],"seed_played":"-421101189942591598","potions_obtained":[{"floor":0,"key":"Energy Potion"},{"floor":0,"key":"Regen Potion"},{"floor":0,"key":"EssenceOfSteel"},{"floor":5,"key":"FearPotion"},{"floor":7,"key":"Strength Potion"},{"floor":10,"key":"BloodPotion"},{"floor":16,"key":"SmokeBomb"},{"floor":19,"key":"Block Potion"}],"is_trial":false,"path_per_floor":["M","M","M","$","M","R","M","M","T","E","M","$","M","$","R","B",null,"M","M","M","M"],"character_chosen":"IRONCLAD","items_purchased":["Warcry","Discovery","Second Wind"],"campfire_rested":0,"item_purchase_floors":[4,12,14],"current_hp_per_floor":[80,80,80,80,72,72,63,49,49,46,40,40,39,39,39,27,80,59,52,58,0,0],"gold":143,"neow_bonus":"THREE_SMALL_POTIONS","is_daily":false,"chose_seed":false,"campfire_upgraded":2,"win_rate":0.0,"timestamp":1613213288,"path_taken":["M","M","M","$","M","R","M","M","T","E","M","$","M","$","R","BOSS","M","?","M","?"],"items_purchased_type":["Card","Card","Card"],"build_version":"2020-12-22","purchased_purges":1,"victory":false,"max_hp_per_floor":[80,80,80,80,80,80,80,80,80,80,80,80,80,80,80,80,80,80,80,80,80,80],"card_choices":[{"not_picked":["Combust","Battle Trance"],"picked":"Spot Weakness","floor":1},{"not_picked":["Feel No Pain","Armaments"],"picked":"Iron Wave","floor":2},{"not_picked":["Disarm","Infernal Blade"],"picked":"Dark Embrace","floor":3},{"not_picked":["Warcry","Armaments"],"picked":"Pummel","floor":5},{"not_picked":["Body Slam","Blood for Blood"],"picked":"Feel No Pain","floor":7},{"not_picked":["Headbutt","Evolve"],"picked":"True Grit","floor":8},{"not_picked":["Cleave","Whirlwind"],"picked":"Iron Wave","floor":10},{"not_picked":["Headbutt","Wild Strike","Berserk"],"picked":"SKIP","floor":11},{"not_picked":["Iron Wave","Armaments"],"picked":"Flex","floor":13},{"not_picked":["Barricade","Bludgeon"],"picked":"Fiend Fire","floor":16},{"not_picked":["Twin Strike+1","Body Slam+1"],"picked":"Pummel","floor":18},{"not_picked":["Heavy Blade","Clothesline"],"picked":"True Grit","floor":19}],"player_experience":30707,"relics_obtained":[{"floor":9,"key":"Sundial"},{"floor":10,"key":"Gremlin Horn"}],"event_choices":[],"is_beta":false,"boss_relics":[{"not_picked":["Runic Pyramid","Sozu"],"picked":"Black Star"}],"items_purged_floors":[4],"is_endless":false,"potions_floor_spawned":[5,7,10,16,19],"killed_by":"Centurion and Healer","ascension_level":1}}