{"host":"gj67si5k8996twoo","time":1613212079,"event":{"mods":["100% Spire Juice","Abigail Mod","Act Like it!","Bartender","BaseMod","Chen","Colored Map","Downfall","Friendly Minions","Gensokyo","GifTheSpireLib","Hermit","Highlight Path","Jorbs\u0027s Wanderer Trilogy","KinomotoSakuraMod(????)","Kiyohime????","Koishi","Luminous","Marisa????????","Minty Spire (QoL Compilation)","Onozuka Komachi Mod","Prisma Mod","Railgun Mod","Reimu??????","Remilia??????","Remove Card Discount Mod","Shop Mod","Slumbering Mod","StSLib","Td1madao Mod","The Administrix","The Alterego","The Animator","The Servant 0.9.4","The Valiant","TheSwordswoman","WarShipGirlsR/????R mod","Yakumo Yukari mod","Yohane!","Yuri Mod","Yuyuko"],"gold_per_floor":[111,123,92,192,206,235,235,235,311,323,23,23,23,23],"floor_reached":13,"language":"ENG","playtime":732,"items_purged":["ClowCardTheSword","ClowCardTheSword","ClowCardTheShield","ClowCardTheShield","Pain","animator:Curse_GriefSeed","Shame"],"score":83,"play_id":"d26b8a90-ea9b-4faa-b465-1a01a88a1d42","local_time":"20210213112759","is_ascension_mode":false,"campfire_choices":[{"data":"SpellCardSeal","floor":8,"key":"SMITH"}],"circlet_count":0,"master_deck":["ClowCardTheSword","ClowCardTheSword","ClowCardTheShield","ClowCardTheShield","SpellCardSeal+1","SpellCardRelease","ClowCardTheShot","ClowCardTheShadow","ClowCardTheErase","CurseOfTheBell","CurseOfTheBell","ClowCardTheThrough","ClowCardTheVoice+1","ClowCardTheMove+1","ClowCardTheDream+1","Pain"],"relics":["KSMOD_SealedBook","KSMOD_SealedWand","downfall:ExtraCursedBell","Oddly Smooth Stone","Toxic Egg 2","Choco_Feather","Kunai","Frozen Egg 2","yuri:PortableGlitches","FossilizedHelix","WarpedTongs"],"acts_visited":["Exordium"],"potions_floor_usage":[6,6,13],"damage_taken":[{"damage":0,"enemies":"Small Slimes","floor":1,"turns":2},{"damage":11,"enemies":"Jaw Worm","floor":2,"turns":3},{"damage":6,"enemies":"Cultist","floor":5,"turns":2},{"damage":43,"enemies":"Lagavulin","floor":6,"turns":8},{"damage":0,"enemies":"Large Slime","floor":10,"turns":1},{"damage":40,"enemies":"Gremlin Nob","floor":13,"turns":3}],"seed_played":"-5649482389083395805","potions_obtained":[{"floor":0,"key":"Regen Potion"},{"floor":0,"key":"GamblersBrew"},{"floor":0,"key":"CultistPotion"},{"floor":6,"key":"hexamod:SoulburnPotion"},{"floor":10,"key":"PanachePotion"}],"is_trial":false,"path_per_floor":["M","M","$","?","M","E","T","R","T","M","$","?","E"],"character_chosen":"KINOMOTOSAKURA","items_purchased":["ClowCardTheErase","FossilizedHelix"],"campfire_rested":0,"item_purchase_floors":[3,11],"current_hp_per_floor":[70,59,59,64,58,24,24,24,24,24,24,24,0,0],"gold":23,"neow_bonus":"THREE_SMALL_POTIONS","is_daily":false,"chose_seed":false,"campfire_upgraded":1,"win_rate":0.0,"timestamp":1613212079,"path_taken":["M","M","$","?","M","E","?","R","T","?","$","?","E"],"items_purchased_type":["Card","Relic"],"build_version":"2020-12-22","purchased_purges":7,"victory":false,"max_hp_per_floor":[70,70,70,75,75,75,75,75,75,75,75,75,75,75],"card_choices":[{"not_picked":["ClowCardTheSong","ClowCardTheJump"],"picked":"ClowCardTheShot","floor":1},{"not_picked":["ClowCardTheArrow","ClowCardTheWave"],"picked":"ClowCardTheShadow","floor":2},{"not_picked":["ClowCardThePower","ClowCardTheFloat"],"picked":"ClowCardTheVoice+1","floor":5},{"not_picked":["ClowCardTheMaze+1","ClowCardTheBig"],"picked":"ClowCardTheMove+1","floor":6},{"not_picked":["ClowCardTheRain+1","ClowCardTheReturn+1"],"picked":"ClowCardTheDream+1","floor":10}],"player_experience":245732,"relics_obtained":[{"floor":4,"key":"Oddly Smooth Stone"},{"floor":4,"key":"Toxic Egg 2"},{"floor":4,"key":"Choco_Feather"},{"floor":6,"key":"Kunai"},{"floor":7,"key":"Frozen Egg 2"},{"floor":9,"key":"yuri:PortableGlitches"}],"event_choices":[{"damage_healed":0,"gold_gain":0,"player_choice":"Rummage","damage_taken":0,"relics_obtained":["WarpedTongs"],"max_hp_gain":0,"max_hp_loss":0,"event_name":"Accursed Blacksmith","floor":12,"gold_loss":0,"cards_obtained":["Pain"]}],"is_beta":false,"boss_relics":[],"items_purged_floors":[3,3,3,3,11,11,11],"is_endless":false,"potions_floor_spawned":[2,6,10],"killed_by":"Gremlin Nob","ascension_level":0}}