{"host":"8ztb9kwpjc2zof9s","time":1613181487,"event":{"mods":["BaseMod","Block Reminder","Curses Come First","Minty Spire (QoL Compilation)","Relic Stats","StSLib"],"gold_per_floor":[116,132,132,57,132,158,170,170,170,170,190,223,239,253,253,348,348,364,352,65,65,38,38,38,38],"floor_reached":24,"language":"ENG","playtime":4298,"items_purged":["Strike_G"],"score":344,"play_id":"adfe3f03-8ede-45c5-93de-ab6330ec3d6a","local_time":"20210212175807","is_ascension_mode":true,"campfire_choices":[{"floor":8,"key":"REST"},{"data":"Terror","floor":10,"key":"SMITH"},{"floor":15,"key":"REST"},{"data":"Well Laid Plans","floor":23,"key":"SMITH"}],"circlet_count":0,"master_deck":["AscendersBane","Strike_G","Strike_G","Strike_G","Defend_G","Defend_G","Defend_G","Defend_G","Defend_G","Survivor","Neutralize","Poisoned Stab","Terror+1","Cloak And Dagger","Escape Plan","Poisoned Stab","Bouncing Flask","Blur","Blade Dance+1","Leg Sweep","Well Laid Plans+1","Grand Finale","Blade Dance"],"relics":["Ring of the Snake","Orichalcum","Pear","Akabeko","Black Star"],"acts_visited":["Exordium","TheCity"],"potions_floor_usage":[6,14,16,19,24,24],"damage_taken":[{"damage":0,"enemies":"Small Slimes","floor":1,"turns":5},{"damage":6,"enemies":"Jaw Worm","floor":2,"turns":6},{"damage":32,"enemies":"Gremlin Nob","floor":6,"turns":5},{"damage":0,"enemies":"Cultist","floor":7,"turns":3},{"damage":2,"enemies":"Blue Slaver","floor":11,"turns":4},{"damage":24,"enemies":"3 Sentries","floor":12,"turns":15},{"damage":0,"enemies":"3 Louse","floor":13,"turns":4},{"damage":12,"enemies":"Exordium Thugs","floor":14,"turns":6},{"damage":22,"enemies":"The Guardian","floor":16,"turns":10},{"damage":0,"enemies":"Chosen","floor":18,"turns":4},{"damage":18,"enemies":"2 Thieves","floor":19,"turns":4},{"damage":96,"enemies":"Gremlin Leader","floor":24,"turns":6}],"seed_played":"-4642737611355922354","potions_obtained":[{"floor":1,"key":"Explosive Potion"},{"floor":6,"key":"LiquidBronze"},{"floor":11,"key":"Weak Potion"},{"floor":14,"key":"Poison Potion"},{"floor":16,"key":"Swift Potion"},{"floor":19,"key":"SteroidPotion"}],"is_trial":false,"path_per_floor":["M","M","?","$","?","E","M","R","T","R","M","E","M","M","R","B",null,"M","M","$","?","$","R","E"],"character_chosen":"THE_SILENT","items_purchased":["Leg Sweep","Well Laid Plans","Grand Finale","Blade Dance"],"campfire_rested":2,"item_purchase_floors":[20,20,20,22],"current_hp_per_floor":[63,57,57,57,46,14,14,35,45,45,43,19,19,7,31,9,62,62,44,44,90,90,90,0,0],"gold":38,"neow_bonus":"REMOVE_CARD","is_daily":false,"chose_seed":false,"campfire_upgraded":2,"win_rate":0.0,"timestamp":1613181487,"path_taken":["M","M","?","$","?","E","M","R","T","R","M","E","M","M","R","BOSS","M","M","$","?","$","R","E"],"items_purchased_type":["Card","Card","Card","Card"],"build_version":"2020-12-22","purchased_purges":1,"victory":false,"max_hp_per_floor":[70,70,70,70,70,70,70,70,80,80,80,80,80,80,80,80,80,80,80,80,90,90,90,90,90],"relic_stats":{"counters":[12,72],"Black Star":0,"Orichalcum":[60],"obtain_stats":[{"Pear":9,"Black Star":17,"Orichalcum":6,"Akabeko":12,"Ring of the Snake":0},{"Pear":4,"Black Star":9,"Orichalcum":3,"Akabeko":6,"Ring of the Snake":0},{"Pear":19,"Black Star":58,"Orichalcum":16,"Akabeko":38,"Ring of the Snake":0}],"Ring of the Snake":[24]},"card_choices":[{"not_picked":["Caltrops","Cloak And Dagger"],"picked":"Poisoned Stab","floor":1},{"not_picked":["Acrobatics","All Out Attack","Reflex"],"picked":"SKIP","floor":2},{"not_picked":["Prepared","Endless Agony"],"picked":"Terror","floor":6},{"not_picked":["Slice","Predator"],"picked":"Cloak And Dagger","floor":7},{"not_picked":["Acrobatics","Outmaneuver","Quick Slash"],"picked":"SKIP","floor":11},{"not_picked":["Acrobatics","Endless Agony"],"picked":"Escape Plan","floor":12},{"not_picked":["Slice","Endless Agony"],"picked":"Poisoned Stab","floor":13},{"not_picked":["Quick Slash","Endless Agony"],"picked":"Bouncing Flask","floor":14},{"not_picked":["Venomology","Glass Knife"],"picked":"Night Terror","floor":16},{"not_picked":["Accuracy","Prepared"],"picked":"Blur","floor":18},{"not_picked":["Dodge and Roll","Outmaneuver"],"picked":"Blade Dance+1","floor":19}],"player_experience":299026,"relics_obtained":[{"floor":6,"key":"Orichalcum"},{"floor":9,"key":"Pear"},{"floor":12,"key":"Akabeko"}],"event_choices":[{"damage_healed":0,"gold_gain":0,"player_choice":"Leave","damage_taken":0,"max_hp_gain":0,"max_hp_loss":0,"event_name":"The Cleric","floor":3,"gold_loss":0},{"damage_healed":0,"gold_gain":75,"player_choice":"Gather Gold","damage_taken":11,"max_hp_gain":0,"max_hp_loss":0,"event_name":"World of Goop","floor":5,"gold_loss":0},{"cards_removed":["Night Terror"],"damage_healed":36,"gold_gain":0,"player_choice":"Offered Rare","damage_taken":0,"max_hp_gain":10,"max_hp_loss":0,"event_name":"Bonfire Elementals","floor":21,"gold_loss":0}],"is_beta":false,"boss_relics":[{"not_picked":["Coffee Dripper","Pandora\u0027s Box"],"picked":"Black Star"}],"items_purged_floors":[4],"is_endless":false,"potions_floor_spawned":[1,6,11,14,16,19],"killed_by":"Gremlin Leader","ascension_level":11}}