{"host":"oq9vgnvl0fi8z8ha","time":1613180034,"event":{"mods":["BaseMod","Block Reminder","Curses Come First","Evolution","Fox Events","Highlight Path","Minty Spire (QoL Compilation)","Relic Stats","Smile Girya","StSLib","The Bug Knight","Treasure Hunter","Unceasing Turn Reminder"],"gold_per_floor":[643,643,643,643,27,27,27,27,27,27,27,51,151,171,171,295,295,323,2,2,30,30,30,46,46,73,73,73],"floor_reached":27,"language":"ENG","playtime":789,"items_purged":[],"score":247,"play_id":"fbef1d97-a1fd-44a0-860c-a6bfad7ed9f6","local_time":"20210212183354","daily_mods":["Green Cards","Heirloom","Time Dilation","Flight"],"is_ascension_mode":false,"campfire_choices":[{"data":"Zap","floor":6,"key":"SMITH"},{"data":"Sweeping Beam","floor":7,"key":"SMITH"},{"data":"Dodge and Roll","floor":8,"key":"SMITH"},{"data":"Cloak And Dagger","floor":11,"key":"SMITH"},{"data":"Envenom","floor":15,"key":"SMITH"},{"data":"Phantasmal Killer","floor":23,"key":"SMITH"},{"floor":25,"key":"REST"}],"circlet_count":0,"master_deck":["Sweeping Beam+1","Flying Knee","Poisoned Stab","Barrage","Conserve Battery","Leap+1","Cloak And Dagger+1","Dodge and Roll+1","Zap+1","Dualcast+1","Rebound","Masterful Stab","Clumsy","Die Die Die","TH:CopperCoins+1","TH:DeckOfManyThings+1","Escape Plan","Envenom+1","Beam Cell","Deadly Poison","TH:CursedSword+1","Phantasmal Killer+1","Doom and Gloom+1","Backflip","Blur","Rip and Tear+1","Cold Snap+1","Blade Dance","Acrobatics","TH:ElvenBoots+1"],"relics":["Cracked Core","EVO:Axolotl","Prayer Wheel","Golden Idol","Vajra","Boot","Chemical X","TH:Anvil","HollowMod:LifeEnderRelic","Sozu","Mercury Hourglass","foxEvents:EldersFace","MealTicket"],"acts_visited":["Exordium","TheCity"],"potions_floor_usage":[1,24],"damage_taken":[{"damage":0,"enemies":"2 Louse","floor":1,"turns":2},{"damage":0,"enemies":"Small Slimes","floor":12,"turns":2},{"damage":0,"enemies":"Cultist","floor":14,"turns":2},{"damage":0,"enemies":"Hexaghost","floor":16,"turns":5},{"damage":6,"enemies":"Shell Parasite","floor":18,"turns":3},{"damage":0,"enemies":"2 Thieves","floor":21,"turns":2},{"damage":14,"enemies":"Centurion and Healer","floor":24,"turns":3},{"damage":14,"enemies":"Colosseum Slavers","floor":27,"turns":1}],"seed_played":"129980791728758704","potions_obtained":[{"floor":1,"key":"Fruit Juice"},{"floor":12,"key":"Weak Potion"}],"is_trial":true,"path_per_floor":["M","?","?","?","$","R","R","R","T","T","R","M","?","M","R","B",null,"M","$","?","M","?","R","M","R","T","?"],"character_chosen":"DEFECT","items_purchased":["Vajra","Boot","Chemical X","Die Die Die","Mercury Hourglass","Blur"],"campfire_rested":1,"item_purchase_floors":[5,5,5,5,19,19],"current_hp_per_floor":[17,14,21,21,21,21,21,21,21,21,21,21,21,21,21,21,23,17,17,17,17,17,17,3,9,9,0,0],"gold":73,"neow_bonus":"","is_daily":false,"chose_seed":false,"campfire_upgraded":6,"win_rate":0.0,"timestamp":1613180034,"path_taken":["M","?","?","?","$","R","R","R","T","?","R","?","?","?","R","BOSS","M","$","?","?","?","R","M","R","T","?"],"items_purchased_type":["Relic","Relic","Relic","Card","Relic","Card"],"build_version":"2020-12-22","purchased_purges":0,"victory":false,"max_hp_per_floor":[17,17,24,23,23,23,23,23,23,23,23,23,23,23,23,23,23,23,23,23,23,23,23,23,23,23,23,23],"relic_stats":{"Sozu":2,"counters":[8,20],"Golden Idol":45,"Prayer Wheel":6,"MealTicket":0,"Chemical X":[1],"Boot":[7],"obtain_stats":[{"TH:Anvil":9,"HollowMod:LifeEnderRelic":10,"Golden Idol":4,"Vajra":5,"foxEvents:EldersFace":20,"EVO:Axolotl":0,"Boot":5,"Mercury Hourglass":19,"Sozu":17,"Prayer Wheel":0,"MealTicket":26,"Chemical X":5,"Cracked Core":0},{"TH:Anvil":1,"HollowMod:LifeEnderRelic":1,"Golden Idol":1,"Vajra":1,"foxEvents:EldersFace":5,"EVO:Axolotl":0,"Boot":1,"Mercury Hourglass":5,"Sozu":4,"Prayer Wheel":0,"MealTicket":7,"Chemical X":1,"Cracked Core":0},{"TH:Anvil":2,"HollowMod:LifeEnderRelic":2,"Golden Idol":2,"Vajra":2,"foxEvents:EldersFace":14,"EVO:Axolotl":0,"Boot":2,"Mercury Hourglass":14,"Sozu":11,"Prayer Wheel":0,"MealTicket":19,"Chemical X":2,"Cracked Core":0}],"Mercury Hourglass":[30]},"card_choices":[{"not_picked":["Recycle","Underhanded Strike"],"picked":"Rebound","floor":1},{"not_picked":["Setup","Reinforced Body"],"picked":"Masterful Stab","floor":1},{"not_picked":["TH:Mimic"],"picked":"TH:CopperCoins","floor":9},{"not_picked":["TH:PixieDust"],"picked":"TH:DeckOfManyThings","floor":10},{"not_picked":["Backflip","Streamline"],"picked":"Escape Plan","floor":12},{"not_picked":["Coolheaded","Accuracy"],"picked":"Envenom","floor":12},{"not_picked":["Slice","BootSequence"],"picked":"Beam Cell","floor":14},{"not_picked":["Hologram","Eviscerate"],"picked":"Deadly Poison","floor":14},{"not_picked":["TH:ElvenBoots"],"picked":"TH:CursedSword","floor":16},{"not_picked":["Machine Learning","Grand Finale"],"picked":"Phantasmal Killer","floor":16},{"not_picked":["Eviscerate","Gash"],"picked":"Doom and Gloom+1","floor":18},{"not_picked":["Bane","Underhanded Strike"],"picked":"Backflip","floor":18},{"not_picked":["Turbo","Meteor Strike"],"picked":"Rip and Tear+1","floor":21},{"not_picked":["Concentrate","BootSequence"],"picked":"Cold Snap+1","floor":21},{"not_picked":["Prepared+1","Hologram"],"picked":"Blade Dance","floor":24},{"not_picked":["Poisoned Stab","Go for the Eyes"],"picked":"Acrobatics","floor":24},{"not_picked":["TH:ArmorSpikes"],"picked":"TH:ElvenBoots","floor":26}],"player_experience":172115,"relics_obtained":[{"floor":9,"key":"TH:Anvil"},{"floor":10,"key":"HollowMod:LifeEnderRelic"},{"floor":26,"key":"MealTicket"}],"event_choices":[{"damage_healed":0,"gold_gain":0,"player_choice":"Entered Light","damage_taken":3,"max_hp_gain":0,"max_hp_loss":0,"event_name":"Shining Light","floor":2,"gold_loss":0,"cards_upgraded":["Leap","Dualcast"]},{"damage_healed":0,"gold_gain":0,"player_choice":"Lose Max HP","damage_taken":0,"relics_obtained":["Golden Idol"],"max_hp_gain":0,"max_hp_loss":1,"event_name":"Golden Idol","floor":4,"gold_loss":0},{"damage_healed":0,"gold_gain":100,"player_choice":"Pray","damage_taken":0,"max_hp_gain":0,"max_hp_loss":0,"event_name":"Golden Shrine","floor":13,"gold_loss":0},{"damage_healed":0,"gold_gain":0,"player_choice":"Trade","damage_taken":0,"relics_obtained":["foxEvents:EldersFace"],"max_hp_gain":0,"max_hp_loss":0,"event_name":"FaceTrader","floor":20,"gold_loss":0},{"damage_healed":0,"gold_gain":0,"player_choice":"Ignored","damage_taken":0,"max_hp_gain":0,"max_hp_loss":0,"event_name":"Vampires","floor":22,"gold_loss":0},{"damage_healed":0,"gold_gain":0,"player_choice":"Fight","damage_taken":0,"max_hp_gain":0,"max_hp_loss":0,"event_name":"Colosseum","floor":27,"gold_loss":0}],"is_beta":false,"boss_relics":[{"not_picked":["Velvet Choker","FrozenCore"],"picked":"Sozu"}],"items_purged_floors":[],"is_endless":false,"potions_floor_spawned":[1,12,21],"killed_by":"Colosseum Slavers","ascension_level":0}}