{"host":"a20qfyjn5xm2mdxh","time":1613203665,"event":{"mods":["BaseMod","Gremlin Mod","Hermit","Minty Spire (QoL Compilation)","Relic Stats","Reliquary","Replay The Spire","Shop Mod","StSLib","The Cursed"],"gold_per_floor":[117,192,208,226,240,0,11,11,59,78,3,36,53,100,100,100,100],"floor_reached":16,"language":"ZHS","playtime":895,"items_purged":["Gremlin:Defend"],"score":139,"play_id":"34487cc0-3b24-447b-86b6-d91cf2fe176d","local_time":"20210213160745","is_ascension_mode":false,"campfire_choices":[{"data":"Gremlin:Wizardry","floor":8,"key":"SMITH"},{"data":"Gremlin:Whiz","floor":15,"key":"SMITH"}],"circlet_count":0,"master_deck":["Gremlin:Strike","Gremlin:Strike","Gremlin:Strike","Gremlin:Strike","Gremlin:Defend","Gremlin:Defend","Gremlin:Defend","Gremlin:TagTeam","Gremlin:GremlinDance","Gremlin:Changeo","Gremlin:Wizardry+1","Gremlin:Pickpocket","Gremlin:Irritability","Gremlin:TargetWeakness","Gremlin:GlitterGuard","Gremlin:Tricksy","Gremlin:ShowStopper","Gremlin:Whiz+1"],"relics":["Gremlin:GremlinKnob","NeowsBlessing","Sundial","Simple Rune"],"acts_visited":["Exordium"],"potions_floor_usage":[],"damage_taken":[{"damage":0,"enemies":"2 Louse","floor":1,"turns":1},{"damage":0,"enemies":"Jaw Worm","floor":3,"turns":1},{"damage":0,"enemies":"Small Slimes","floor":4,"turns":1},{"damage":19,"enemies":"Gremlin Gang","floor":5,"turns":4},{"damage":0,"enemies":"Gremlin Nob","floor":6,"turns":2},{"damage":8,"enemies":"Exordium Wildlife","floor":7,"turns":3},{"damage":0,"enemies":"3 Louse","floor":10,"turns":2},{"damage":65,"enemies":"Lagavulin","floor":12,"turns":14},{"damage":10,"enemies":"Large Slime","floor":13,"turns":6},{"damage":27,"enemies":"The Guardian","floor":16,"turns":2}],"seed_played":"-7149840196340012191","potions_obtained":[{"floor":1,"key":"Ancient Potion"},{"floor":7,"key":"SpeedPotion"},{"floor":10,"key":"SmokeBomb"}],"is_trial":false,"path_per_floor":["M","?","M","M","M","E","M","R","T","M","$","E","M","T","R","B"],"character_chosen":"GREMLIN","items_purchased":[],"campfire_rested":0,"item_purchase_floors":[],"current_hp_per_floor":[20,17,17,17,17,17,17,17,17,13,13,5,13,13,13,0,0],"gold":100,"neow_bonus":"THREE_ENEMY_KILL","is_daily":false,"chose_seed":false,"campfire_upgraded":2,"win_rate":0.0,"timestamp":1613203665,"path_taken":["M","?","M","M","M","E","M","R","T","M","$","E","M","?","R","BOSS"],"items_purchased_type":[],"build_version":"2020-12-22","purchased_purges":1,"victory":false,"max_hp_per_floor":[20,20,20,20,20,20,20,20,20,20,20,20,20,20,20,20,20],"relic_stats":{"counters":[10,36],"Sundial":[0],"obtain_stats":[{"NeowsBlessing":0,"Sundial":12,"Gremlin:GremlinKnob":0,"Simple Rune":14},{"NeowsBlessing":0,"Sundial":8,"Gremlin:GremlinKnob":0,"Simple Rune":9},{"NeowsBlessing":0,"Sundial":28,"Gremlin:GremlinKnob":0,"Simple Rune":34}]},"card_choices":[{"not_picked":["Gremlin:ProperTools","Gremlin:Tadah"],"picked":"Gremlin:Changeo","floor":1},{"not_picked":["Gremlin:Jeer","Gremlin:GremlinMeal"],"picked":"Gremlin:Wizardry","floor":3},{"not_picked":["Gremlin:GremlinArms","Gremlin:GremlinMeal"],"picked":"Gremlin:Pickpocket","floor":4},{"not_picked":["Gremlin:Flurry","Gremlin:Patsy"],"picked":"Gremlin:Irritability","floor":5},{"not_picked":["Gremlin:Dazzle","Gremlin:ProperTools"],"picked":"Gremlin:TargetWeakness","floor":6},{"not_picked":["Gremlin:Presto","Gremlin:PourSalt"],"picked":"Gremlin:GlitterGuard","floor":7},{"not_picked":["Gremlin:ShankStone","Gremlin:PourSalt"],"picked":"Gremlin:Tricksy","floor":10},{"not_picked":["Gremlin:PinNeedle","Gremlin:GlitterGuard"],"picked":"Gremlin:ShowStopper","floor":12},{"not_picked":["Gremlin:GlitterGuard","Gremlin:Wizardry"],"picked":"Gremlin:Whiz","floor":13}],"player_experience":244520,"relics_obtained":[{"floor":12,"key":"Sundial"},{"floor":14,"key":"Simple Rune"}],"event_choices":[{"damage_healed":0,"gold_gain":75,"player_choice":"Gather Gold","damage_taken":3,"max_hp_gain":0,"max_hp_loss":0,"event_name":"World of Goop","floor":2,"gold_loss":0}],"is_beta":false,"boss_relics":[],"items_purged_floors":[11],"is_endless":false,"potions_floor_spawned":[1,7,10,12],"killed_by":"The Guardian","ascension_level":0}}