{"host":"bvp2uifzy1c463d9","time":1613195616,"event":{"mods":["AchievementEnabler","BaseMod","Block Reminder","Bossed Relics","ChefMod","Colored Map","Colored Powertips","Energized Spire","Hermit","Highlight Path","Hubris","Infinite Spire","Minty Spire (QoL Compilation)","Random Character Button","Relic Sorter","Relic Stats","Reliquary","Replay The Spire","StSLib","The Blue Laboratory","The Jungle","The Servant 0.9.4","Wandering Minibosses"],"gold_per_floor":[117,117,117,117,66,66,101,129,141,153,165,177,219,246,258,371,383,411,440,465,488,500,512,524,536,572,584,260,260,271,271,271],"floor_reached":31,"language":"ENG","playtime":1176,"items_purged":["Looming Evil","hubris:Envy"],"score":241,"play_id":"8eddf31d-23fb-477e-8f10-57fe59700d22","local_time":"20210212235336","is_ascension_mode":false,"campfire_choices":[{"data":"ReplayTheSpireMod:Faulty Equipment","floor":6,"key":"SMITH"},{"data":"chefmod:QuickThaw","floor":11,"key":"SMITH"},{"data":"chefmod:ZaruSoba","floor":15,"key":"SMITH"},{"data":"infinitespire:Starlight","floor":23,"key":"SMITH"},{"floor":27,"key":"REST"}],"circlet_count":0,"master_deck":["chefmod:Strike","chefmod:Strike","chefmod:Strike","chefmod:Strike","chefmod:QuickThaw+1","chefmod:Defend","chefmod:Defend","chefmod:Defend","chefmod:Defend","chefmod:TodaysSpecial","Metamorphosis+1","chefmod:ColdSteel","chefmod:ZaruSoba+1","chefmod:AlooGobi","chefmod:Granita","Pot Of Greed+1","Pot Of Greed","chefmod:HotSoup","chefmod:Chop","chefmod:OrderUp","chefmod:IceCreamCone+1","chefmod:Gelato","chefmod:Gelato","infinitespire:Starlight+1","Pot Of Greed","chefmod:Escargot+1","chefmod:NoSoupForYou","chefmod:QuickChop","chefmod:Gelato"],"relics":["chefmod:TrustyPot","reliquary:ExpiredCoupon","MawBank","Grinning Jar","War Paint","energizedSpire:RedRose","Replay:Lucky Slots","Potion Belt"],"acts_visited":["Exordium","TheCity"],"potions_floor_usage":[18,20,30,30],"damage_taken":[{"damage":0,"enemies":"Small Slimes","floor":1,"turns":3},{"damage":30,"enemies":"Gremlin Nob","floor":7,"turns":4},{"damage":0,"enemies":"2 Louse","floor":8,"turns":3},{"damage":18,"enemies":"Lagavulin","floor":13,"turns":5},{"damage":1,"enemies":"Jaw Worm","floor":14,"turns":6},{"damage":14,"enemies":"Slime Boss","floor":16,"turns":7},{"damage":20,"enemies":"Chosen","floor":18,"turns":6},{"damage":13,"enemies":"2 Thieves","floor":19,"turns":4},{"damage":25,"enemies":"Snake Plant","floor":20,"turns":5},{"damage":14,"enemies":"Shelled Parasite and Fungi","floor":21,"turns":3},{"damage":36,"enemies":"Centurion and Healer","floor":30,"turns":6},{"damage":25,"enemies":"3 Cultists","floor":31,"turns":3}],"seed_played":"-992344336710836493","potions_obtained":[{"floor":7,"key":"ColorlessPotion"},{"floor":8,"key":"Adrenaline Potion"},{"floor":13,"key":"PowerPotion"},{"floor":19,"key":"blueLaboratory:PhilterOfMotion"},{"floor":20,"key":"blueLaboratory:Moonshine"}],"is_trial":false,"path_per_floor":["M","?","?","T","$","R","E","M","T","$","R","$","E","M","R","B",null,"M","M","M","M","?","R","?","AVR","T","R","$","?","M","M"],"character_chosen":"THE_CHEF","items_purchased":["chefmod:ZaruSoba","chefmod:Escargot","chefmod:NoSoupForYou","chefmod:QuickChop","blueLaboratory:FruitPunch"],"campfire_rested":1,"item_purchase_floors":[5,28,28,28,28],"current_hp_per_floor":[76,76,76,76,76,76,46,46,46,46,46,46,28,27,27,13,76,56,43,18,4,4,4,4,4,4,26,26,26,7,0,0],"gold":271,"neow_bonus":"RANDOM_COLORLESS_2","is_daily":false,"chose_seed":false,"campfire_upgraded":4,"win_rate":0.0,"timestamp":1613195616,"path_taken":["M","?","?","?","$","R","E","M","T","$","R","?","E","?","R","BOSS","M","M","M","M","?","R","?","AVR","T","R","$","?","M","M"],"items_purchased_type":["Card","Card","Card","Card","Potion"],"build_version":"2020-12-22","purchased_purges":2,"victory":false,"max_hp_per_floor":[76,76,76,76,76,76,76,76,76,76,76,76,76,76,76,76,76,76,76,76,76,76,76,76,76,76,76,76,76,78,78,78],"relic_stats":{"counters":[12,55],"War Paint":["Metamorphosis","Pot Of Greed"],"MawBank":252,"obtain_stats":[{"energizedSpire:RedRose":17,"Potion Belt":26,"chefmod:TrustyPot":0,"reliquary:ExpiredCoupon":4,"Replay:Lucky Slots":25,"Grinning Jar":9,"War Paint":13,"MawBank":7},{"energizedSpire:RedRose":6,"Potion Belt":10,"chefmod:TrustyPot":0,"reliquary:ExpiredCoupon":1,"Replay:Lucky Slots":10,"Grinning Jar":3,"War Paint":4,"MawBank":2},{"energizedSpire:RedRose":28,"Potion Belt":46,"chefmod:TrustyPot":0,"reliquary:ExpiredCoupon":3,"Replay:Lucky Slots":46,"Grinning Jar":10,"War Paint":15,"MawBank":7}]},"card_choices":[{"not_picked":["Transmutation","ReplayTheSpireMod:Necrogeddon"],"picked":"Metamorphosis","floor":0},{"not_picked":["chefmod:SaveForLater","chefmod:Granita"],"picked":"chefmod:ColdSteel","floor":1},{"not_picked":["chefmod:FryPan","chefmod:ColdSteel"],"picked":"chefmod:AlooGobi","floor":7},{"not_picked":["chefmod:HotSoup","chefmod:VegetableTart"],"picked":"chefmod:Granita","floor":8},{"not_picked":["chefmod:IcePick","chefmod:SearedScallops"],"picked":"chefmod:HotSoup","floor":13},{"not_picked":["chefmod:ZaruSoba","chefmod:Granita"],"picked":"chefmod:Chop","floor":14},{"not_picked":["chefmod:Tenderizer","chefmod:DeepFreeze"],"picked":"chefmod:OrderUp","floor":16},{"not_picked":["chefmod:IcePick+1","chefmod:ZaruSoba+1"],"picked":"chefmod:IceCreamCone+1","floor":18},{"not_picked":["chefmod:Granita+1","chefmod:Julienne+1"],"picked":"chefmod:Gelato","floor":19},{"not_picked":["chefmod:SliceAndDice+1","chefmod:Chop+1","chefmod:ZaruSoba+1"],"picked":"SKIP","floor":20},{"not_picked":["chefmod:Cleavers","chefmod:Sorbet"],"picked":"chefmod:Gelato","floor":21},{"not_picked":["infinitespire:FinalStrike","infinitespire:Menacing"],"picked":"infinitespire:Starlight","floor":22},{"not_picked":["chefmod:Sorbet","chefmod:CuttingBoard"],"picked":"chefmod:Gelato","floor":30}],"player_experience":326075,"relics_obtained":[{"floor":4,"key":"reliquary:ExpiredCoupon"},{"floor":7,"key":"MawBank"},{"floor":9,"key":"Grinning Jar"},{"floor":13,"key":"War Paint"},{"floor":26,"key":"Potion Belt"}],"event_choices":[{"cards_removed":["hubris:Compulsion"],"damage_healed":0,"gold_gain":0,"player_choice":"Forget","damage_taken":0,"max_hp_gain":0,"max_hp_loss":0,"event_name":"Living Wall","floor":3,"gold_loss":0},{"damage_healed":0,"gold_gain":0,"player_choice":"Ignored","damage_taken":0,"max_hp_gain":0,"max_hp_loss":0,"event_name":"Cursed Tome","floor":24,"gold_loss":0},{"damage_healed":0,"gold_gain":0,"player_choice":"Forge","damage_taken":0,"max_hp_gain":0,"max_hp_loss":0,"event_name":"Accursed Blacksmith","floor":29,"gold_loss":0,"cards_upgraded":["chefmod:Escargot"]}],"is_beta":false,"boss_relics":[{"not_picked":["hubris:BlackHole","reliquary:Craggleroot"],"picked":"energizedSpire:RedRose"}],"items_purged_floors":[25,28],"is_endless":false,"potions_floor_spawned":[7,8,13,14,19,20,21],"killed_by":"3 Cultists","ascension_level":0}}