{"host":"gg","time":1613256680,"event":{"mods":["BaseMod","Colored Map","Googly Eyes","Minty Spire (QoL Compilation)","Relic Stats","The IronCluck"],"gold_per_floor":[114,114,126,126,143,143,169,50,50,63,96,96,148,148,148,277,277,309,309,331,379,379,417,474,510,563,563,572,641,270,317,317,441,441,479,501,201,250,300,300,334,392,392,392,440,499,549,558,558,588,613,613,613,48,82,82],"floor_reached":57,"language":"ENG","playtime":5286,"items_purged":["Defend_P"],"score":2874,"play_id":"d90e5bcf-7f7b-4d69-898e-0d03cdcf9db4","local_time":"20210213145120","is_ascension_mode":true,"campfire_choices":[{"data":"Eruption","floor":6.0,"key":"SMITH"},{"data":"CrushJoints","floor":15.0,"key":"SMITH"},{"floor":27.0,"key":"REST"},{"floor":32,"key":"RECALL"},{"floor":40,"key":"REST"},{"floor":49,"key":"REST"},{"floor":53,"key":"REST"}],"circlet_count":0,"master_deck":["AscendersBane","Strike_P+1","Strike_P+1","Strike_P+1","Strike_P+1","Defend_P+1","Defend_P+1","Eruption+1","Vigilance","CurseOfTheBell","Consecrate","CrushJoints+1","FlyingSleeves+1","TalkToTheHand+1","Adaptation","FlurryOfBlows","DeceiveReality","Injury","Wish","Scrawl","Vengeance","JustLucky","Protect+1","Weave","RitualDagger","EmptyFist","Violence","ThirdEye","Ragnarok","Adaptation","CutThroughFate","Trip","FearNoEvil","Halt+1","Nirvana+1","DeceiveReality+1","FlurryOfBlows","Blind","Scrawl","Dark Shackles","FlurryOfBlows","Crescendo"],"relics":["Calling Bell","Anchor","Pear","Du-Vu Doll","Calipers","Thread and Needle","Shuriken","Golden Idol","CeramicFish","Lantern","Fusion Hammer","Yang","Eternal Feather","Omamori","Bag of Marbles","OrangePellets","Whetstone","Runic Dome","Toolbox","Regal Pillow","DollysMirror","Happy Flower","Kunai"],"acts_visited":["Exordium","TheCity","TheBeyond","TheEnding"],"potions_floor_usage":[29,51,55,56,56],"damage_taken":[{"damage":10.0,"enemies":"Small Slimes","floor":1.0,"turns":4.0},{"damage":2.0,"enemies":"2 Louse","floor":3.0,"turns":2.0},{"damage":0.0,"enemies":"Jaw Worm","floor":5.0,"turns":1.0},{"damage":19.0,"enemies":"Lagavulin","floor":7.0,"turns":6.0},{"damage":0.0,"enemies":"2 Fungi Beasts","floor":10.0,"turns":3.0},{"damage":8.0,"enemies":"3 Sentries","floor":11.0,"turns":3.0},{"damage":0.0,"enemies":"Lagavulin","floor":13.0,"turns":4.0},{"damage":26.0,"enemies":"Slime Boss","floor":16.0,"turns":7.0},{"damage":0.0,"enemies":"2 Thieves","floor":18.0,"turns":2.0},{"damage":0.0,"enemies":"Chosen","floor":20.0,"turns":2.0},{"damage":0.0,"enemies":"Shelled Parasite and Fungi","floor":21.0,"turns":2.0},{"damage":18.0,"enemies":"Slavers","floor":23.0,"turns":4.0},{"damage":0.0,"enemies":"Chosen and Byrds","floor":24.0,"turns":4.0},{"damage":0.0,"enemies":"Book of Stabbing","floor":25.0,"turns":2.0},{"damage":0,"enemies":"Gremlin Leader","floor":29,"turns":3},{"damage":2,"enemies":"Automaton","floor":33,"turns":6},{"damage":0,"enemies":"3 Shapes","floor":35,"turns":4},{"damage":2,"enemies":"3 Darklings","floor":36,"turns":3},{"damage":3,"enemies":"Jaw Worm Horde","floor":38,"turns":4},{"damage":22,"enemies":"Maw","floor":39,"turns":5},{"damage":10,"enemies":"Reptomancer","floor":41,"turns":3},{"damage":0,"enemies":"4 Shapes","floor":42,"turns":2},{"damage":7,"enemies":"Sphere and 2 Shapes","floor":45,"turns":5},{"damage":0,"enemies":"Transient","floor":46,"turns":6},{"damage":11,"enemies":"Spire Growth","floor":47,"turns":3},{"damage":2,"enemies":"Donu and Deca","floor":50,"turns":7},{"damage":30,"enemies":"Awakened One","floor":51,"turns":10},{"damage":16,"enemies":"Shield and Spear","floor":55,"turns":5},{"damage":28,"enemies":"The Heart","floor":56,"turns":10}],"seed_played":"5852119926457355441","potions_obtained":[{"floor":3.0,"key":"AttackPotion"},{"floor":10.0,"key":"SkillPotion"},{"floor":11.0,"key":"Dexterity Potion"},{"floor":13.0,"key":"FearPotion"},{"floor":16.0,"key":"LiquidBronze"},{"floor":20.0,"key":"Weak Potion"},{"floor":21.0,"key":"Fire Potion"},{"floor":25.0,"key":"BottledMiracle"},{"floor":29,"key":"BlessingOfTheForge"},{"floor":36,"key":"DuplicationPotion"},{"floor":38,"key":"FearPotion"},{"floor":55,"key":"Swift Potion"}],"is_trial":false,"path_per_floor":["M","?","M","?","M","R","E","$","T","M","E","?","E","?","R","B",null,"M","?","M","M","?","E","M","E","T","R","?","E","$","T","R","B",null,"M","M","$","M","M","R","E","M","T","?","M","M","M","?","R","B","B",null,"R","$","E","B",null],"character_chosen":"WATCHER","items_purchased":["Adaptation","OrangePellets","Violence","ThirdEye","Toolbox","CutThroughFate","Trip","DollysMirror","Happy Flower","Dark Shackles","GamblersBrew","FlurryOfBlows","Crescendo"],"campfire_rested":4,"item_purchase_floors":[8,30,30,30,37,37,37,54,54,54,54,54,54],"current_hp_per_floor":[61,54,52,78,78,78,59,59,59,59,51,51,51,40,40,14,62,62,62,62,62,62,44,44,44,44,78,72,72,72,72,78,76,78,78,76,76,73,51,78,68,68,68,68,61,61,50,40,78,76,46,70,78,78,62,34],"gold":82,"neow_bonus":"BOSS_RELIC","is_daily":false,"chose_seed":false,"campfire_upgraded":2,"win_rate":0.0,"timestamp":1613256680,"path_taken":["M","?","M","?","M","R","E","?","T","M","E","?","E","?","R","BOSS","M","?","M","M","?","E","M","E","T","R","?","E","$","?","R","BOSS","M","M","$","M","M","R","E","M","T","?","M","M","?","?","R","BOSS","BOSS","R","$","E","BOSS"],"items_purchased_type":["Card","Relic","Card","Card","Relic","Card","Card","Relic","Relic","Card","Potion","Card","Card"],"build_version":"2020-12-18","purchased_purges":1,"victory":true,"max_hp_per_floor":[78,78,78,78,78,78,78,78,78,78,78,78,78,78,78,78,78,78,78,78,78,78,78,78,78,78,78,78,78,78,78,78,78,78,78,78,78,78,78,78,78,78,78,78,78,78,78,78,78,78,78,78,78,78,78,78],"relic_stats":{"OrangePellets":[19],"Regal Pillow":0,"Happy Flower":[5],"counters":[29,122],"Shuriken":[80],"Golden Idol":185,"CeramicFish":216,"Yang":[275],"Eternal Feather":65,"Whetstone":["FlyingSleeves","TalkToTheHand"],"Kunai":[10],"obtain_stats":[{"Lantern":14,"Regal Pillow":41,"Pear":0,"Calipers":7,"Happy Flower":54,"Golden Idol":12,"CeramicFish":13,"Thread and Needle":9,"Yang":23,"Eternal Feather":25,"Omamori":26,"Whetstone":31,"Calling Bell":0,"Du-Vu Doll":0,"OrangePellets":30,"Runic Dome":34,"Anchor":0,"Shuriken":11,"DollysMirror":54,"Toolbox":37,"Fusion Hammer":17,"Bag of Marbles":29,"Kunai":55,"PureWater":0},{"Lantern":7,"Regal Pillow":21,"Pear":0,"Calipers":4,"Happy Flower":27,"Golden Idol":6,"CeramicFish":7,"Thread and Needle":4,"Yang":12,"Eternal Feather":14,"Omamori":14,"Whetstone":15,"Calling Bell":0,"Du-Vu Doll":0,"OrangePellets":15,"Runic Dome":16,"Anchor":0,"Shuriken":6,"DollysMirror":27,"Toolbox":18,"Fusion Hammer":8,"Bag of Marbles":15,"Kunai":28,"PureWater":0},{"Lantern":23,"Regal Pillow":74,"Pear":0,"Calipers":13,"Happy Flower":107,"Golden Idol":19,"CeramicFish":23,"Thread and Needle":13,"Yang":40,"Eternal Feather":46,"Omamori":46,"Whetstone":49,"Calling Bell":0,"Du-Vu Doll":0,"OrangePellets":49,"Runic Dome":55,"Anchor":0,"Shuriken":19,"DollysMirror":107,"Toolbox":62,"Fusion Hammer":30,"Bag of Marbles":49,"Kunai":112,"PureWater":0}]},"card_choices":[{"not_picked":["Indignation","FollowUp"],"picked":"Consecrate","floor":1.0},{"not_picked":["Indignation","SignatureMove"],"picked":"CrushJoints","floor":3.0},{"not_picked":["Perseverance","Fasting2"],"picked":"FlyingSleeves","floor":5.0},{"not_picked":["WheelKick","SignatureMove"],"picked":"TalkToTheHand","floor":7.0},{"not_picked":["Indignation","Perseverance"],"picked":"FlurryOfBlows","floor":10.0},{"not_picked":["SashWhip","Swivel"],"picked":"DeceiveReality","floor":11.0},{"not_picked":["Perseverance","BowlingBash"],"picked":"Wish","floor":13.0},{"not_picked":["Vault","Judgement"],"picked":"Scrawl","floor":16.0},{"not_picked":["ThirdEye","Adaptation"],"picked":"Vengeance","floor":18.0},{"not_picked":["Worship","Conclude"],"picked":"JustLucky","floor":20.0},{"not_picked":["Weave","Worship"],"picked":"Protect+1","floor":21.0},{"not_picked":["PathToVictory","DevaForm","Halt"],"picked":"SKIP","floor":23.0},{"not_picked":["Consecrate","CrushJoints"],"picked":"Weave","floor":24.0},{"not_picked":["CarveReality","Conclude","BowlingBash"],"picked":"SKIP","floor":25.0},{"not_picked":["WreathOfFlame","EmptyBody"],"picked":"EmptyFist","floor":29},{"not_picked":["Brilliance","DevaForm"],"picked":"Ragnarok","floor":33},{"not_picked":["CrushJoints","Crescendo","ClearTheMind"],"picked":"SKIP","floor":35},{"not_picked":["Evaluate","FollowUp"],"picked":"Adaptation","floor":36},{"not_picked":["CrushJoints+1","Brilliance","SandsOfTime"],"picked":"SKIP","floor":38},{"not_picked":["CutThroughFate","Crescendo"],"picked":"FearNoEvil","floor":39},{"not_picked":["EmptyBody+1","Study","Protect+1"],"picked":"SKIP","floor":41},{"not_picked":["EmptyBody+1","Weave"],"picked":"Halt+1","floor":42},{"not_picked":["Collect","WindmillStrike"],"picked":"Nirvana+1","floor":45},{"not_picked":["Vengeance","CrushJoints"],"picked":"DeceiveReality+1","floor":46},{"not_picked":["Consecrate+1","Crescendo"],"picked":"FlurryOfBlows","floor":47},{"not_picked":["Mayhem","Forethought"],"picked":"Blind","floor":48},{"not_picked":["Weave","Evaluate","FearNoEvil"],"picked":"SKIP","floor":55}],"player_experience":1330704,"relics_obtained":[{"floor":0.0,"key":"Anchor"},{"floor":0.0,"key":"Pear"},{"floor":0.0,"key":"Du-Vu Doll"},{"floor":7.0,"key":"Calipers"},{"floor":9.0,"key":"Thread and Needle"},{"floor":11.0,"key":"Shuriken"},{"floor":13.0,"key":"CeramicFish"},{"floor":23.0,"key":"Yang"},{"floor":25.0,"key":"Eternal Feather"},{"floor":26.0,"key":"Omamori"},{"floor":29,"key":"Bag of Marbles"},{"floor":31,"key":"Whetstone"},{"floor":41,"key":"Regal Pillow"},{"floor":55,"key":"Kunai"}],"event_choices":[{"cards_removed":["Defend_P"],"damage_healed":0.0,"max_hp_gain":0.0,"max_hp_loss":0.0,"gold_gain":0.0,"event_name":"Golden Wing","player_choice":"Card Removal","floor":2.0,"gold_loss":0.0,"damage_taken":7.0},{"damage_healed":26.0,"max_hp_gain":0.0,"max_hp_loss":0.0,"gold_gain":0.0,"event_name":"Big Fish","player_choice":"Banana","floor":4.0,"gold_loss":0.0,"damage_taken":0.0},{"damage_healed":0.0,"max_hp_gain":0.0,"max_hp_loss":0.0,"gold_gain":0.0,"event_name":"Golden Idol","player_choice":"Take Wound","floor":12.0,"gold_loss":0.0,"damage_taken":0.0,"relics_obtained":["Golden Idol"],"cards_obtained":["Injury"]},{"damage_healed":0.0,"max_hp_gain":0.0,"max_hp_loss":0.0,"gold_gain":0.0,"event_name":"Scrap Ooze","player_choice":"Success","floor":14.0,"gold_loss":0.0,"damage_taken":11.0,"relics_obtained":["Lantern"]},{"damage_healed":0.0,"max_hp_gain":0.0,"max_hp_loss":0.0,"gold_gain":0.0,"event_name":"Back to Basics","player_choice":"Simplicity","floor":19.0,"gold_loss":0.0,"damage_taken":0.0,"cards_upgraded":["Strike_P","Strike_P","Strike_P","Strike_P","Defend_P","Defend_P"]},{"damage_healed":0.0,"max_hp_gain":0.0,"max_hp_loss":0.0,"gold_gain":0.0,"event_name":"The Mausoleum","player_choice":"Ignored","floor":22.0,"gold_loss":0.0,"damage_taken":0.0},{"damage_healed":0.0,"max_hp_gain":0.0,"max_hp_loss":0.0,"gold_gain":0.0,"event_name":"Nest","player_choice":"Joined the Cult","floor":28.0,"gold_loss":0.0,"damage_taken":6.0,"cards_obtained":["RitualDagger"]},{"damage_healed":0,"gold_gain":0,"player_choice":"0 cards matched","damage_taken":0,"max_hp_gain":0,"max_hp_loss":0,"event_name":"Match and Keep!","floor":44,"gold_loss":0,"cards_obtained":[]},{"damage_healed":0,"gold_gain":0,"player_choice":"Memory 3","damage_taken":10,"max_hp_gain":0,"max_hp_loss":0,"event_name":"SensoryStone","floor":48,"gold_loss":0}],"is_beta":true,"boss_relics":[{"not_picked":["Empty Cage","Runic Pyramid"],"picked":"Fusion Hammer"},{"not_picked":["Snecko Eye","SacredBark"],"picked":"Runic Dome"}],"items_purged_floors":[8],"is_endless":false,"potions_floor_spawned":[3,10,11,13,16,20,21,25,29,33,36,38,41,42,47,55],"ascension_level":20}}