{"host":"d39t2qzp2z2irjsy","time":1613219962,"event":{"mods":["BaseMod","Marisa£®ÏF”Í°°ƒß¿Ì…≥£©","Minty Spire (QoL Compilation)","StSLib","The Bug Knight","The Cursed","The Servant 0.9.4"],"gold_per_floor":[116,164,126,138,150,162,199,229,241,287,312,324,348,372,384,492,504,536,566,578,607,619,657,682,286,310,310,410,428,428,448,448,551,551,570,570,590,590,608,638,638,670,696,714,764,782,782,782,782,782],"floor_reached":51,"language":"ZHS","playtime":1502,"items_purged":["Regret"],"score":887,"play_id":"16507026-9bec-4c27-b64a-aba56210bdf1","local_time":"20210213203922","is_ascension_mode":false,"campfire_choices":[{"data":"Whirlwind","floor":6.0,"key":"SMITH"},{"floor":12.0,"key":"REST"},{"data":"Bash","floor":15.0,"key":"SMITH"},{"floor":27.0,"key":"REST"},{"data":"Strike_R","floor":30.0,"key":"PURGE"},{"floor":32.0,"key":"REST"},{"floor":41,"key":"REST"},{"data":"Limit Break","floor":49,"key":"SMITH"}],"circlet_count":0,"master_deck":["Strike_R","Strike_R","Strike_R","Defend_R","Defend_R","Defend_R","Defend_R","Bash+1","Whirlwind+1","Thunderclap","Twin Strike+1","Thunderclap+1","Thunderclap+1","Cleave+1","Offering","CurseOfTheBell","Spot Weakness","Pommel Strike+1","J.A.X.","Limit Break+1","Heavy Blade+1","Apotheosis","J.A.X.","Bloodletting","Flex","Heavy Blade+1","Immolate+1","Inflame","Flex+1","Thunderclap+1","Sword Boomerang+1","Writhe"],"relics":["Burning Blood","MawBank","Magic Flower","Strawberry","Ornamental Fan","Molten Egg 2","Calling Bell","Pen Nib","Mercury Hourglass","Peace Pipe","Pear","DollysMirror","Bag of Preparation","Incense Burner","Matryoshka","Philosopher\u0027s Stone","Champion Belt","Kunai","Lantern","Vajra","Thread and Needle","Nunchaku","Paper Frog"],"acts_visited":["Exordium","TheCity","TheBeyond"],"potions_floor_usage":[50,50],"damage_taken":[{"damage":6.0,"enemies":"Cultist","floor":1.0,"turns":3.0},{"damage":43.0,"enemies":"3 Sentries","floor":7.0,"turns":6.0},{"damage":0.0,"enemies":"2 Louse","floor":8.0,"turns":1.0},{"damage":27.0,"enemies":"Gremlin Nob","floor":10.0,"turns":4.0},{"damage":11.0,"enemies":"Jaw Worm","floor":11.0,"turns":2.0},{"damage":16.0,"enemies":"Blue Slaver","floor":13.0,"turns":3.0},{"damage":2.0,"enemies":"2 Fungi Beasts","floor":14.0,"turns":2.0},{"damage":74.0,"enemies":"The Guardian","floor":16.0,"turns":9.0},{"damage":23.0,"enemies":"Shell Parasite","floor":18.0,"turns":4.0},{"damage":6.0,"enemies":"Spheric Guardian","floor":19.0,"turns":3.0},{"damage":9.0,"enemies":"3 Cultists","floor":21.0,"turns":3.0},{"damage":9.0,"enemies":"Gremlin Leader","floor":23.0,"turns":3.0},{"damage":26.0,"enemies":"Centurion and Healer","floor":24.0,"turns":2.0},{"damage":6.0,"enemies":"Colosseum Slavers","floor":28.0,"turns":2.0},{"damage":28.0,"enemies":"Colosseum Nobs","floor":28.0,"turns":3.0},{"damage":6.0,"enemies":"Snake Plant","floor":29.0,"turns":2.0},{"damage":9.0,"enemies":"3 Cultists","floor":31.0,"turns":3.0},{"damage":49.0,"enemies":"Automaton","floor":33.0,"turns":6.0},{"damage":0.0,"enemies":"3 Darklings","floor":35.0,"turns":1.0},{"damage":16.0,"enemies":"3 Shapes","floor":37.0,"turns":3.0},{"damage":27.0,"enemies":"Sphere and 2 Shapes","floor":39.0,"turns":3.0},{"damage":23.0,"enemies":"Reptomancer","floor":40.0,"turns":2.0},{"damage":19,"enemies":"Giant Head","floor":42,"turns":5},{"damage":0,"enemies":"Jaw Worm Horde","floor":44,"turns":2},{"damage":17,"enemies":"Mind Bloom Boss Battle","floor":45,"turns":4},{"damage":12,"enemies":"Maw","floor":46,"turns":4},{"damage":13,"enemies":"Time Eater","floor":50,"turns":4}],"seed_played":"5739692872541107684","potions_obtained":[{"floor":1.0,"key":"DistilledChaos"},{"floor":7.0,"key":"BlessingOfTheForge"},{"floor":11.0,"key":"Strength Potion"},{"floor":16.0,"key":"Regen Potion"}],"is_trial":false,"path_per_floor":["M","T","?","$","?","R","E","M","T","E","M","R","M","M","R","B",null,"M","M","?","M","?","E","M","$","T","R","?","M","R","M","R","B",null,"M","?","M","?","M","E","R","E","T","M","?","M","T","?","R","B",null],"character_chosen":"IRONCLAD","items_purchased":["Apotheosis","DollysMirror"],"campfire_rested":4,"item_purchase_floors":[25,25],"current_hp_per_floor":[88,88,88,88,88,88,61,70,70,52,50,78,71,78,78,13,95,81,84,84,84,65,75,58,58,58,91,75,78,78,78,110,70,110,110,110,103,108,90,76,109,99,99,108,100,97,97,110,110,106],"gold":782,"neow_bonus":"TEN_PERCENT_HP_BONUS","is_daily":false,"chose_seed":false,"campfire_upgraded":3,"win_rate":0.0,"timestamp":1613219962,"path_taken":["M","?","?","$","?","R","E","M","T","E","M","R","M","M","R","BOSS","M","M","?","M","?","E","M","$","T","R","?","M","R","?","R","BOSS","M","?","M","?","?","E","R","E","T","M","?","M","?","?","R","BOSS"],"items_purchased_type":["Card","Relic"],"build_version":"2020-12-22","purchased_purges":1,"victory":true,"max_hp_per_floor":[88,88,88,88,88,88,95,95,95,95,95,95,95,95,95,95,95,95,95,95,95,100,110,110,110,110,110,110,110,110,110,110,110,110,110,110,110,110,110,110,110,110,110,110,110,110,110,110,110,110],"card_choices":[{"not_picked":["Bloodletting","Iron Wave"],"picked":"Whirlwind","floor":1.0},{"not_picked":["Cleave","Searing Blow"],"picked":"Thunderclap","floor":7.0},{"not_picked":["Sever Soul","Shockwave"],"picked":"Thunderclap","floor":8.0},{"not_picked":["Blood for Blood+1","Clash+1"],"picked":"Twin Strike+1","floor":10.0},{"not_picked":["Anger+1","True Grit"],"picked":"Thunderclap+1","floor":11.0},{"not_picked":["Anger+1","Dropkick+1"],"picked":"Thunderclap+1","floor":13.0},{"not_picked":["Juggernaut","Feel No Pain"],"picked":"Cleave+1","floor":14.0},{"not_picked":["Juggernaut","Brutality"],"picked":"Offering","floor":16.0},{"not_picked":["Thunderclap+1","Feel No Pain"],"picked":"Spot Weakness","floor":18.0},{"not_picked":["Shrug It Off","Dark Embrace"],"picked":"Pommel Strike+1","floor":19.0},{"not_picked":["Burning Pact","Dark Embrace","Shrug It Off+1"],"picked":"SKIP","floor":21.0},{"not_picked":["Carnage+1","Dropkick+1"],"picked":"Limit Break","floor":23.0},{"not_picked":["Iron Wave+1","Blood for Blood+1"],"picked":"Heavy Blade+1","floor":24.0},{"not_picked":["Iron Wave+1","Infernal Blade"],"picked":"Bloodletting","floor":28.0},{"not_picked":["Body Slam+1","Rage"],"picked":"Flex","floor":29.0},{"not_picked":["Twin Strike+1","Cleave+1"],"picked":"Heavy Blade+1","floor":31.0},{"not_picked":["Double Tap","Fiend Fire+1"],"picked":"Immolate+1","floor":33.0},{"not_picked":["Heavy Blade+1","Body Slam+1"],"picked":"Inflame","floor":35.0},{"not_picked":["Body Slam+1","Iron Wave+1","Power Through"],"picked":"SKIP","floor":37.0},{"not_picked":["Headbutt+1","Clothesline+1"],"picked":"Flex+1","floor":39.0},{"not_picked":["Combust","Barricade","Perfected Strike+1"],"picked":"SKIP","floor":40.0},{"not_picked":["Carnage+1","Uppercut+1","Dual Wield+1"],"picked":"SKIP","floor":42},{"not_picked":["Clash+1","Burning Pact","True Grit"],"picked":"SKIP","floor":44},{"not_picked":["Rampage+1","Power Through+1"],"picked":"Thunderclap+1","floor":45},{"not_picked":["Clothesline+1","Clash+1"],"picked":"Sword Boomerang+1","floor":46}],"player_experience":17961,"relics_obtained":[{"floor":2.0,"key":"MawBank"},{"floor":7.0,"key":"Strawberry"},{"floor":9.0,"key":"Ornamental Fan"},{"floor":10.0,"key":"Molten Egg 2"},{"floor":17.0,"key":"Pen Nib"},{"floor":17.0,"key":"Mercury Hourglass"},{"floor":17.0,"key":"Peace Pipe"},{"floor":23.0,"key":"Pear"},{"floor":26.0,"key":"Bag of Preparation"},{"floor":28.0,"key":"Incense Burner"},{"floor":28.0,"key":"Matryoshka"},{"floor":40.0,"key":"Champion Belt"},{"floor":42,"key":"Kunai"},{"floor":43,"key":"Lantern"},{"floor":43,"key":"Vajra"},{"floor":45,"key":"Thread and Needle"},{"floor":47,"key":"Nunchaku"},{"floor":47,"key":"Paper Frog"}],"event_choices":[{"cards_removed":["Strike_R"],"damage_healed":0.0,"max_hp_gain":0.0,"max_hp_loss":0.0,"gold_gain":0.0,"event_name":"The Cleric","player_choice":"Card Removal","floor":3.0,"gold_loss":50.0,"damage_taken":0.0},{"damage_healed":0.0,"max_hp_gain":0.0,"max_hp_loss":0.0,"gold_gain":0.0,"event_name":"Big Fish","player_choice":"Box","floor":5.0,"gold_loss":0.0,"damage_taken":0.0,"relics_obtained":["Magic Flower"],"cards_obtained":["Regret"]},{"damage_healed":0.0,"max_hp_gain":0.0,"max_hp_loss":0.0,"gold_gain":0.0,"event_name":"Drug Dealer","player_choice":"Obtain J.A.X.","floor":20.0,"gold_loss":0.0,"damage_taken":0.0,"cards_obtained":["J.A.X."]},{"damage_healed":0.0,"max_hp_gain":5.0,"max_hp_loss":0.0,"gold_gain":0.0,"event_name":"Forgotten Altar","player_choice":"Shed Blood","floor":22.0,"gold_loss":0.0,"damage_taken":24.0},{"damage_healed":0.0,"max_hp_gain":0.0,"max_hp_loss":0.0,"gold_gain":0.0,"event_name":"Colosseum","player_choice":"Fight","floor":28.0,"gold_loss":0.0,"damage_taken":0.0},{"damage_healed":0.0,"max_hp_gain":0.0,"max_hp_loss":0.0,"gold_gain":0.0,"event_name":"Colosseum","player_choice":"Fought Nobs","floor":28.0,"gold_loss":0.0,"damage_taken":0.0},{"damage_healed":0.0,"max_hp_gain":0.0,"max_hp_loss":0.0,"gold_gain":0.0,"event_name":"Tomb of Lord Red Mask","player_choice":"Ignored","floor":36.0,"gold_loss":0.0,"damage_taken":0.0},{"cards_removed":["Thunderclap"],"damage_healed":5.0,"max_hp_gain":0.0,"max_hp_loss":0.0,"gold_gain":0.0,"event_name":"Bonfire Elementals","player_choice":"Offered Common","floor":38.0,"gold_loss":0.0,"damage_taken":0.0},{"cards_removed":["Thunderclap"],"damage_healed":5.0,"max_hp_gain":0.0,"max_hp_loss":0.0,"gold_gain":0.0,"event_name":"Bonfire Elementals","player_choice":"Offered Special","floor":38.0,"gold_loss":0.0,"damage_taken":0.0},{"damage_healed":0,"gold_gain":0,"player_choice":"Fight","damage_taken":0,"max_hp_gain":0,"max_hp_loss":0,"event_name":"MindBloom","floor":45,"gold_loss":0},{"damage_healed":28,"gold_gain":0,"player_choice":"Writhe","damage_taken":0,"max_hp_gain":0,"max_hp_loss":0,"event_name":"Winding Halls","floor":48,"gold_loss":0,"cards_obtained":["Writhe"]}],"is_beta":false,"boss_relics":[{"not_picked":["SacredBark","Snecko Eye"],"picked":"Calling Bell"},{"not_picked":["SlaversCollar","Sozu"],"picked":"Philosopher\u0027s Stone"}],"items_purged_floors":[25],"is_endless":false,"potions_floor_spawned":[1,7,11,16,18,23,28,29,31,35,37,40,44,45],"ascension_level":0}}