{"host":"uod8ea48n93qw90p","time":1613241634,"event":{"mods":["AchievementEnabler","BaseMod","Highlight Path","Minty Spire (QoL Compilation)","Relic Stats","StSLib","ojb\u0027s Info Mod"],"gold_per_floor":[111,129,129,141,141,175,175,32,32,61,71,96,114,125,125,229,229,246,120,195,212,12,39,54,81,108,118,18,45,67,89,101,214,226,253,282,294,319,1,1,15,40,40,67,67,100,100,116,116,116,116,116,19,45,45],"floor_reached":56,"language":"ENG","playtime":6735,"items_purged":["PathToVictory+1","Strike_P"],"score":1504,"play_id":"86fcae89-83f4-4371-bf64-208107967574","local_time":"20210213124034","is_ascension_mode":true,"campfire_choices":[{"data":"FlyingSleeves","floor":7.0,"key":"SMITH"},{"data":"CrushJoints","floor":15.0,"key":"SMITH"},{"data":"Sanctity","floor":32.0,"key":"SMITH"},{"data":"Blasphemy","floor":40.0,"key":"SMITH"},{"data":"WaveOfTheHand","floor":45,"key":"SMITH"},{"floor":49,"key":"RECALL"},{"data":"Vault","floor":52,"key":"SMITH"}],"circlet_count":0,"master_deck":["Defend_P","Defend_P","Eruption","Vigilance","FollowUp","FlyingSleeves+1","BowlingBash","CrushJoints+1","Vault+1","Protect","EmptyFist","WaveOfTheHand+1","ReachHeaven","Blasphemy+1","BattleHymn+1","FlurryOfBlows+1","ClearTheMind","FlurryOfBlows","Evaluate","EmptyFist","FearNoEvil","Tantrum","Meditate+1","Sanctity+1","ThirdEye","SpiritShield","FearNoEvil+1","ThirdEye+1","Impatience","EmptyMind+1","Halt","Protect","MentalFortress+1","LikeWater+1"],"relics":["Coffee Dripper","Kunai","Akabeko","Sling","Lantern","Sundial","Astrolabe","Toy Ornithopter","PreservedInsect","Bag of Marbles","MealTicket","MawBank","Cursed Key","Mercury Hourglass","Happy Flower","Lizard Tail","Centennial Puzzle","Pantograph"],"acts_visited":["Exordium","TheCity","TheBeyond","TheEnding"],"potions_floor_usage":[44,55,55,55],"damage_taken":[{"damage":0.0,"enemies":"Cultist","floor":1.0,"turns":4.0},{"damage":0.0,"enemies":"2 Louse","floor":2.0,"turns":3.0},{"damage":0.0,"enemies":"Jaw Worm","floor":4.0,"turns":2.0},{"damage":25.0,"enemies":"Gremlin Nob","floor":6.0,"turns":3.0},{"damage":0.0,"enemies":"Lagavulin","floor":10.0,"turns":2.0},{"damage":0.0,"enemies":"Gremlin Gang","floor":11.0,"turns":3.0},{"damage":0.0,"enemies":"Gremlin Nob","floor":12.0,"turns":3.0},{"damage":6.0,"enemies":"Exordium Wildlife","floor":13.0,"turns":4.0},{"damage":0.0,"enemies":"2 Fungi Beasts","floor":14.0,"turns":2.0},{"damage":14.0,"enemies":"The Guardian","floor":16.0,"turns":8.0},{"damage":10.0,"enemies":"Chosen","floor":18.0,"turns":3.0},{"damage":5.0,"enemies":"3 Byrds","floor":21.0,"turns":4.0},{"damage":6.0,"enemies":"Slavers","floor":23.0,"turns":2.0},{"damage":7.0,"enemies":"Centurion and Healer","floor":24.0,"turns":5.0},{"damage":0.0,"enemies":"Gremlin Leader","floor":25.0,"turns":4.0},{"damage":0.0,"enemies":"Snecko","floor":27.0,"turns":4.0},{"damage":0.0,"enemies":"Book of Stabbing","floor":29.0,"turns":2.0},{"damage":0.0,"enemies":"Sentry and Sphere","floor":30.0,"turns":3.0},{"damage":11.0,"enemies":"Snake Plant","floor":31.0,"turns":3.0},{"damage":29.0,"enemies":"Champ","floor":33.0,"turns":8.0},{"damage":13.0,"enemies":"3 Darklings","floor":35.0,"turns":4.0},{"damage":0.0,"enemies":"Orb Walker","floor":36.0,"turns":1.0},{"damage":17.0,"enemies":"Writhing Mass","floor":38.0,"turns":5.0},{"damage":0.0,"enemies":"Maw","floor":41.0,"turns":5.0},{"damage":0.0,"enemies":"Giant Head","floor":42.0,"turns":3.0},{"damage":0,"enemies":"Nemesis","floor":44,"turns":3},{"damage":0,"enemies":"Giant Head","floor":46,"turns":5},{"damage":0,"enemies":"Jaw Worm Horde","floor":48,"turns":2},{"damage":10,"enemies":"Awakened One","floor":50,"turns":13},{"damage":42,"enemies":"Shield and Spear","floor":54,"turns":6},{"damage":79,"enemies":"The Heart","floor":55,"turns":10}],"seed_played":"-8076093564701191604","potions_obtained":[{"floor":6.0,"key":"GamblersBrew"},{"floor":10.0,"key":"DuplicationPotion"},{"floor":14.0,"key":"DuplicationPotion"},{"floor":16.0,"key":"AttackPotion"},{"floor":23.0,"key":"GamblersBrew"},{"floor":25.0,"key":"Block Potion"},{"floor":31.0,"key":"DuplicationPotion"},{"floor":33.0,"key":"SteroidPotion"},{"floor":48,"key":"BlessingOfTheForge"}],"is_trial":false,"path_per_floor":["M","M","T","M","?","E","R","$","T","E","M","E","M","M","R","B",null,"M","$","?","M","$","E","M","E","T","M","$","E","M","M","R","B",null,"M","M","?","M","$","R","M","E","T","E","R","E","?","M","R","B",null,"R","$","E","B",null],"character_chosen":"WATCHER","items_purchased":["Sling","FlurryOfBlows","Toy Ornithopter","EmptyFist","Mercury Hourglass","Halt","Protect","CultistPotion"],"campfire_rested":0,"item_purchase_floors":[8,19,22,22,39,39,39,53],"current_hp_per_floor":[72,72,72,72,72,47,47,47,47,47,47,47,41,41,41,27,72,62,62,55,50,50,49,42,42,42,42,57,57,57,51,51,27,72,59,59,54,37,52,52,52,52,52,57,57,57,57,57,57,47,72,72,72,30,38],"gold":45,"neow_bonus":"BOSS_RELIC","is_daily":false,"chose_seed":false,"campfire_upgraded":6,"win_rate":0.0,"timestamp":1613241634,"path_taken":["M","M","?","?","?","E","R","$","T","E","M","E","M","M","R","BOSS","M","?","?","M","$","E","M","E","T","?","$","E","M","?","R","BOSS","M","M","?","M","$","R","M","E","T","E","R","E","?","?","R","BOSS","R","$","E","BOSS"],"items_purchased_type":["Relic","Card","Relic","Card","Relic","Card","Card","Potion"],"build_version":"2020-12-22","purchased_purges":2,"victory":true,"max_hp_per_floor":[72,72,72,72,72,72,72,72,72,72,72,72,72,72,72,72,72,72,72,72,72,72,72,72,72,72,72,72,72,72,72,72,72,72,72,72,72,72,72,72,72,72,72,72,72,72,72,72,72,72,72,72,72,72,72],"relic_stats":{"Happy Flower":[13],"counters":[31,129],"Astrolabe":["BattleHymn","FlurryOfBlows","PathToVictory"],"PreservedInsect":450,"MawBank":120,"Cursed Key":0,"Mercury Hourglass":[151],"Lizard Tail":36,"Centennial Puzzle":[9],"Sundial":[6],"Pantograph":25,"MealTicket":30,"Kunai":[99],"obtain_stats":[{"Lantern":10,"Happy Flower":42,"Astrolabe":17,"PreservedInsect":23,"Sling":8,"MawBank":29,"Cursed Key":34,"Akabeko":6,"Mercury Hourglass":39,"Lizard Tail":44,"Centennial Puzzle":46,"Sundial":12,"Pantograph":54,"MealTicket":26,"Coffee Dripper":0,"Bag of Marbles":25,"Kunai":3,"PureWater":0,"Toy Ornithopter":22},{"Lantern":5,"Happy Flower":25,"Astrolabe":10,"PreservedInsect":13,"Sling":4,"MawBank":17,"Cursed Key":20,"Akabeko":4,"Mercury Hourglass":23,"Lizard Tail":26,"Centennial Puzzle":27,"Sundial":7,"Pantograph":30,"MealTicket":15,"Coffee Dripper":0,"Bag of Marbles":15,"Kunai":2,"PureWater":0,"Toy Ornithopter":12},{"Lantern":14,"Happy Flower":90,"Astrolabe":34,"PreservedInsect":43,"Sling":12,"MawBank":58,"Cursed Key":72,"Akabeko":12,"Mercury Hourglass":82,"Lizard Tail":93,"Centennial Puzzle":98,"Sundial":20,"Pantograph":119,"MealTicket":52,"Coffee Dripper":0,"Bag of Marbles":52,"Kunai":7,"PureWater":0,"Toy Ornithopter":41}],"Toy Ornithopter":35},"card_choices":[{"not_picked":["Halt","Pray"],"picked":"FollowUp","floor":1.0},{"not_picked":["Pray","Evaluate"],"picked":"FlyingSleeves","floor":2.0},{"not_picked":["MasterReality","Prostrate"],"picked":"BowlingBash","floor":4.0},{"not_picked":["Prostrate","CrushJoints","WreathOfFlame"],"picked":"SKIP","floor":6.0},{"not_picked":["FlurryOfBlows","PathToVictory"],"picked":"Vault","floor":10.0},{"not_picked":["Adaptation","FollowUp"],"picked":"Protect","floor":11.0},{"not_picked":["ClearTheMind","Collect"],"picked":"EmptyFist","floor":12.0},{"not_picked":["Perseverance","Evaluate"],"picked":"WaveOfTheHand","floor":13.0},{"not_picked":["EmptyFist","Protect"],"picked":"ReachHeaven","floor":14.0},{"not_picked":["Omniscience","Alpha"],"picked":"Blasphemy","floor":16.0},{"not_picked":["SashWhip","CrushJoints+1"],"picked":"ClearTheMind","floor":18.0},{"not_picked":["Prostrate","FlyingSleeves+1"],"picked":"Evaluate","floor":21.0},{"not_picked":["Crescendo","ClearTheMind","CrushJoints+1"],"picked":"SKIP","floor":23.0},{"not_picked":["Weave","FlurryOfBlows"],"picked":"FearNoEvil","floor":24.0},{"not_picked":["Judgement","PathToVictory+1","SashWhip+1"],"picked":"SKIP","floor":25.0},{"not_picked":["CutThroughFate","WheelKick"],"picked":"Tantrum","floor":27.0},{"not_picked":["CutThroughFate","Worship+1"],"picked":"Meditate+1","floor":29.0},{"not_picked":["CutThroughFate","Tantrum"],"picked":"Sanctity","floor":30.0},{"not_picked":["Consecrate","JustLucky"],"picked":"ThirdEye","floor":31.0},{"not_picked":["DevaForm","Omniscience"],"picked":"SpiritShield","floor":33.0},{"not_picked":["SashWhip","Prostrate"],"picked":"FearNoEvil+1","floor":35.0},{"not_picked":["FlurryOfBlows","Tantrum+1"],"picked":"ThirdEye+1","floor":36.0},{"not_picked":["Good Instincts","Swift Strike"],"picked":"Impatience","floor":37.0},{"not_picked":["FearNoEvil+1","Nirvana"],"picked":"EmptyMind+1","floor":38.0},{"not_picked":["Worship","ClearTheMind+1","PathToVictory+1"],"picked":"SKIP","floor":41.0},{"not_picked":["Consecrate","JustLucky","FlyingSleeves+1"],"picked":"SKIP","floor":42.0},{"not_picked":["Pray","Swivel"],"picked":"MentalFortress+1","floor":44},{"not_picked":["Perseverance+1","Halt","WaveOfTheHand+1"],"picked":"SKIP","floor":46},{"not_picked":["Halt","ClearTheMind","FlyingSleeves+1"],"picked":"SKIP","floor":48},{"not_picked":["Perseverance","CutThroughFate"],"picked":"LikeWater+1","floor":54}],"player_experience":124430,"relics_obtained":[{"floor":3.0,"key":"Kunai"},{"floor":6.0,"key":"Akabeko"},{"floor":10.0,"key":"Lantern"},{"floor":12.0,"key":"Sundial"},{"floor":23.0,"key":"PreservedInsect"},{"floor":25.0,"key":"Bag of Marbles"},{"floor":26.0,"key":"MealTicket"},{"floor":29.0,"key":"MawBank"},{"floor":42.0,"key":"Happy Flower"},{"floor":44,"key":"Lizard Tail"},{"floor":46,"key":"Centennial Puzzle"},{"floor":54,"key":"Pantograph"}],"event_choices":[{"damage_healed":0.0,"max_hp_gain":0.0,"max_hp_loss":0.0,"gold_gain":0.0,"cards_transformed":["Defend_P"],"event_name":"Transmorgrifier","player_choice":"Transformed","floor":5.0,"gold_loss":0.0,"damage_taken":0.0,"cards_obtained":["CrushJoints"]},{"damage_healed":0.0,"max_hp_gain":0.0,"max_hp_loss":0.0,"gold_gain":75.0,"event_name":"FaceTrader","player_choice":"Touch","floor":20.0,"gold_loss":0.0,"damage_taken":7.0},{"damage_healed":0.0,"max_hp_gain":0.0,"max_hp_loss":0.0,"gold_gain":0.0,"event_name":"SensoryStone","player_choice":"Memory 2","floor":37.0,"gold_loss":0.0,"damage_taken":5.0},{"cards_removed":["Strike_P"],"damage_healed":0,"gold_gain":0,"player_choice":"Purged","damage_taken":0,"max_hp_gain":0,"max_hp_loss":0,"event_name":"Purifier","floor":47,"gold_loss":0}],"is_beta":false,"boss_relics":[{"not_picked":["Empty Cage","Philosopher\u0027s Stone"],"picked":"Astrolabe"},{"not_picked":["Fusion Hammer","Runic Pyramid"],"picked":"Cursed Key"}],"items_purged_floors":[19,28],"is_endless":false,"potions_floor_spawned":[6,10,14,16,21,23,25,31,33,36,41,48],"ascension_level":1}}