{"host":"y27lpgkuecypkeb8","time":1613254606,"event":{"mods":["AchievementEnabler","BaseMod","Better Sensory Stone","Better Skull","Colored Map","Colored Powertips","DeckTracker","Highlight Path","Infinite Spire","Minty Spire (QoL Compilation)","Permanent Neow","Relic Sorter","Replay The Spire","Spicy Shops","StSLib","The Servant 0.9.4"],"gold_per_floor":[112,21,36,56,69,98,98,98,121,121,121,134,146,146,146,251,251,261,186,18,18,18,18],"floor_reached":22,"language":"ENG","playtime":1885,"items_purged":["Delirium"],"score":184,"play_id":"7c395440-d28a-419f-95bd-13ebf1b1a472","local_time":"20210214061646","is_ascension_mode":false,"campfire_choices":[{"floor":7,"key":"REST"},{"data":"Starlight","floor":10,"key":"SMITH"},{"floor":15,"key":"REST"}],"circlet_count":0,"master_deck":["Strike_S","Strike_S","Strike_S","Strike_S","Defend_S","Defend_S","Defend_S","Defend_S","KidneyShot","Exchange","Defy","SilverBlades","Defy","Ricochet","Moonlight","Starlight+1","Delirium","Advance","GearUp","Ricochet","Pain","Starlight+1","Bandage Up"],"relics":["Uniform","infinitespire:Lucky Rock","Regal Pillow","Ring of Fury","Dream Catcher","Happy Flower","Replay:Ancient Bell","Gremlin Food","Replay:Bottled Steam","Counterbalance"],"acts_visited":["Exordium","TheCity"],"potions_floor_usage":[],"damage_taken":[{"damage":6,"enemies":"2 Louse","floor":1,"turns":3},{"damage":3,"enemies":"Small Slimes","floor":3,"turns":5},{"damage":7,"enemies":"infinitespire:Voidling","floor":4,"turns":4},{"damage":8,"enemies":"Red Slaver","floor":5,"turns":4},{"damage":12,"enemies":"Replay:BlueRogue","floor":6,"turns":11},{"damage":0,"enemies":"Exordium Wildlife","floor":12,"turns":2},{"damage":0,"enemies":"Gremlin Gang","floor":13,"turns":1},{"damage":21,"enemies":"Slime Boss","floor":16,"turns":9},{"damage":15,"enemies":"Shell Parasite","floor":18,"turns":5},{"damage":56,"enemies":"3 Byrds","floor":22,"turns":7}],"seed_played":"4577060952167656162","potions_obtained":[{"floor":5,"key":"Milkshake"},{"floor":6,"key":"GamblersBrew"},{"floor":16,"key":"Weak Potion"}],"is_trial":false,"path_per_floor":["M","$","M","M","M","E","R","?","T","R","?","M","M","?","R","B",null,"M","?","$","?","M"],"character_chosen":"THE_SERVANT","items_purchased":["SilverBlades","Defy","Bandage Up"],"campfire_rested":2,"item_purchase_floors":[2,2,20],"current_hp_per_floor":[59,59,56,56,48,36,65,65,65,65,48,48,48,30,64,43,65,50,50,50,50,0,0],"gold":18,"neow_bonus":"RANDOM_COMMON_RELIC","is_daily":false,"chose_seed":false,"campfire_upgraded":1,"win_rate":0.0,"timestamp":1613254606,"path_taken":["M","$","M","M","M","E","R","?","T","R","?","M","M","?","R","BOSS","M","?","$","?","M"],"items_purchased_type":["Card","Card","Card"],"build_version":"2020-12-22","purchased_purges":1,"victory":false,"max_hp_per_floor":[65,65,65,65,65,65,65,65,65,65,65,65,65,65,65,65,65,65,65,65,65,65,65],"card_choices":[{"not_picked":["FastForward","Ricochet"],"picked":"Defy","floor":1},{"not_picked":["Rearm","Unruled"],"picked":"Ricochet","floor":3},{"not_picked":["DoubleEdge","Misdirection"],"picked":"Moonlight","floor":4},{"not_picked":["DoubleEdge","Gouge","Hightail"],"picked":"SKIP","floor":5},{"not_picked":["BottledTime","Duplication"],"picked":"Starlight","floor":6},{"not_picked":["infinitespire:DeathsTouch","ReplayTheSpireMod:Chaos Vortex"],"picked":"infinitespire:SealOfDarkness+","floor":11},{"not_picked":["MoonPhase","Potential"],"picked":"Advance","floor":12},{"not_picked":["Replace","Alleviate"],"picked":"GearUp","floor":13},{"not_picked":["Potential","Gouge"],"picked":"Ricochet","floor":15},{"not_picked":["Looming Evil","Pain"],"picked":"Hallucinations","floor":17},{"not_picked":["ReplayTheSpireMod:Restless Dread","AbeCurse"],"picked":"Pain","floor":17},{"not_picked":["Amnesia","Parasite"],"picked":"Delirium","floor":17},{"not_picked":["Rewind","Alleviate"],"picked":"Starlight+1","floor":18}],"player_experience":16538,"relics_obtained":[{"floor":6,"key":"Regal Pillow"},{"floor":8,"key":"Ring of Fury"},{"floor":9,"key":"Dream Catcher"}],"event_choices":[{"damage_healed":0,"gold_gain":0,"player_choice":"Success","damage_taken":18,"relics_obtained":["Happy Flower"],"max_hp_gain":0,"max_hp_loss":0,"event_name":"Scrap Ooze","floor":14,"gold_loss":0},{"cards_removed":["Hallucinations"],"damage_healed":0,"gold_gain":0,"player_choice":"Gave Gold","damage_taken":0,"max_hp_gain":0,"max_hp_loss":0,"event_name":"Beggar","floor":19,"gold_loss":75}],"is_beta":false,"boss_relics":[{"not_picked":["Replay:Bronze Core","Coffee Dripper"],"picked":"Replay:Ancient Bell"},{"not_picked":["War Paint","Simple Rune"],"picked":"Gremlin Food"},{"not_picked":["Meat on the Bone","Replay:Accelerometer"],"picked":"Replay:Bottled Steam"},{"not_picked":["Bird Faced Urn","Replay:Towering Pillar of Hats"],"picked":"Counterbalance"}],"items_purged_floors":[20],"is_endless":false,"potions_floor_spawned":[5,6,16,18],"killed_by":"3 Byrds","ascension_level":0}}