{"host":"gbbz8f5svnnpwo8d","time":1613242777,"event":{"mods":["AchievementEnabler","AlwaysNeverKeys","BaseMod","Bestiary","Better Altar","Better Match","Better Note","Better Sensory Stone","Better Silent Start","Better Skull","Better Third Choice","Better Vampires","Better-Laid Plans","BetterRewards","Block Reminder","Bossed Relics","Colored Map","Colored Powertips","Curses Come First","Dark Map","Displayed Cursed Tome","GifTheSpireLib","Minty Spire (QoL Compilation)","MonsterHotkey","Permanent Neow","Potion Indicator Mod","Quick Restart","Random Character Button","Rare Cards Sparkle","Relic Stats","Shop Mod","Spicy Shops","Spire Birthday Party","StSLib","Transform Curses"],"gold_per_floor":[114,4,4,4,24,24,24,24,24,24,24,24,47,85,85,216,216,240,253,253,274,274,274,314,314,314,348,348,363,363,363,363,487,487,506,839,839,851,900,900,900],"floor_reached":40,"language":"ENG","playtime":10486,"items_purged":[],"score":568,"play_id":"c6827f11-2a19-4035-a81a-17fc8a610cc6","local_time":"20210213115937","is_ascension_mode":false,"campfire_choices":[{"data":"Chaos","floor":6.0,"key":"SMITH"},{"data":"White Noise","floor":8.0,"key":"SMITH"},{"data":"Zap","floor":15.0,"key":"SMITH"},{"data":"Fission","floor":23.0,"key":"SMITH"},{"floor":25.0,"key":"REST"},{"data":"Dualcast","floor":28.0,"key":"SMITH"},{"data":"Aggregate","floor":32,"key":"SMITH"}],"circlet_count":0,"master_deck":["Strike_B","Strike_B","Strike_B","Strike_B","Defend_B","Defend_B","Defend_B","Defend_B","Zap+1","Dualcast+1","Sunder","Chaos+1","Capacitor+1","White Noise+1","Defragment+1","Auto Shields","BootSequence","Fission+1","BootSequence+1","Defragment+1","Undo","Aggregate+1","Echo Form+1","All For One","Madness","Madness","Streamline"],"relics":["Cracked Core","Membership Card","FossilizedHelix","Frozen Egg 2","Lee\u0027s Waffle","Regal Pillow","Kunai","Oddly Smooth Stone","Busted Crown","Orichalcum","Dream Catcher","Darkstone Periapt","Cursed Key","TungstenRod"],"acts_visited":["Exordium","TheCity","TheBeyond"],"potions_floor_usage":[33,39],"damage_taken":[{"damage":1.0,"enemies":"Cultist","floor":1.0,"turns":3.0},{"damage":0.0,"enemies":"Jaw Worm","floor":5.0,"turns":3.0},{"damage":10.0,"enemies":"Small Slimes","floor":13.0,"turns":2.0},{"damage":2.0,"enemies":"Gremlin Nob","floor":14.0,"turns":4.0},{"damage":23.0,"enemies":"Slime Boss","floor":16.0,"turns":8.0},{"damage":0.0,"enemies":"Spheric Guardian","floor":18.0,"turns":4.0},{"damage":10.0,"enemies":"Chosen","floor":19.0,"turns":5.0},{"damage":4.0,"enemies":"Snake Plant","floor":21.0,"turns":5.0},{"damage":22.0,"enemies":"Slavers","floor":24.0,"turns":7.0},{"damage":15.0,"enemies":"Book of Stabbing","floor":27.0,"turns":5.0},{"damage":1.0,"enemies":"Centurion and Healer","floor":29.0,"turns":7.0},{"damage":29,"enemies":"Collector","floor":33,"turns":13},{"damage":9,"enemies":"3 Darklings","floor":35,"turns":6},{"damage":20,"enemies":"Orb Walker","floor":38,"turns":5},{"damage":40,"enemies":"2 Orb Walkers","floor":39,"turns":5},{"damage":31,"enemies":"Nemesis","floor":40,"turns":7}],"seed_played":"3664131367554278939","potions_obtained":[{"floor":1.0,"key":"Strength Potion"},{"floor":3.0,"key":"EssenceOfDarkness"},{"floor":3.0,"key":"Swift Potion"},{"floor":13.0,"key":"BlessingOfTheForge"},{"floor":16.0,"key":"Block Potion"},{"floor":19.0,"key":"Energy Potion"},{"floor":33,"key":"PowerPotion"}],"is_trial":false,"path_per_floor":["M","$","?","$","M","R","$","R","T","T","?","$","M","E","R","B",null,"M","M","?","M","?","R","E","R","T","E","R","M","?","?","R","B",null,"M","?","?","M","?","E"],"character_chosen":"DEFECT","items_purchased":["Membership Card","Sunder","Frozen Egg 2","Chaos","Capacitor+1","Defragment+1","Lee\u0027s Waffle"],"campfire_rested":1,"item_purchase_floors":[0,0,0,0,0,2,2],"current_hp_per_floor":[62,82,82,82,82,82,82,82,82,82,62,62,52,50,50,27,82,82,72,72,68,68,68,46,82,82,67,67,66,50,77,77,48,82,73,73,63,43,3,0,0],"gold":900,"neow_bonus":"","is_daily":false,"chose_seed":false,"campfire_upgraded":6,"win_rate":0.0,"timestamp":1613242777,"path_taken":["M","$","?","?","M","R","$","R","T","?","?","$","?","E","R","BOSS","M","M","?","M","?","R","E","R","T","E","R","M","?","?","R","BOSS","M","?","?","M","?","E"],"items_purchased_type":["Relic","Card","Relic","Card","Card","Card","Relic"],"build_version":"2020-12-22","purchased_purges":0,"victory":false,"max_hp_per_floor":[75,82,82,82,82,82,82,82,82,82,82,82,82,82,82,82,82,82,82,82,82,82,82,82,82,82,82,82,82,82,82,82,82,82,82,82,82,82,82,82,82],"relic_stats":{"Darkstone Periapt":0,"Lee\u0027s Waffle":20,"Regal Pillow":12,"Dream Catcher":0,"Busted Crown":20,"counters":[75,343],"Kunai":[30],"Orichalcum":[54],"Cursed Key":0,"obtain_stats":[{"Ice Cream":0,"Darkstone Periapt":27,"Regal Pillow":43,"Lantern":7,"Mango":38,"Juzu Bracelet":36,"Cursed Key":17,"Sozu":34,"Blood Vial":9,"Dream Catcher":26,"FaceOfCleric":21,"MealTicket":26,"Fusion Hammer":17,"Red Mask":45,"Kunai":10,"Cracked Core":0,"MerchantsRug":0,"Lee\u0027s Waffle":38,"Happy Flower":13,"Golden Idol":2,"Oddly Smooth Stone":38,"Eternal Feather":23,"PreservedInsect":19,"The Courier":27,"Odd Mushroom":7,"Orichalcum":6,"War Paint":13,"Frozen Egg 2":0,"Question Card":9,"Peace Pipe":0,"SlaversCollar":17,"Cauldron":0,"Busted Crown":17,"Shuriken":0,"Bloody Idol":21,"betterThird:SlimedRelic":10,"Art of War":9,"Nloth\u0027s Gift":21,"Membership Card":0,"Symbiotic Virus":0,"TungstenRod":26,"Toy Ornithopter":21,"FossilizedHelix":0},{"Ice Cream":24,"Darkstone Periapt":69,"Regal Pillow":20,"Lantern":39,"Mango":19,"Juzu Bracelet":18,"Cursed Key":8,"Sozu":17,"Blood Vial":51,"Dream Catcher":68,"FaceOfCleric":44,"MealTicket":55,"Fusion Hammer":52,"Red Mask":21,"Kunai":61,"Cracked Core":0,"MerchantsRug":0,"Lee\u0027s Waffle":19,"Happy Flower":6,"Golden Idol":36,"Oddly Smooth Stone":19,"Eternal Feather":45,"PreservedInsect":53,"The Courier":56,"Odd Mushroom":4,"Orichalcum":39,"War Paint":51,"Frozen Egg 2":59,"Question Card":29,"Peace Pipe":0,"SlaversCollar":32,"Cauldron":46,"Busted Crown":64,"Shuriken":24,"Bloody Idol":34,"betterThird:SlimedRelic":51,"Art of War":4,"Nloth\u0027s Gift":10,"Membership Card":59,"Symbiotic Virus":0,"TungstenRod":45,"Toy Ornithopter":53,"FossilizedHelix":59},{"Ice Cream":91,"Darkstone Periapt":300,"Regal Pillow":74,"Lantern":149,"Mango":68,"Juzu Bracelet":64,"Cursed Key":21,"Sozu":60,"Blood Vial":205,"Dream Catcher":295,"FaceOfCleric":177,"MealTicket":228,"Fusion Hammer":214,"Red Mask":79,"Kunai":260,"Cracked Core":0,"MerchantsRug":0,"Lee\u0027s Waffle":68,"Happy Flower":13,"Golden Idol":137,"Oddly Smooth Stone":68,"Eternal Feather":182,"PreservedInsect":218,"The Courier":233,"Odd Mushroom":9,"Orichalcum":149,"War Paint":205,"Frozen Egg 2":254,"Question Card":104,"Peace Pipe":0,"SlaversCollar":123,"Cauldron":191,"Busted Crown":274,"Shuriken":91,"Bloody Idol":130,"betterThird:SlimedRelic":205,"Art of War":9,"Nloth\u0027s Gift":29,"Membership Card":254,"Symbiotic Virus":0,"TungstenRod":182,"Toy Ornithopter":218,"FossilizedHelix":254}],"TungstenRod":48},"card_choices":[{"not_picked":["Gash","Compile Driver"],"picked":"White Noise","floor":1.0},{"not_picked":["Steam","Gash"],"picked":"Auto Shields","floor":5.0},{"not_picked":["Steam","Auto Shields"],"picked":"BootSequence","floor":13.0},{"not_picked":["Compile Driver","Hyperbeam","Coolheaded"],"picked":"SKIP","floor":14.0},{"not_picked":["Biased Cognition+1","Thunder Strike"],"picked":"Fission","floor":16.0},{"not_picked":["Streamline"],"picked":"SKIP","floor":18.0},{"not_picked":[],"picked":"BootSequence+1","floor":19.0},{"not_picked":["Stack"],"picked":"SKIP","floor":21.0},{"not_picked":[],"picked":"Defragment+1","floor":24.0},{"not_picked":[],"picked":"Undo","floor":27.0},{"not_picked":[],"picked":"Aggregate","floor":29.0},{"not_picked":[],"picked":"All For One","floor":33},{"not_picked":["Sweeping Beam+1"],"picked":"SKIP","floor":35},{"not_picked":["Go for the Eyes+1"],"picked":"SKIP","floor":38},{"not_picked":[],"picked":"Streamline","floor":39}],"player_experience":3764255,"relics_obtained":[{"floor":9.0,"key":"Regal Pillow"},{"floor":10.0,"key":"Kunai"},{"floor":14.0,"key":"Oddly Smooth Stone"},{"floor":24.0,"key":"Orichalcum"},{"floor":26.0,"key":"Dream Catcher"},{"floor":27.0,"key":"Darkstone Periapt"},{"floor":39,"key":"TungstenRod"}],"event_choices":[{"damage_healed":0.0,"max_hp_gain":0.0,"max_hp_loss":0.0,"gold_gain":0.0,"event_name":"Lab","player_choice":"Got Potions","floor":3.0,"gold_loss":0.0,"damage_taken":0.0},{"damage_healed":0.0,"max_hp_gain":0.0,"max_hp_loss":0.0,"gold_gain":0.0,"event_name":"Golden Idol","player_choice":"Take Damage","floor":11.0,"gold_loss":0.0,"damage_taken":20.0,"relics_obtained":["Golden Idol"]},{"cards_removed":["Decay"],"damage_healed":0.0,"max_hp_gain":0.0,"max_hp_loss":0.0,"gold_gain":0.0,"event_name":"Fountain of Cleansing","player_choice":"Removed Curses","floor":20.0,"gold_loss":0.0,"damage_taken":0.0},{"cards_removed":["Strike_B"],"damage_healed":0.0,"max_hp_gain":0.0,"max_hp_loss":0.0,"gold_gain":0.0,"event_name":"betterNote:BetterNote","player_choice":"Give","floor":22.0,"gold_loss":0.0,"damage_taken":0.0,"cards_obtained":["Strike_R"]},{"damage_healed":0,"gold_gain":2,"player_choice":"2","damage_taken":0,"max_hp_gain":0,"max_hp_loss":16,"event_name":"betterStone:BetterStone","floor":30,"gold_loss":0},{"damage_healed":27,"gold_gain":0,"player_choice":"Heal","damage_taken":0,"max_hp_gain":0,"max_hp_loss":0,"event_name":"The Library","floor":31,"gold_loss":0},{"damage_healed":0,"gold_gain":333,"player_choice":"Gave Idol","damage_taken":0,"max_hp_gain":0,"max_hp_loss":0,"event_name":"The Moai Head","floor":36,"relics_lost":["Golden Idol"],"gold_loss":0},{"damage_healed":0,"gold_gain":0,"player_choice":"Embrace Madness","damage_taken":10,"max_hp_gain":0,"max_hp_loss":0,"event_name":"Winding Halls","floor":37,"gold_loss":0,"cards_obtained":["Madness","Madness"]},{"damage_healed":0,"gold_gain":0,"player_choice":"Fight","damage_taken":0,"max_hp_gain":0,"max_hp_loss":0,"event_name":"Mysterious Sphere","floor":39,"gold_loss":0}],"is_beta":false,"boss_relics":[{"not_picked":["SacredBark","Fusion Hammer"],"picked":"Busted Crown"},{"not_picked":["Empty Cage","SlaversCollar"],"picked":"Cursed Key"}],"items_purged_floors":[],"is_endless":false,"potions_floor_spawned":[1,13,16,19,29,33,38],"killed_by":"Nemesis","ascension_level":0}}