{"host":"fbdlh90rovbiajun","time":1613193573,"event":{"mods":["AchievementEnabler","BaseMod","Colored Map","Keyboard Shortcuts","Minty Spire (QoL Compilation)","SuperFastMode"],"gold_per_floor":[113,113,113,138,202,202,202,217,267,267,292,292,316,331,331,459,522,538,538,561,267,285,285,285,185,209,222,285,298,371,421,421],"floor_reached":31,"language":"KOR","playtime":1256,"items_purged":["Strike_R","Defend_R"],"score":229,"play_id":"85e94f43-99bb-42d1-8a17-908942c0d328","local_time":"20210213141933","is_ascension_mode":false,"campfire_choices":[{"data":"Flex","floor":6,"key":"SMITH"},{"data":"Headbutt","floor":10,"key":"SMITH"},{"data":"Pommel Strike","floor":12,"key":"SMITH"},{"data":"Infernal Blade","floor":15,"key":"SMITH"},{"data":"Searing Blow","floor":23,"key":"SMITH"}],"circlet_count":0,"master_deck":["Strike_R","Strike_R","Strike_R","Strike_R","Defend_R","Defend_R","Defend_R","Bash+1","Flex+1","Flex","Headbutt+1","Pommel Strike+1","Infernal Blade+1","Intimidate+1","Reaper","Shrug It Off+1","Searing Blow+1","Headbutt"],"relics":["Burning Blood","NeowsBlessing","Golden Idol","Potion Belt","Tiny House","Toy Ornithopter","SsserpentHead","MealTicket","PreservedInsect"],"acts_visited":["Exordium","TheCity"],"potions_floor_usage":[20,28,29,29],"damage_taken":[{"damage":0,"enemies":"Cultist","floor":1,"turns":1},{"damage":0,"enemies":"2 Louse","floor":4,"turns":1},{"damage":0,"enemies":"Jaw Worm","floor":8,"turns":1},{"damage":11,"enemies":"Exordium Wildlife","floor":11,"turns":3},{"damage":9,"enemies":"2 Fungi Beasts","floor":13,"turns":3},{"damage":7,"enemies":"3 Louse","floor":14,"turns":2},{"damage":38,"enemies":"Slime Boss","floor":16,"turns":9},{"damage":25,"enemies":"Spheric Guardian","floor":18,"turns":4},{"damage":30,"enemies":"Shell Parasite","floor":20,"turns":8},{"damage":45,"enemies":"Centurion and Healer","floor":22,"turns":7},{"damage":35,"enemies":"Chosen and Byrds","floor":27,"turns":6},{"damage":21,"enemies":"Snake Plant","floor":28,"turns":4},{"damage":13,"enemies":"Shelled Parasite and Fungi","floor":29,"turns":6},{"damage":30,"enemies":"Sentry and Sphere","floor":31,"turns":3}],"seed_played":"-3990914060578784801","potions_obtained":[{"floor":7,"key":"HeartOfIron"},{"floor":7,"key":"LiquidBronze"},{"floor":7,"key":"Dexterity Potion"},{"floor":11,"key":"LiquidMemories"},{"floor":13,"key":"SteroidPotion"},{"floor":14,"key":"BloodPotion"},{"floor":20,"key":"BlessingOfTheForge"},{"floor":29,"key":"Fruit Juice"}],"is_trial":false,"path_per_floor":["M","?","?","M","?","R","?","M","T","R","M","R","M","M","R","B",null,"M","?","M","$","M","R","?","$","T","M","M","M","T","M"],"character_chosen":"IRONCLAD","items_purchased":["Searing Blow","Toy Ornithopter"],"campfire_rested":0,"item_purchase_floors":[21,21],"current_hp_per_floor":[80,60,60,66,66,66,66,72,72,72,67,67,64,63,63,31,85,66,66,42,42,23,23,23,23,23,14,21,24,24,0,0],"gold":421,"neow_bonus":"THREE_ENEMY_KILL","is_daily":false,"chose_seed":false,"campfire_upgraded":5,"win_rate":0.0,"timestamp":1613193573,"path_taken":["M","?","?","M","?","R","?","M","T","R","?","R","M","M","R","BOSS","M","?","M","$","M","R","?","$","T","M","?","M","?","?"],"items_purchased_type":["Card","Relic"],"build_version":"2020-12-22","purchased_purges":2,"victory":false,"max_hp_per_floor":[80,80,80,80,80,80,80,80,80,80,80,80,80,80,80,80,85,85,85,85,85,85,85,85,85,85,85,85,85,85,85,85],"card_choices":[{"not_picked":["True Grit","Carnage"],"picked":"Flex","floor":1},{"not_picked":["Fire Breathing","Combust"],"picked":"Flex","floor":4},{"not_picked":["Dual Wield","Twin Strike"],"picked":"Headbutt","floor":8},{"not_picked":["Armaments","Sword Boomerang"],"picked":"Pommel Strike","floor":11},{"not_picked":["Bloodletting","Shrug It Off"],"picked":"Infernal Blade","floor":13},{"not_picked":["Headbutt","Cleave"],"picked":"Intimidate","floor":14},{"not_picked":["Feed","Barricade"],"picked":"Reaper","floor":16},{"not_picked":["Inflame","Rupture"],"picked":"Shrug It Off+1","floor":17},{"not_picked":["Combust","Rupture","Burning Pact"],"picked":"SKIP","floor":18},{"not_picked":["True Grit","Fire Breathing","Dropkick"],"picked":"SKIP","floor":20},{"not_picked":["Second Wind","Thunderclap","Feel No Pain"],"picked":"SKIP","floor":22},{"not_picked":["Hemokinesis","Carnage"],"picked":"Headbutt","floor":27},{"not_picked":["Rupture+1","Fire Breathing+1","Shockwave"],"picked":"SKIP","floor":28},{"not_picked":["Dark Embrace+1","Pummel","Cleave"],"picked":"SKIP","floor":29}],"player_experience":19003,"relics_obtained":[{"floor":9,"key":"Potion Belt"},{"floor":26,"key":"MealTicket"},{"floor":30,"key":"PreservedInsect"}],"event_choices":[{"damage_healed":0,"gold_gain":0,"player_choice":"Take Damage","damage_taken":20,"relics_obtained":["Golden Idol"],"max_hp_gain":0,"max_hp_loss":0,"event_name":"Golden Idol","floor":2,"gold_loss":0},{"damage_healed":0,"gold_gain":0,"player_choice":"Grow","damage_taken":0,"max_hp_gain":0,"max_hp_loss":0,"event_name":"Living Wall","floor":3,"gold_loss":0,"cards_upgraded":["Bash"]},{"damage_healed":0,"gold_gain":64,"player_choice":"Gained Gold","damage_taken":0,"max_hp_gain":0,"max_hp_loss":0,"event_name":"Golden Wing","floor":5,"gold_loss":0},{"damage_healed":0,"gold_gain":0,"player_choice":"Got Potions","damage_taken":0,"max_hp_gain":0,"max_hp_loss":0,"event_name":"Lab","floor":7,"gold_loss":0},{"damage_healed":0,"gold_gain":0,"player_choice":"Ignored","damage_taken":0,"max_hp_gain":0,"max_hp_loss":0,"event_name":"Vampires","floor":19,"gold_loss":0},{"damage_healed":0,"gold_gain":0,"player_choice":"Trade","damage_taken":0,"relics_obtained":["SsserpentHead"],"max_hp_gain":0,"max_hp_loss":0,"event_name":"FaceTrader","floor":24,"gold_loss":0}],"is_beta":false,"boss_relics":[{"not_picked":["Runic Cube","Cursed Key"],"picked":"Tiny House"}],"items_purged_floors":[21,25],"is_endless":false,"potions_floor_spawned":[11,13,14,16,20,29],"killed_by":"Sentry and Sphere","ascension_level":0}}