{"host":"ucgrft0m53zzt06v","time":1613196269,"event":{"mods":["BaseMod","Colored Map","Colored Powertips","Conspire","HololiveMod","KinomotoSakuraMod(木之本樱)","Lobotomy","Minty Spire (QoL Compilation)","Quick Restart","Replay The Spire","Shop Mod","Spicy Shops","StSLib","Td1madao Mod","The Senshi","Waifu the Spire","WarShipGirlsR/战舰少女R mod","【遗物卡牌】REMEMod"],"gold_per_floor":[77,77,77,127,138,138,155,155,155,169,119,129,148,19,19,129,129,149,168,181,197,197,197,227,227,227,280,23,50,1147,1161,1161,1240,1240,1232,1138,1155,681,692,692,692,692,692,1067,1067,1094,1088,1102,1102,1106],"floor_reached":51,"language":"ZHS","playtime":4383,"items_purged":["Hololive_Strike","Hololive_Strike","Normality","Hololive_Defend","Shame","Parasite"],"score":1714,"play_id":"2f3c594d-ed3c-4a87-8dcd-87500ef445d6","local_time":"20210213140429","is_ascension_mode":true,"campfire_choices":[{"data":"Hololive_CallNakiriAyame","floor":6.0,"key":"SMITH"},{"data":"Hololive_CallMurasakiShion","floor":8.0,"key":"SMITH"},{"data":"Hololive_CallHoushouMarine","floor":15.0,"key":"SMITH"},{"data":"Hololive_CallUsadaPekora","floor":23.0,"key":"SMITH"},{"data":"Hololive_CallDoris","floor":25.0,"key":"SMITH"},{"floor":32.0,"key":"DIG"},{"data":"Hololive_Yoholoon","floor":40.0,"key":"SMITH"},{"data":"Hololive_CallShiroganeNoel","floor":42.0,"key":"SMITH"},{"data":"Hololive_DDD","floor":45.0,"key":"SMITH"},{"data":"Hololive_CallCivia","floor":49,"key":"SMITH"}],"circlet_count":0,"master_deck":["AscendersBane","Hololive_CallNakiriAyame+1","Hololive_CallMurasakiShion+1","Hololive_CallMinatoAqua","Hololive_Defend","Hololive_Defend","Hololive_Trident","Defend System","Hololive_FlyingPonyTail","Hololive_FlyingPonyTail","Hololive_LuckPotion","Hololive_LuckPotion+1","Hololive_CallHoushouMarine+1","Hololive_FlyingPonyTail","Hololive_DDD+1","Hololive_CallDoris+1","Hololive_CallCivia+1","Hololive_FlyingPonyTail+1","REME_ShortnessOfBreath","Hololive_CallUsadaPekora+1","Hololive_CallDoris+1","Hololive_Yoholoon+1","Hololive_OvertimeWork+1","Hololive_CallShiroganeNoel+1","Discovery+1","REME_WheelOfFate","Hololive_CallNekomataOkayu+1","Hololive_CallMoonaHoshinova+1","ReplayUltimateDefense+1","ReplayUltimateDefense+1"],"relics":["Hololive_TheStar","Hololive_Yo","REME_ComplimentaryCards","ReplayTheSpireMod:Ring of Addiction","Toy Ornithopter","SacredBark","Ring of Fury","Shuriken","Boot","Replay:Bronze Core","Iron Hammer","Hololive_LightStick","Happy Flower","Membership Card","MerchantsRug","Replay:Ringing Soul","REME_OnlineShoppingPlatform","Blue Doll","ClockworkSouvenir","Pen Nib","Counterbalance","Ornamental Fan","REME_IWantAll","REME_HandOfSuture","White Beast Statue","conspire:TopHat","Sling","Matryoshka","Centennial Puzzle","REME_CardOfGreed","conspire:Flyswatter","Regal Pillow","Replay:Mystery Machine","War Paint","Singing Bowl","Medical Kit","DollysMirror","Girya","Pet Ghost"],"acts_visited":["Exordium","TheCity","TheBeyond"],"potions_floor_usage":[47],"damage_taken":[{"damage":0.0,"enemies":"Cultist","floor":1.0,"turns":4.0},{"damage":0.0,"enemies":"2 Louse","floor":5.0,"turns":3.0},{"damage":0.0,"enemies":"Small Slimes","floor":7.0,"turns":4.0},{"damage":0.0,"enemies":"3 Louse","floor":10.0,"turns":1.0},{"damage":0.0,"enemies":"2 Fungi Beasts","floor":12.0,"turns":3.0},{"damage":0.0,"enemies":"Gremlin Gang","floor":13.0,"turns":4.0},{"damage":0.0,"enemies":"Fading Forest","floor":16.0,"turns":10.0},{"damage":0.0,"enemies":"2 Thieves","floor":18.0,"turns":3.0},{"damage":0.0,"enemies":"3 Byrds","floor":19.0,"turns":4.0},{"damage":0.0,"enemies":"Sentry and Sphere","floor":20.0,"turns":6.0},{"damage":0.0,"enemies":"conspire:HollyBat","floor":21.0,"turns":7.0},{"damage":0.0,"enemies":"Book of Stabbing","floor":24.0,"turns":5.0},{"damage":0.0,"enemies":"Gremlin Leader","floor":27.0,"turns":5.0},{"damage":0.0,"enemies":"conspire:SneckoGhost","floor":29.0,"turns":5.0},{"damage":0.0,"enemies":"Centurion and Healer","floor":31.0,"turns":4.0},{"damage":0.0,"enemies":"conspire:MysteriousRune","floor":33.0,"turns":8.0},{"damage":0.0,"enemies":"3 Darklings","floor":35.0,"turns":4.0},{"damage":0.0,"enemies":"Orb Walker","floor":37.0,"turns":4.0},{"damage":0.0,"enemies":"Spire Growth","floor":39.0,"turns":4.0},{"damage":0.0,"enemies":"Giant Head","floor":46.0,"turns":7.0},{"damage":0,"enemies":"Transient","floor":47,"turns":5},{"damage":0,"enemies":"Jaw Worm Horde","floor":48,"turns":4},{"damage":0,"enemies":"Time Eater","floor":50,"turns":6}],"seed_played":"1701192349223233379","potions_obtained":[{"floor":1.0,"key":"Toxic Potion"},{"floor":3.0,"key":"Energy Potion"},{"floor":3.0,"key":"AttackPotion"},{"floor":3.0,"key":"Fire Potion"},{"floor":4.0,"key":"CultistPotion"},{"floor":10.0,"key":"Energy Potion"},{"floor":12.0,"key":"SteroidPotion"},{"floor":19.0,"key":"Flashbang"},{"floor":24.0,"key":"Adrenaline Potion"}],"is_trial":false,"path_per_floor":["M","?","?","?","M","R","M","R","T","M","?","M","M","$","R","B",null,"M","M","M","M","?","R","E","R","T","E","$","E","$","M","R_BF","B",null,"M","$","M","$","M","R","?","R","T","$","R","E","M","M","R","B",null],"character_chosen":"Hololive_HololiveCharacter","items_purchased":["Hololive_FlyingPonyTail","Membership Card","MerchantsRug","BlessingOfTheForge","REME_OnlineShoppingPlatform","Blue Doll","ClockworkSouvenir","Pen Nib","Hololive_Yoholoon","Counterbalance","Ornamental Fan","REME_IWantAll","Lee\u0027s Waffle","REME_HandOfSuture","White Beast Statue","Discovery+1","REME_WheelOfFate","Strawberry","conspire:TopHat","Sling","Matryoshka","Centennial Puzzle","REME_CardOfGreed","ReplayUltimateDefense+1","Replay:Mystery Machine","War Paint","Singing Bowl","Medical Kit","DollysMirror","Girya"],"campfire_rested":0,"item_purchase_floors":[14,28,28,28,30,30,30,30,30,30,36,36,36,36,36,36,36,38,38,38,38,38,38,44,44,44,44,44,44,44],"current_hp_per_floor":[32,32,32,18,23,23,23,23,23,28,28,28,33,33,33,33,33,33,33,31,31,31,31,31,31,31,31,31,34,57,60,60,60,60,63,73,76,86,87,87,83,81,81,81,79,81,83,85,85,85],"gold":1106,"neow_bonus":"RANDOM_COMMON_RELIC","is_daily":false,"chose_seed":false,"campfire_upgraded":9,"win_rate":0.0,"timestamp":1613196269,"path_taken":["M","?","?","?","M","R","M","R","T","M","?","M","M","$","R","BOSS","M","M","M","M","?","R","E","R","T","E","$","E","$","M","R_BF","BOSS","M","$","M","$","?","R","?","R","T","$","R","E","M","M","R","BOSS"],"items_purchased_type":["Card","Relic","Relic","Potion","Relic","Relic","Relic","Relic","Card","Relic","Relic","Relic","Relic","Relic","Relic","Card","Card","Relic","Relic","Relic","Relic","Relic","Relic","Card","Relic","Relic","Relic","Relic","Relic","Relic"],"build_version":"2020-12-22","purchased_purges":6,"victory":true,"max_hp_per_floor":[35,35,35,35,35,35,35,35,33,33,33,33,33,33,33,33,33,33,33,31,31,31,31,31,31,31,31,31,34,57,60,60,60,60,63,73,76,86,87,87,83,81,81,81,79,81,83,85,85,85],"card_choices":[{"not_picked":["Hololive_SummonFox","Hololive_DevilCharm","Hololive_Rebound"],"picked":"Hololive_FlyingPonyTail","floor":1.0},{"not_picked":["Hololive_LuckPotion","Hololive_Drill","Hololive_RevenueBasedLive"],"picked":"Hololive_FlyingPonyTail","floor":4.0},{"not_picked":["Hololive_CallYozoraMel","Hololive_DevilCharm","Hololive_CallAiraniIofifteen"],"picked":"Hololive_LuckPotion","floor":5.0},{"not_picked":["Hololive_RevenueBasedLive","Hololive_CallArtia","Hololive_AWSL"],"picked":"Hololive_LuckPotion","floor":7.0},{"not_picked":["Hololive_CallAZKi","Hololive_FlyingPonyTail","Hololive_Trident"],"picked":"Hololive_CallHoushouMarine","floor":10.0},{"not_picked":["Hololive_CallAkiRosenthal","Hololive_CocoNews","Hololive_HuntDinosaur","Hololive_Psychosis"],"picked":"SKIP","floor":12.0},{"not_picked":["Hololive_CallYozoraMel","Hololive_RevenueBasedLive","Hololive_Trident","Hololive_StrengthChampion"],"picked":"SKIP","floor":13.0},{"not_picked":["Hololive_IdolExercise","Hololive_FlareMind","Hololive_HighAtkLowDef"],"picked":"Hololive_DDD","floor":16.0},{"not_picked":["Hololive_Trident","Hololive_Breathe+1","Hololive_CallOzoraSubaru+1","Hololive_StrengthChampion"],"picked":"SKIP","floor":18.0},{"not_picked":["Hololive_CallOzoraSubaru","Hololive_OvertimeWork","Hololive_CallTokinoSora"],"picked":"Hololive_CallDoris","floor":19.0},{"not_picked":["Hololive_Trident","Hololive_Drill","Hololive_HuntDinosaur","Hololive_StrengthChampion"],"picked":"SKIP","floor":20.0},{"not_picked":["Hololive_CallShishiroBotan+1","Hololive_ASMR","Hololive_CallNakiriAyame"],"picked":"Hololive_CallCivia","floor":21.0},{"not_picked":["Hololive_LuckPotion","Hololive_Sequa+1","Hololive_SummonFox","Hololive_CallUsadaPekora"],"picked":"SKIP","floor":24.0},{"not_picked":["Hololive_Drill+1","Hololive_SoulCatcher","Hololive_Rebound","Hololive_BeCareful"],"picked":"SKIP","floor":27.0},{"not_picked":["Hololive_CallShishiroBotan","Hololive_CallYozoraMel+1","Hololive_FlyingPonyTail"],"picked":"Hololive_CallDoris+1","floor":29.0},{"not_picked":["Hololive_CallMomosuzuNene","Hololive_RevenueBasedLive","Hololive_Psychosis+1"],"picked":"Hololive_OvertimeWork+1","floor":31.0},{"not_picked":["Hololive_LuckPotion","Hololive_CallArtia+1","Hololive_HuntDinosaur"],"picked":"Hololive_CallShiroganeNoel","floor":35.0},{"not_picked":["Hololive_CocoNews+1","Hololive_HuntDinosaur","Hololive_Teleport+1"],"picked":"Hololive_CallNekomataOkayu+1","floor":37.0},{"not_picked":["Hololive_CallNatsuiroMatsuri+1","Hololive_DevilCharm","Hololive_CallFriendA+1"],"picked":"Hololive_CallMoonaHoshinova+1","floor":39.0},{"not_picked":["Hololive_CallTsunomakiWatame+1","Hololive_CallDoris+1","Hololive_CocoNews","Hololive_Rebound"],"picked":"Singing Bowl","floor":46.0},{"not_picked":["Hololive_OpenUp","Hololive_Rebound","Hololive_OvertimeWork+1","Hololive_Drill+1"],"picked":"Singing Bowl","floor":47},{"not_picked":["Hololive_Teleport","Hololive_DurableLive","Hololive_OvertimeWork","Hololive_Sequa"],"picked":"Singing Bowl","floor":48}],"player_experience":230559,"relics_obtained":[{"floor":3.0,"key":"ReplayTheSpireMod:Ring of Addiction"},{"floor":3.0,"key":"Toy Ornithopter"},{"floor":3.0,"key":"SacredBark"},{"floor":3.0,"key":"Ring of Fury"},{"floor":4.0,"key":"Shuriken"},{"floor":9.0,"key":"Boot"},{"floor":24.0,"key":"Iron Hammer"},{"floor":26.0,"key":"Hololive_LightStick"},{"floor":27.0,"key":"Happy Flower"},{"floor":29.0,"key":"Replay:Ringing Soul"},{"floor":32.0,"key":"Replay:Baseball"},{"floor":43.0,"key":"conspire:Flyswatter"},{"floor":43.0,"key":"Regal Pillow"},{"floor":46.0,"key":"Pet Ghost"}],"event_choices":[{"damage_healed":0.0,"max_hp_gain":0.0,"max_hp_loss":0.0,"gold_gain":0.0,"event_name":"conspire:LoneGhost","player_choice":"Disagree","floor":2.0,"gold_loss":0.0,"damage_taken":0.0},{"cards_removed":["Hololive_Strike"],"damage_healed":0.0,"max_hp_gain":0.0,"max_hp_loss":0.0,"gold_gain":0.0,"event_name":"The Cleric","player_choice":"Card Removal","floor":11.0,"gold_loss":50.0,"damage_taken":0.0},{"damage_healed":0.0,"max_hp_gain":0.0,"max_hp_loss":0.0,"gold_gain":0.0,"event_name":"Match and Keep!","player_choice":"3 cards matched","floor":22.0,"gold_loss":0.0,"damage_taken":0.0,"cards_obtained":["Hololive_FlyingPonyTail","REME_ShortnessOfBreath","Hololive_CallUsadaPekora"]},{"damage_healed":0.0,"max_hp_gain":0.0,"max_hp_loss":4.0,"gold_gain":0.0,"event_name":"Winding Halls","player_choice":"Max HP","floor":41.0,"gold_loss":0.0,"damage_taken":0.0}],"is_beta":false,"boss_relics":[{"not_picked":["Tiny House","Replay:Drink Me"],"picked":"Replay:Bronze Core"},{"not_picked":["Snecko Eye","Runic Pyramid","ChewingGum"]}],"items_purged_floors":[14,30,36,36,38,44],"is_endless":false,"potions_floor_spawned":[1,10,12,19,24,35,37,39,46,47,48],"ascension_level":11}}