{"host":"f6f8cjhjgha9mpdq","time":1613212757,"event":{"mods":["BaseMod","Colored Map","DeckTracker","Keyboard Shortcuts","Minty Spire (QoL Compilation)","Permanent Neow","Quick Restart","Random Character Button","Relic Stats","StSLib","SuperFastMode"],"gold_per_floor":[111,130,130,146,166,166,166,166,221,236,236,259,278,306,306,306,306],"floor_reached":16,"language":"KOR","playtime":532,"items_purged":[],"score":188,"play_id":"413e2ebd-fa5f-405d-9c0e-2560daf0f074","local_time":"20210213193917","is_ascension_mode":true,"campfire_choices":[{"data":"Rampage","floor":6.0,"key":"SMITH"},{"data":"Pommel Strike","floor":8.0,"key":"SMITH"},{"data":"Bash","floor":11.0,"key":"SMITH"},{"data":"Second Wind","floor":15.0,"key":"SMITH"}],"circlet_count":0,"master_deck":["AscendersBane","Strike_R","Strike_R","Strike_R","Strike_R","Strike_R","Defend_R","Defend_R","Defend_R","Defend_R","Bash+1","Pommel Strike+1","Rampage+1","Second Wind+1","Shrug It Off","Shrug It Off"],"relics":["Burning Blood","Golden Idol","Smiling Mask","Happy Flower","Odd Mushroom"],"acts_visited":["Exordium"],"potions_floor_usage":[],"damage_taken":[{"damage":7.0,"enemies":"Small Slimes","floor":1.0,"turns":4.0},{"damage":2.0,"enemies":"2 Louse","floor":2.0,"turns":4.0},{"damage":7.0,"enemies":"Cultist","floor":4.0,"turns":4.0},{"damage":7.0,"enemies":"3 Louse","floor":5.0,"turns":4.0},{"damage":7.0,"enemies":"2 Fungi Beasts","floor":10.0,"turns":3.0},{"damage":22.0,"enemies":"Gremlin Gang","floor":12.0,"turns":6.0},{"damage":6.0,"enemies":"Blue Slaver","floor":13.0,"turns":3.0},{"damage":16.0,"enemies":"The Mushroom Lair","floor":14.0,"turns":3.0},{"damage":10,"enemies":"Slime Boss","floor":16,"turns":5}],"seed_played":"-5781779496444732392","potions_obtained":[{"floor":1.0,"key":"PowerPotion"},{"floor":5.0,"key":"DuplicationPotion"},{"floor":13.0,"key":"SteroidPotion"}],"is_trial":false,"path_per_floor":["M","M","?","M","M","R","?","R","T","M","R","M","M","?","R","B"],"character_chosen":"IRONCLAD","items_purchased":[],"campfire_rested":0,"item_purchase_floors":[],"current_hp_per_floor":[63,67,36,35,34,34,34,34,34,33,33,17,17,7,7,0,0],"gold":306,"neow_bonus":"TWENTY_PERCENT_HP_BONUS","is_daily":false,"chose_seed":false,"campfire_upgraded":4,"win_rate":0.0,"timestamp":1613212757,"path_taken":["M","M","?","M","M","R","?","R","T","M","R","?","M","?","R","BOSS"],"items_purchased_type":[],"build_version":"2020-12-22","purchased_purges":0,"victory":false,"max_hp_per_floor":[89,89,89,89,89,89,89,89,89,89,89,89,89,89,89,89,89],"relic_stats":{"Happy Flower":[6],"counters":[9,36],"Golden Idol":25,"Smiling Mask":0,"obtain_stats":[{"Happy Flower":9,"Golden Idol":3,"Odd Mushroom":14,"Smiling Mask":7,"Burning Blood":0},{"Happy Flower":4,"Golden Idol":2,"Odd Mushroom":8,"Smiling Mask":4,"Burning Blood":0},{"Happy Flower":16,"Golden Idol":8,"Odd Mushroom":31,"Smiling Mask":16,"Burning Blood":0}],"Burning Blood":48},"card_choices":[{"not_picked":["Searing Blow","Heavy Blade"],"picked":"Pommel Strike","floor":1.0},{"not_picked":["Body Slam","Wild Strike","Anger"],"picked":"SKIP","floor":2.0},{"not_picked":["Ghostly Armor","Twin Strike"],"picked":"Rampage","floor":4.0},{"not_picked":["Armaments","Rage","Flex"],"picked":"SKIP","floor":5.0},{"not_picked":["Body Slam","Cleave","Clothesline"],"picked":"SKIP","floor":10.0},{"not_picked":["Sword Boomerang","Headbutt"],"picked":"Second Wind","floor":12.0},{"not_picked":["Fire Breathing","Anger"],"picked":"Shrug It Off","floor":13.0},{"not_picked":["Cleave","Body Slam"],"picked":"Shrug It Off","floor":14.0}],"player_experience":589382,"relics_obtained":[{"floor":9.0,"key":"Happy Flower"},{"floor":14.0,"key":"Odd Mushroom"}],"event_choices":[{"damage_healed":0.0,"max_hp_gain":0.0,"max_hp_loss":0.0,"gold_gain":0.0,"event_name":"Golden Idol","player_choice":"Take Damage","floor":3.0,"gold_loss":0.0,"damage_taken":31.0,"relics_obtained":["Golden Idol"]},{"damage_healed":0.0,"max_hp_gain":0.0,"max_hp_loss":0.0,"gold_gain":0.0,"event_name":"WeMeetAgain","player_choice":"Gave Potion","floor":7.0,"gold_loss":0.0,"damage_taken":0.0,"relics_obtained":["Smiling Mask"]},{"damage_healed":0.0,"max_hp_gain":0.0,"max_hp_loss":0.0,"gold_gain":0.0,"event_name":"Mushrooms","player_choice":"Fought Mushrooms","floor":14.0,"gold_loss":0.0,"damage_taken":0.0}],"is_beta":false,"boss_relics":[],"items_purged_floors":[],"is_endless":false,"potions_floor_spawned":[1,5,13],"killed_by":"Slime Boss","ascension_level":20}}