{"host":"aduepa6pof7ckcrz","time":1613199580,"event":{"mods":["Act Like it!","Arknights","Aspiration","BaseMod","CapriCore","Colored Map","Colored Powertips","Downfall","Hallownest","Hermit","Hubris","Minty Spire (QoL Compilation)","Quick Restart","Replay The Spire","Robot Space Explorer","Shop Mod","StSLib","The Bug Knight","The Marked"],"gold_per_floor":[114,114,131,141,141,172,172,188,259,259,22,47,62,27,27,123,123,136,147,147,147,162,162,162,162,162,162,180,100,118,134,134,229,229,243,39,51,67,81,81,97,114,159,370,370,391,391,391,391,391],"floor_reached":51,"language":"FRA","playtime":3213,"items_purged":["ats:Strike V","Decay"],"score":761,"play_id":"8e87d936-91c1-4a57-ba77-d59c69f2d91d","local_time":"20210213075940","is_ascension_mode":false,"campfire_choices":[{"data":"ats:Thermite Blade","floor":7.0,"key":"SMITH"},{"data":"ats:Flexible Camouflage","floor":10.0,"key":"SMITH"},{"data":"ats:Ambush","floor":15.0,"key":"SMITH"},{"data":"ats:Flexible Camouflage","floor":23.0,"key":"SMITH"},{"data":"ats:Emotion Absorption","floor":25.0,"key":"SMITH"},{"floor":32.0,"key":"REST"},{"floor":40.0,"key":"REST"},{"data":"ats:Phantom","floor":49,"key":"SMITH"}],"circlet_count":0,"master_deck":["ats:Strike S","ats:Armor Crushing Shot+1","ats:Defend","ats:Defend","ats:Defend","ats:Defend","ats:Emotion Absorption+1","ats:Thermite Blade+1","ats:Overload","ats:Flexible Camouflage+1","ats:Rat Pack","ats:Flexible Camouflage+1","ats:Ambush+1","ats:Disruption Kick","ats:Soul Absorption+1","ats:Burning Ground+1","ats:Revitalization+1","ats:Ignite","ats:Burning Ground","ats:Phantom+1","ats:Flame Of Heaven","ats:Neurotoxin","ats:Wolf Pack","ats:Ignite+1","ats:Hook Shot","ats:Soul Absorption+1","ats:Neurotoxin","ats:Absolute Focus+1","ats:Poison Spread","ats:Steam Pump","ats:Very Hot Blade","ats:Mental Burst+1","ats:Steam Pump","Mayhem+1","ats:Poison Spread+1"],"relics":["ats:Sanity","Hallownest:DreamNailRelic","ats:Originium","Replay:Mystery Machine","hubris:MysteriousPyramids","The Courier","Astrolabe","Replay:Accelerometer","MutagenicStrength","Painkiller Herb","Gremlin Horn","Gremlin Food","Orrery","hubris:NiceRug","Shovel","Art of War","CeramicFish"],"acts_visited":["Hallownest:Greenpath","TheCity","Hallownest:KingdomsEdge"],"potions_floor_usage":[44,44,44,50,50],"damage_taken":[{"damage":0.0,"enemies":"Hallownest:monsterHuskWarrior","floor":1.0,"turns":3.0},{"damage":0.0,"enemies":"Hallownest:2_MossCreeps","floor":3.0,"turns":6.0},{"damage":6.0,"enemies":"Hallownest:2_Tiktiks_and_1_Crawlid","floor":4.0,"turns":4.0},{"damage":0.0,"enemies":"Hallownest:eliteMossKnight","floor":6.0,"turns":2.0},{"damage":23.0,"enemies":"Hallownest:Guard_and_Warrior","floor":8.0,"turns":5.0},{"damage":3.0,"enemies":"Hallownest:eliteVengeflyKing","floor":12.0,"turns":5.0},{"damage":11.0,"enemies":"Hallownest:2_Tiktiks_1_Baldur_1_Crawlid","floor":13.0,"turns":4.0},{"damage":21.0,"enemies":"Hallownest:BossHornet","floor":16.0,"turns":6.0},{"damage":9.0,"enemies":"Shell Parasite","floor":18.0,"turns":5.0},{"damage":37.0,"enemies":"2 Thieves","floor":19.0,"turns":4.0},{"damage":2.0,"enemies":"Snecko","floor":22.0,"turns":3.0},{"damage":14.0,"enemies":"Centurion and Healer","floor":28.0,"turns":4.0},{"damage":4.0,"enemies":"Cultist and Chosen","floor":30.0,"turns":6.0},{"damage":16.0,"enemies":"Shelled Parasite and Fungi","floor":31.0,"turns":5.0},{"damage":15.0,"enemies":"Collector","floor":33.0,"turns":8.0},{"damage":23.0,"enemies":"Hallownest:2_Littles","floor":35.0,"turns":5.0},{"damage":12.0,"enemies":"Hallownest:3_Siblings","floor":37.0,"turns":7.0},{"damage":27.0,"enemies":"Hallownest:Xero_Hu_Marmu","floor":38.0,"turns":6.0},{"damage":5.0,"enemies":"Hallownest:monsterPrimalAspid","floor":39.0,"turns":5.0},{"damage":7.0,"enemies":"Hallownest:2_Great","floor":41.0,"turns":5.0},{"damage":26.0,"enemies":"Hallownest:2_Wing_and_1_Kings","floor":42.0,"turns":5.0},{"damage":20,"enemies":"hubris:Merchant","floor":44,"turns":6},{"damage":0,"enemies":"Hallownest:Shield_Sturdy","floor":46,"turns":4},{"damage":0,"enemies":"Hallownest:Radiance","floor":50,"turns":8}],"seed_played":"5225052510005218151","potions_obtained":[{"floor":1.0,"key":"SneckoOil"},{"floor":8.0,"key":"SpeedPotion"},{"floor":12.0,"key":"Venom Potion"},{"floor":30.0,"key":"SteroidPotion"},{"floor":33.0,"key":"SteroidPotion"},{"floor":38.0,"key":"PowerPotion"},{"floor":44,"key":"hexamod:SoulburnPotion"},{"floor":44,"key":"Strength Potion"},{"floor":44,"key":"FairyPotion"}],"is_trial":false,"path_per_floor":["M","?","M","M","?","E","R","M","T","R","$","E","M","?","R","B",null,"M","M","?","?","M","R","?","R","T","?","M","$","M","M","R","B",null,"?","T","?","?","?","T","?","?","T","T","?","?","?","T","T","B",null],"character_chosen":"DOCTOR_CLASS","items_purchased":["ats:Ambush","PowerPotion","Gremlin Horn","Orrery"],"campfire_rested":2,"item_purchase_floors":[11,11,36,44],"current_hp_per_floor":[72,72,72,66,72,72,72,49,49,49,49,46,35,40,40,19,77,74,43,43,43,41,41,41,41,41,41,27,27,29,13,36,27,77,60,60,51,33,34,57,55,35,35,18,18,18,18,18,18,21],"gold":391,"neow_bonus":"UPGRADE_CARD","is_daily":false,"chose_seed":false,"campfire_upgraded":6,"win_rate":0.0,"timestamp":1613199580,"path_taken":["M","?","M","?","?","E","R","M","T","R","$","E","?","?","R","BOSS","M","M","?","?","?","R","?","R","T","?","M","$","M","M","R","BOSS","?","T","?","?","?","T","?","?","T","T","?","?","?","?","T","BOSS"],"items_purchased_type":["Card","Potion","Relic","Relic"],"build_version":"2020-12-22","purchased_purges":2,"victory":true,"max_hp_per_floor":[72,72,72,72,72,72,72,72,72,72,72,72,72,77,77,77,77,77,77,77,77,77,77,77,77,77,77,77,77,77,77,77,77,77,77,77,77,77,77,77,77,77,77,77,72,72,72,72,72,72],"card_choices":[{"not_picked":["ats:Automatic Cover","ats:Flexible Camouflage"],"picked":"ats:Thermite Blade","floor":1.0},{"not_picked":["ats:Apocalypse","ats:Closed Bolt Burst Fire"],"picked":"ats:Overload","floor":3.0},{"not_picked":["ats:Closed Bolt Burst Fire","ats:Guard Mode"],"picked":"ats:Flexible Camouflage","floor":4.0},{"not_picked":["ats:Curse Doll","ats:Guard Mode"],"picked":"ats:Rat Pack","floor":6.0},{"not_picked":["ats:Explosion Area Strengthen","ats:Consecutive Shot Auto"],"picked":"ats:Flexible Camouflage","floor":8.0},{"not_picked":["ats:Beaten Up","ats:Ambush","ats:Sunburst"],"picked":"SKIP","floor":12.0},{"not_picked":["ats:Closed Bolt Burst Fire","ats:Hammer On","ats:Very Hot Blade"],"picked":"SKIP","floor":13.0},{"not_picked":["ats:Shadow Assault","ats:Soul Rend"],"picked":"ats:Disruption Kick","floor":16.0},{"not_picked":["ats:Ignite","ats:Healing Drone","ats:Apocalypse"],"picked":"SKIP","floor":18.0},{"not_picked":["ats:Hammer On","ats:Revitalization"],"picked":"ats:Ignite","floor":19.0},{"not_picked":["ats:Curse Doll","ats:Hammer On"],"picked":"ats:Burning Ground","floor":22.0},{"not_picked":["ats:Shell Defense","ats:Shadow Raid+1"],"picked":"ats:Phantom","floor":28.0},{"not_picked":["ats:Demon Strength+1","ats:Powerful Strike"],"picked":"ats:Flame Of Heaven","floor":30.0},{"not_picked":["ats:Shell Defense","ats:Powerful Strike"],"picked":"ats:Neurotoxin","floor":31.0},{"not_picked":["ats:Calcification","ats:Rat Pack"],"picked":"ats:Wolf Pack","floor":33.0},{"not_picked":["ats:Demon Strength+1","ats:Red Shift"],"picked":"ats:Ignite+1","floor":35.0},{"not_picked":["ats:Directed Diagnosis+1","ats:Cat Scratch"],"picked":"ats:Hook Shot","floor":37.0},{"not_picked":["ats:Guard Mode+1","ats:Leaping Hammer+1","ats:Literary Storm"],"picked":"SKIP","floor":38.0},{"not_picked":["ats:Ignite+1","ats:Absolute Focus+1"],"picked":"ats:Soul Absorption+1","floor":39.0},{"not_picked":["ats:Apocalypse","ats:Very Hot Blade"],"picked":"ats:Neurotoxin","floor":41.0},{"not_picked":["ats:Very Hot Blade","ats:Sunburst","ats:Shell Defense+1"],"picked":"SKIP","floor":42.0},{"not_picked":["ats:Volcano","ats:Flexible Camouflage"],"picked":"ats:Absolute Focus+1","floor":44},{"not_picked":["ats:Apocalypse","ats:Revitalization+1"],"picked":"ats:Poison Spread","floor":44},{"not_picked":["ats:Directed Diagnosis","ats:Revitalization"],"picked":"ats:Steam Pump","floor":44},{"not_picked":["ats:Powerful Strike+1","ats:Consecutive Shot Auto+1"],"picked":"ats:Very Hot Blade","floor":44},{"not_picked":[],"picked":"ats:Mental Burst+1","floor":44},{"not_picked":[],"picked":"ats:Steam Pump","floor":44},{"not_picked":[],"picked":"Mayhem","floor":44},{"not_picked":["ats:Shadow Assault"],"picked":"SKIP","floor":44},{"not_picked":["ats:Revitalization"],"picked":"SKIP","floor":44},{"not_picked":["ats:Part Time Job"],"picked":"SKIP","floor":44},{"not_picked":["Impatience"],"picked":"SKIP","floor":44},{"not_picked":["ats:Part Time Job","ats:Leaping Hammer+1"],"picked":"ats:Poison Spread+1","floor":46}],"player_experience":1051201,"relics_obtained":[{"floor":6.0,"key":"ats:Originium"},{"floor":6.0,"key":"Replay:Mystery Machine"},{"floor":9.0,"key":"hubris:MysteriousPyramids"},{"floor":12.0,"key":"ats:Originium"},{"floor":12.0,"key":"The Courier"},{"floor":26.0,"key":"Replay:Accelerometer"},{"floor":43.0,"key":"Gremlin Food"},{"floor":44,"key":"Shovel"},{"floor":44,"key":"Art of War"},{"floor":44,"key":"CeramicFish"}],"event_choices":[{"damage_healed":0.0,"max_hp_gain":0.0,"max_hp_loss":0.0,"gold_gain":0.0,"event_name":"Match and Keep!","player_choice":"0 cards matched","floor":21.0,"gold_loss":0.0,"damage_taken":0.0,"cards_obtained":[]},{"damage_healed":0.0,"max_hp_gain":0.0,"max_hp_loss":0.0,"gold_gain":0.0,"event_name":"Forgotten Altar","player_choice":"Smashed Altar","floor":24.0,"gold_loss":0.0,"damage_taken":0.0,"cards_obtained":["Decay"]},{"damage_healed":0.0,"max_hp_gain":0.0,"max_hp_loss":0.0,"gold_gain":0.0,"event_name":"Drug Dealer","player_choice":"Inject Mutagens","floor":27.0,"gold_loss":0.0,"damage_taken":0.0,"relics_obtained":["MutagenicStrength"]}],"is_beta":false,"boss_relics":[{"not_picked":["Replay:Ancient Bell","aspiration:DefectSkillbook"],"picked":"Astrolabe"},{"not_picked":["Kintsugi","ats:Sanity Plus"],"picked":"Painkiller Herb"}],"items_purged_floors":[11,29],"is_endless":false,"potions_floor_spawned":[1,8,12,13,30,33,38,39],"ascension_level":0}}