{"host":"rb2p2z6v6vieend5","time":1613244958,"event":{"mods":["BaseMod","Block Reminder","Colored Map","DeckTracker","Highlight Path","Minty Spire (QoL Compilation)","Random Character Button","Relic Stats"],"gold_per_floor":[111,127,138,148,98,98,98,127,127,140,161,173,173,173,173,269,269,284,284,302,312,393,393,421,421,447,7,7,7,19,19,19,124,124,135,185,185,135,153,153,103,103,130,130,0,11,11,28,28,28],"floor_reached":51,"language":"ENG","playtime":2342,"items_purged":["Strike_P","Strike_P"],"score":904,"play_id":"22994f55-5670-48c5-83fa-db9a4d8646d1","local_time":"20210213203558","is_ascension_mode":true,"campfire_choices":[{"data":"Alpha","floor":6,"key":"SMITH"},{"floor":13,"key":"REST"},{"data":"LikeWater","floor":15,"key":"SMITH"},{"floor":23,"key":"REST"},{"floor":25,"key":"REST"},{"data":"ThirdEye","floor":29,"key":"SMITH"},{"data":"Evaluate","floor":32,"key":"SMITH"},{"data":"JustLucky","floor":40,"key":"SMITH"},{"data":"CutThroughFate","floor":42,"key":"SMITH"},{"data":"CutThroughFate","floor":44,"key":"SMITH"},{"data":"Vigilance","floor":47,"key":"SMITH"},{"floor":49,"key":"REST"}],"circlet_count":0,"master_deck":["Defend_P","Defend_P","Defend_P","Defend_P","Eruption","Vigilance+1","Alpha+1","ThirdEye+1","CutThroughFate+1","LikeWater+1","Evaluate+1","JustLucky+1","CutThroughFate+1","Scrawl+1","Decay","Omniscience+1","Protect+1"],"relics":["HolyWater","Smiling Mask","Toxic Egg 2","Odd Mushroom","Bottled Lightning","Du-Vu Doll","Strawberry","Strange Spoon","Blood Vial","MealTicket","FaceOfCleric","Philosopher\u0027s Stone","Mango","CeramicFish","Red Mask"],"acts_visited":["Exordium","TheCity","TheBeyond"],"potions_floor_usage":[10,10,24,50],"damage_taken":[{"damage":0,"enemies":"Jaw Worm","floor":1,"turns":4},{"damage":5,"enemies":"2 Louse","floor":2,"turns":4},{"damage":2,"enemies":"Small Slimes","floor":3,"turns":3},{"damage":13,"enemies":"2 Fungi Beasts","floor":4,"turns":4},{"damage":15,"enemies":"Lagavulin","floor":8,"turns":5},{"damage":5,"enemies":"Exordium Thugs","floor":10,"turns":2},{"damage":12,"enemies":"The Mushroom Lair","floor":11,"turns":3},{"damage":8,"enemies":"3 Louse","floor":12,"turns":3},{"damage":21,"enemies":"Hexaghost","floor":16,"turns":7},{"damage":0,"enemies":"Chosen","floor":18,"turns":4},{"damage":19,"enemies":"Shell Parasite","floor":20,"turns":4},{"damage":18,"enemies":"Snake Plant","floor":21,"turns":5},{"damage":21,"enemies":"Gremlin Leader","floor":24,"turns":4},{"damage":0,"enemies":"Snecko","floor":30,"turns":3},{"damage":20,"enemies":"Collector","floor":33,"turns":6},{"damage":1,"enemies":"3 Darklings","floor":35,"turns":2},{"damage":17,"enemies":"Mind Bloom Boss Battle","floor":36,"turns":5},{"damage":16,"enemies":"3 Shapes","floor":39,"turns":5},{"damage":0,"enemies":"3 Darklings","floor":46,"turns":2},{"damage":37,"enemies":"Writhing Mass","floor":48,"turns":8},{"damage":21,"enemies":"Donu and Deca","floor":50,"turns":6}],"seed_played":"3623586593763432727","potions_obtained":[{"floor":1,"key":"BottledMiracle"},{"floor":3,"key":"Ambrosia"},{"floor":8,"key":"GamblersBrew"},{"floor":10,"key":"FairyPotion"},{"floor":12,"key":"SmokeBomb"},{"floor":18,"key":"Weak Potion"},{"floor":30,"key":"FearPotion"},{"floor":35,"key":"EntropicBrew"}],"is_trial":false,"path_per_floor":["M","M","M","M","?","R","?","E","T","M","?","M","R","?","R","B",null,"M","?","M","M","T","R","E","R","T","$","?","R","M","$","R","B",null,"M","?","?","$","M","R","$","R","T","R","?","M","R","M","R","B",null],"character_chosen":"WATCHER","items_purchased":["Strange Spoon","Blood Vial","MealTicket"],"campfire_rested":4,"item_purchase_floors":[27,27,27],"current_hp_per_floor":[65,60,58,45,45,45,69,54,54,49,37,29,50,43,43,22,60,60,60,41,23,23,44,23,44,51,51,51,51,54,69,69,52,74,76,76,76,91,77,77,92,92,92,92,92,94,94,58,86,68],"gold":28,"neow_bonus":"ONE_RANDOM_RARE_CARD","is_daily":false,"chose_seed":false,"campfire_upgraded":8,"win_rate":0.0,"timestamp":1613244958,"path_taken":["M","M","M","M","?","R","?","E","T","M","?","M","R","?","R","BOSS","M","?","M","?","?","R","E","R","T","$","?","R","?","$","R","BOSS","M","?","?","?","?","R","$","R","T","R","?","M","R","M","R","BOSS"],"items_purchased_type":["Relic","Relic","Relic"],"build_version":"2020-12-22","purchased_purges":2,"victory":true,"max_hp_per_floor":[72,72,72,72,72,72,72,72,72,72,72,72,72,72,72,72,72,72,72,72,72,72,72,72,72,79,79,79,79,80,80,80,81,81,82,97,92,92,93,93,93,93,93,93,93,94,94,95,95,96],"relic_stats":{"Blood Vial":12,"Strange Spoon":[23],"FaceOfCleric":8,"counters":[21,89],"CeramicFish":0,"MealTicket":45,"Smiling Mask":75,"obtain_stats":[{"CeramicFish":43,"Mango":36,"Odd Mushroom":11,"Smiling Mask":8,"Du-Vu Doll":24,"Blood Vial":27,"Strange Spoon":27,"FaceOfCleric":28,"Strawberry":26,"HolyWater":17,"MealTicket":27,"Philosopher\u0027s Stone":34,"Red Mask":45,"Bottled Lightning":22,"PureWater":0,"Toxic Egg 2":9},{"CeramicFish":18,"Mango":17,"Odd Mushroom":7,"Smiling Mask":5,"Du-Vu Doll":13,"Blood Vial":13,"Strange Spoon":13,"FaceOfCleric":13,"Strawberry":13,"HolyWater":9,"MealTicket":13,"Philosopher\u0027s Stone":15,"Red Mask":18,"Bottled Lightning":12,"PureWater":0,"Toxic Egg 2":5},{"CeramicFish":73,"Mango":68,"Odd Mushroom":25,"Smiling Mask":20,"Du-Vu Doll":52,"Blood Vial":52,"Strange Spoon":52,"FaceOfCleric":52,"Strawberry":52,"HolyWater":35,"MealTicket":52,"Philosopher\u0027s Stone":61,"Red Mask":73,"Bottled Lightning":48,"PureWater":0,"Toxic Egg 2":20}]},"card_choices":[{"not_picked":["InnerPeace","FlyingSleeves"],"picked":"ThirdEye","floor":1},{"not_picked":["ThirdEye","EmptyMind"],"picked":"CutThroughFate","floor":2},{"not_picked":["Vengeance","CrushJoints"],"picked":"LikeWater","floor":3},{"not_picked":["FlurryOfBlows","Crescendo","Halt"],"picked":"SKIP","floor":4},{"not_picked":["Weave","PathToVictory"],"picked":"Evaluate","floor":8},{"not_picked":["Devotion","Prostrate+1","FearNoEvil"],"picked":"SKIP","floor":10},{"not_picked":["Adaptation","Wallop"],"picked":"JustLucky","floor":11},{"not_picked":["Halt+1","Indignation+1"],"picked":"CutThroughFate","floor":12},{"not_picked":["Vault+1","Devotion"],"picked":"Scrawl+1","floor":16},{"not_picked":["FearNoEvil+1","Tantrum","FlurryOfBlows"],"picked":"SKIP","floor":18},{"not_picked":["ForeignInfluence+1","FollowUp","Halt+1"],"picked":"SKIP","floor":20},{"not_picked":["FlurryOfBlows","Prostrate+1","Fasting2"],"picked":"SKIP","floor":21},{"not_picked":["EmptyBody+1","Halt+1","Swivel+1"],"picked":"SKIP","floor":24},{"not_picked":["Sanctity+1","InnerPeace+1","Meditate+1"],"picked":"SKIP","floor":30},{"not_picked":["Vault+1","ConjureBlade+1"],"picked":"Omniscience+1","floor":33},{"not_picked":["Sanctity+1","ClearTheMind+1","CrushJoints"],"picked":"SKIP","floor":35},{"not_picked":["JustLucky","Worship+1"],"picked":"Protect+1","floor":36},{"not_picked":["Evaluate+1","SignatureMove+1","Scrawl+1"],"picked":"SKIP","floor":39},{"not_picked":["WindmillStrike+1","Sanctity+1","Evaluate+1"],"picked":"SKIP","floor":46},{"not_picked":["Prostrate+1","SandsOfTime","EmptyFist"],"picked":"SKIP","floor":48}],"player_experience":733764,"relics_obtained":[{"floor":8,"key":"Smiling Mask"},{"floor":9,"key":"Toxic Egg 2"},{"floor":11,"key":"Odd Mushroom"},{"floor":22,"key":"Bottled Lightning"},{"floor":24,"key":"Du-Vu Doll"},{"floor":26,"key":"Strawberry"},{"floor":36,"key":"Mango"},{"floor":43,"key":"CeramicFish"}],"event_choices":[{"cards_removed":["Strike_P"],"damage_healed":0,"gold_gain":0,"player_choice":"Card Removal","damage_taken":0,"max_hp_gain":0,"max_hp_loss":0,"event_name":"The Cleric","floor":5,"gold_loss":50},{"damage_healed":24,"gold_gain":0,"player_choice":"Banana","damage_taken":0,"max_hp_gain":0,"max_hp_loss":0,"event_name":"Big Fish","floor":7,"gold_loss":0},{"damage_healed":0,"gold_gain":0,"player_choice":"Fought Mushrooms","damage_taken":0,"max_hp_gain":0,"max_hp_loss":0,"event_name":"Mushrooms","floor":11,"gold_loss":0},{"cards_removed":["Strike_P"],"damage_healed":0,"gold_gain":0,"player_choice":"Card Removal","damage_taken":7,"max_hp_gain":0,"max_hp_loss":0,"event_name":"Golden Wing","floor":14,"gold_loss":0},{"damage_healed":0,"gold_gain":0,"player_choice":"Cursed","damage_taken":0,"max_hp_gain":0,"max_hp_loss":0,"event_name":"Wheel of Change","floor":19,"gold_loss":0,"cards_obtained":["Decay"]},{"damage_healed":0,"gold_gain":0,"player_choice":"Trade","damage_taken":0,"relics_obtained":["FaceOfCleric"],"max_hp_gain":0,"max_hp_loss":0,"event_name":"FaceTrader","floor":28,"gold_loss":0},{"damage_healed":0,"gold_gain":0,"player_choice":"Fight","damage_taken":0,"max_hp_gain":0,"max_hp_loss":0,"event_name":"MindBloom","floor":36,"gold_loss":0},{"damage_healed":0,"gold_gain":0,"player_choice":"Max HP","damage_taken":0,"max_hp_gain":0,"max_hp_loss":5,"event_name":"Winding Halls","floor":37,"gold_loss":0},{"damage_healed":0,"gold_gain":0,"player_choice":"Paid","damage_taken":0,"relics_obtained":["Red Mask"],"max_hp_gain":0,"max_hp_loss":0,"event_name":"Tomb of Lord Red Mask","floor":45,"gold_loss":130}],"is_beta":false,"boss_relics":[{"not_picked":["Fusion Hammer","Snecko Eye"],"picked":"HolyWater"},{"not_picked":["Runic Dome","Runic Pyramid"],"picked":"Philosopher\u0027s Stone"}],"items_purged_floors":[38,41],"is_endless":false,"potions_floor_spawned":[1,3,8,10,12,18,30,35],"ascension_level":6}}