{"host":"qrt7o4dq2qslzw13","time":1613247410,"event":{"mods":["AchievementEnabler","BaseMod","Colored Map","Colored Powertips","Minty Spire (QoL Compilation)","Quick Restart","StSLib","SuperFastMode"],"gold_per_floor":[110,70,70,140,256,284,284,313,313,363,375,7,7,75,75,146,146,120,170,495,556,575,575,575],"floor_reached":23,"language":"ENG","playtime":455,"items_purged":[],"score":469,"play_id":"d73a9dd5-2c46-4903-9d5a-a027f10c36ab","local_time":"20210213151650","is_ascension_mode":true,"campfire_choices":[{"data":"Rupture","floor":7.0,"key":"SMITH"},{"floor":11.0,"key":"REST"},{"floor":13.0,"key":"REST"},{"data":"Apotheosis","floor":15.0,"key":"SMITH"}],"circlet_count":0,"master_deck":["AscendersBane","Strike_R","Strike_R","Strike_R","Strike_R","Strike_R","Defend_R","Defend_R","Defend_R","Defend_R","Bash","Metallicize","Rupture+1","Heavy Blade","Bloodletting","Evolve","Apotheosis+1","Inflame","Twin Strike","Shrug It Off","Flex","Body Slam","Brutality","Intimidate","Rage","Regret","Whirlwind","Shockwave"],"relics":["Burning Blood","NeowsBlessing","SsserpentHead","CaptainsWheel","Centennial Puzzle","Thread and Needle","MawBank","SacredBark"],"acts_visited":["Exordium","TheCity"],"potions_floor_usage":[22],"damage_taken":[{"damage":0.0,"enemies":"Jaw Worm","floor":1.0,"turns":1.0},{"damage":0.0,"enemies":"Cultist","floor":4.0,"turns":1.0},{"damage":0.0,"enemies":"Gremlin Nob","floor":6.0,"turns":1.0},{"damage":36.0,"enemies":"3 Sentries","floor":8.0,"turns":8.0},{"damage":6.0,"enemies":"2 Louse","floor":14.0,"turns":3.0},{"damage":30.0,"enemies":"Slime Boss","floor":16.0,"turns":8.0},{"damage":10.0,"enemies":"2 Thieves","floor":18.0,"turns":4.0},{"damage":8.0,"enemies":"3 Byrds","floor":21.0,"turns":5.0},{"damage":24,"enemies":"Snake Plant","floor":22,"turns":5},{"damage":45,"enemies":"Book of Stabbing","floor":23,"turns":5}],"seed_played":"-2069926160119438529","potions_obtained":[{"floor":1.0,"key":"LiquidMemories"},{"floor":6.0,"key":"Weak Potion"},{"floor":18.0,"key":"LiquidBronze"},{"floor":21.0,"key":"SpeedPotion"}],"is_trial":false,"path_per_floor":["M","$","?","M","?","E","R","E","T","?","R","$","R","M","R","B",null,"M","?","?","M","M","E"],"character_chosen":"IRONCLAD","items_purchased":["Rupture","Apotheosis","Inflame","Twin Strike","Shrug It Off","Flex"],"campfire_rested":2,"item_purchase_floors":[2,12,12,12,12,12],"current_hp_per_floor":[74,74,74,75,75,75,75,45,45,19,41,41,63,63,63,39,66,62,62,62,60,42,0,0],"gold":575,"neow_bonus":"THREE_ENEMY_KILL","is_daily":false,"chose_seed":false,"campfire_upgraded":2,"win_rate":0.0,"timestamp":1613247410,"path_taken":["M","$","?","?","?","E","R","E","T","?","R","?","R","?","R","BOSS","M","?","?","?","M","E"],"items_purchased_type":["Card","Card","Card","Card","Card","Card"],"build_version":"2020-12-22","purchased_purges":0,"victory":false,"max_hp_per_floor":[75,75,75,75,75,75,75,75,75,75,75,75,75,75,75,75,75,75,75,75,75,75,75,75],"card_choices":[{"not_picked":["Armaments","Perfected Strike"],"picked":"Metallicize","floor":1.0},{"not_picked":["Flex","Carnage"],"picked":"Heavy Blade","floor":4.0},{"not_picked":["Clash","Pommel Strike"],"picked":"Bloodletting","floor":6.0},{"not_picked":["Iron Wave","Armaments"],"picked":"Evolve","floor":8.0},{"not_picked":["Iron Wave","Burning Pact"],"picked":"Body Slam","floor":14.0},{"not_picked":["Exhume","Corruption"],"picked":"Brutality","floor":16.0},{"not_picked":["Inflame","Shrug It Off"],"picked":"Intimidate","floor":18.0},{"not_picked":["Rage","Heavy Blade"],"picked":"Whirlwind","floor":21.0},{"not_picked":["Havoc","Thunderclap"],"picked":"Shockwave","floor":22}],"player_experience":633877,"relics_obtained":[{"floor":6.0,"key":"CaptainsWheel"},{"floor":8.0,"key":"Centennial Puzzle"},{"floor":9.0,"key":"Thread and Needle"}],"event_choices":[{"damage_healed":0.0,"max_hp_gain":0.0,"max_hp_loss":0.0,"gold_gain":0.0,"event_name":"FaceTrader","player_choice":"Trade","floor":3.0,"gold_loss":0.0,"damage_taken":0.0,"relics_obtained":["SsserpentHead"]},{"damage_healed":0.0,"max_hp_gain":0.0,"max_hp_loss":0.0,"gold_gain":66.0,"event_name":"Golden Wing","player_choice":"Gained Gold","floor":5.0,"gold_loss":0.0,"damage_taken":0.0},{"damage_healed":0.0,"max_hp_gain":0.0,"max_hp_loss":0.0,"gold_gain":0.0,"event_name":"Scrap Ooze","player_choice":"Success","floor":10.0,"gold_loss":0.0,"damage_taken":26.0,"relics_obtained":["MawBank"]},{"damage_healed":0.0,"max_hp_gain":0.0,"max_hp_loss":0.0,"gold_gain":0.0,"event_name":"The Library","player_choice":"Read","floor":19.0,"gold_loss":0.0,"damage_taken":0.0,"cards_obtained":["Rage"]},{"damage_healed":0.0,"max_hp_gain":0.0,"max_hp_loss":0.0,"gold_gain":275.0,"event_name":"Golden Shrine","player_choice":"Desecrate","floor":20.0,"gold_loss":0.0,"damage_taken":0.0,"cards_obtained":["Regret"]}],"is_beta":false,"boss_relics":[{"not_picked":["Velvet Choker","Pandora\u0027s Box"],"picked":"SacredBark"}],"items_purged_floors":[],"is_endless":false,"potions_floor_spawned":[1,6,18,21],"killed_by":"Book of Stabbing","ascension_level":20}}