{"host":"6fh0uvaoh3e0g6do","time":1613229753,"event":{"mods":["AchievementEnabler","BaseMod","Downfall","Minty Spire (QoL Compilation)","Replay The Spire","StSLib"],"gold_per_floor":[112,112,131,149,159,159,178,103,103,119,136,136,136,236,236,340,340,340,340,96,96,96,96,96,96,96,96,96,96,96,48,48,48,48,48,48],"floor_reached":35,"language":"ENG","playtime":3602,"items_purged":["Regret"],"score":477,"play_id":"6d7c534f-20f8-4ecd-b007-a2f1b6b09c05","local_time":"20210213082233","is_ascension_mode":true,"campfire_choices":[{"data":"Clothesline","floor":6.0,"key":"SMITH"},{"data":"ReplayTheSpireMod:Strike From Hell","floor":12.0,"key":"SMITH"},{"data":"Feed","floor":15.0,"key":"SMITH"},{"data":"RitualDagger","floor":23.0,"key":"SMITH"},{"data":"Shockwave","floor":25.0,"key":"SMITH"},{"data":"Eclipse","floor":28.0,"key":"SMITH"},{"floor":32.0,"key":"REST"}],"circlet_count":0,"master_deck":["Strike_R","Strike_R","Strike_R","Strike_R","Strike_R","Defend_R","Defend_R","Defend_R","Defend_R","Bash+1","ReplayTheSpireMod:Strike From Hell+1","Headbutt+1","Clothesline+1","Battle Trance","Massacre","Languid","Feed+1","Voices","Eclipse+1","Heavy Blade+1","RitualDagger+1","Headbutt+1","Shockwave+1","Pommel Strike","Overencumbered","ReplayTheSpireMod:IOU","Twin Strike","Feed","Sword Boomerang","Replay:Many Hands"],"relics":["Burning Blood","Vajra","Pantograph","downfall:ExtraCursedKey","Ectoplasm","Replay:Ringing Soul","Strawberry","Bronze Scales","Bird Faced Urn","Fusion Hammer"],"acts_visited":["Exordium","TheCity","TheBeyond"],"potions_floor_usage":[35],"damage_taken":[{"damage":2.0,"enemies":"Jaw Worm","floor":1.0,"turns":3.0},{"damage":1.0,"enemies":"2 Louse","floor":3.0,"turns":2.0},{"damage":3.0,"enemies":"Small Slimes","floor":4.0,"turns":3.0},{"damage":21.0,"enemies":"Exordium Wildlife","floor":5.0,"turns":5.0},{"damage":11.0,"enemies":"Blue Slaver","floor":7.0,"turns":4.0},{"damage":9.0,"enemies":"3 Louse","floor":10.0,"turns":2.0},{"damage":20.0,"enemies":"Gremlin Gang","floor":11.0,"turns":4.0},{"damage":53.0,"enemies":"The Guardian","floor":16.0,"turns":9.0},{"damage":6.0,"enemies":"3 Byrds","floor":18.0,"turns":3.0},{"damage":11.0,"enemies":"Spheric Guardian","floor":19.0,"turns":3.0},{"damage":19.0,"enemies":"Snake Plant","floor":24.0,"turns":4.0},{"damage":0.0,"enemies":"Snecko","floor":27.0,"turns":3.0},{"damage":0.0,"enemies":"Sentry and Sphere","floor":29.0,"turns":3.0},{"damage":33.0,"enemies":"Book of Stabbing","floor":30.0,"turns":4.0},{"damage":113,"enemies":"Automaton","floor":33,"turns":9},{"damage":101,"enemies":"3 Shapes","floor":35,"turns":4}],"seed_played":"3631328810514367701","potions_obtained":[{"floor":3.0,"key":"Energy Potion"},{"floor":5.0,"key":"SneckoOil"},{"floor":10.0,"key":"Weak Potion"},{"floor":16.0,"key":"Flashbang"},{"floor":18.0,"key":"Strength Potion"},{"floor":27.0,"key":"Energy Potion"},{"floor":33,"key":"SkillPotion"}],"is_trial":false,"path_per_floor":["M","?","M","M","M","R","M","$","T","M","M","R","?","?","R","B",null,"M","M","$","?","?","R","M","R","T","M","R","M","E","$","R","B",null,"M"],"character_chosen":"IRONCLAD","items_purchased":["Replay:Ringing Soul","Sword Boomerang"],"campfire_rested":1,"item_purchase_floors":[20,31],"current_hp_per_floor":[80,80,80,80,65,65,60,60,60,57,43,43,43,43,43,25,84,88,87,87,84,94,94,84,84,87,96,96,106,82,85,122,20,127,32,32],"gold":48,"neow_bonus":"RANDOM_EVENT","is_daily":false,"chose_seed":false,"campfire_upgraded":6,"win_rate":0.0,"timestamp":1613229753,"path_taken":["M","?","M","M","M","R","M","$","T","M","M","R","?","?","R","BOSS","M","M","$","?","?","R","M","R","T","M","R","M","E","$","R","BOSS","M"],"items_purchased_type":["Relic","Card"],"build_version":"2020-12-22","purchased_purges":1,"victory":false,"max_hp_per_floor":[80,80,80,80,80,80,80,80,80,80,80,80,80,80,80,84,84,88,92,92,95,105,105,108,108,111,114,114,118,121,124,124,127,127,127,127],"card_choices":[{"not_picked":["Body Slam","Havoc"],"picked":"ReplayTheSpireMod:Strike From Hell","floor":1.0},{"not_picked":["Ghostly Armor","Clash"],"picked":"Headbutt","floor":3.0},{"not_picked":["Havoc","Run Through","ReplayTheSpireMod:Stacked"],"picked":"SKIP","floor":4.0},{"not_picked":["True Grit","Armaments"],"picked":"Clothesline","floor":5.0},{"not_picked":["Warcry","Exhume"],"picked":"Battle Trance","floor":7.0},{"not_picked":["Bloodletting","Searing Blow","Sword Boomerang"],"picked":"SKIP","floor":10.0},{"not_picked":["Sever Soul","Flex"],"picked":"Massacre","floor":11.0},{"not_picked":["Impervious","Exhume"],"picked":"Eclipse","floor":16.0},{"not_picked":["ReplayReversal","Carnage"],"picked":"Heavy Blade+1","floor":18.0},{"not_picked":["Wild Strike","True Grit+1","Cleave"],"picked":"SKIP","floor":19.0},{"not_picked":["True Grit","Run Through"],"picked":"Headbutt+1","floor":22.0},{"not_picked":["Shrug It Off+1","Uppercut"],"picked":"Shockwave","floor":22.0},{"not_picked":["Pummel","Immolate"],"picked":"Pommel Strike","floor":24.0},{"not_picked":["Blood for Blood","Abandon"],"picked":"Twin Strike","floor":27.0},{"not_picked":["Body Slam","Shrug It Off","Cleave"],"picked":"SKIP","floor":29.0},{"not_picked":["Power Through","Sword Boomerang+1"],"picked":"Feed","floor":30.0},{"not_picked":["Bludgeon","Demonic Infusion"],"picked":"Replay:Many Hands","floor":33},{"not_picked":["Iron Wave","Shrug It Off+1","Pummel+1"],"picked":"SKIP","floor":35}],"player_experience":19295,"relics_obtained":[{"floor":9.0,"key":"Pantograph"},{"floor":22.0,"key":"Strawberry"},{"floor":26.0,"key":"Bronze Scales"},{"floor":30.0,"key":"Bird Faced Urn"}],"event_choices":[{"damage_healed":0.0,"max_hp_gain":0.0,"max_hp_loss":0.0,"gold_gain":0.0,"event_name":"Living Wall","player_choice":"Grow","floor":0.0,"gold_loss":0.0,"damage_taken":0.0,"cards_upgraded":["Bash"]},{"damage_healed":0.0,"max_hp_gain":0.0,"max_hp_loss":0.0,"gold_gain":0.0,"event_name":"Big Fish","player_choice":"Box","floor":2.0,"gold_loss":0.0,"damage_taken":0.0,"relics_obtained":["Vajra"],"cards_obtained":["Regret"]},{"damage_healed":0.0,"max_hp_gain":0.0,"max_hp_loss":0.0,"gold_gain":0.0,"event_name":"Nest","player_choice":"Joined the Cult","floor":21.0,"gold_loss":0.0,"damage_taken":6.0,"cards_obtained":["RitualDagger"]}],"is_beta":false,"boss_relics":[{"not_picked":["Philosopher\u0027s Stone","Black Star"],"picked":"Ectoplasm"},{"not_picked":["Snecko Eye","Honey Jar"],"picked":"Fusion Hammer"}],"items_purged_floors":[8],"is_endless":false,"potions_floor_spawned":[3,5,10,16,18,27,33],"killed_by":"3 Shapes","ascension_level":3}}