{"host":"m4pe905ae9bldoe7","time":1613243050,"event":{"mods":["BaseMod","Bestiary","Block Reminder","Downfall","Minty Spire (QoL Compilation)","StSLib"],"gold_per_floor":[112,125,125,275,39,39,73,73,73,148,7,31,31,45,45,131,131,148,160,187,237,79,79,115,115,115,155,155,155],"floor_reached":28,"language":"ENG","playtime":563,"items_purged":["Doubt","Strike_R"],"score":512,"play_id":"41c5dc6b-d3ef-408b-975a-6b0adaa11e5a","local_time":"20210213200410","is_ascension_mode":true,"campfire_choices":[{"data":"Limit Break","floor":6,"key":"SMITH"},{"data":"Bash","floor":8,"key":"SMITH"},{"data":"Twin Strike","floor":15,"key":"SMITH"},{"data":"Limit Break","floor":23,"key":"SMITH"},{"floor":25,"key":"REST"}],"circlet_count":0,"master_deck":["AscendersBane","Defend_R","Defend_R","Defend_R","Defend_R","Bash+1","Thunderclap","Cleave","Limit Break+1","Rupture","Sword Boomerang+1","Twin Strike+1","Limit Break+1","Slimebound:Tackle+1","Slimebound:Tackle+1","Slimebound:Tackle+1","Disarm","Hemokinesis"],"relics":["Burning Blood","NeowsBlessing","Shuriken","CeramicFish","Pocketwatch","bronze:MakeshiftBattery","Lee\u0027s Waffle","Ancient Tea Set","Bag of Marbles"],"acts_visited":["Exordium","TheCity"],"potions_floor_usage":[19,28],"damage_taken":[{"damage":0,"enemies":"Jaw Worm","floor":1,"turns":1},{"damage":0,"enemies":"Small Slimes","floor":2,"turns":2},{"damage":0,"enemies":"Lagavulin","floor":7,"turns":1},{"damage":1,"enemies":"Cultist","floor":12,"turns":3},{"damage":0,"enemies":"Large Slime","floor":14,"turns":3},{"damage":35,"enemies":"Slime Boss","floor":16,"turns":8},{"damage":39,"enemies":"Shell Parasite","floor":18,"turns":4},{"damage":23,"enemies":"2 Thieves","floor":19,"turns":3},{"damage":71,"enemies":"Book of Stabbing","floor":24,"turns":5},{"damage":28,"enemies":"Gremlin Leader","floor":27,"turns":5},{"damage":23,"enemies":"Centurion and Healer","floor":28,"turns":1}],"seed_played":"3311251947210228759","potions_obtained":[{"floor":2,"key":"Swift Potion"},{"floor":12,"key":"GamblersBrew"},{"floor":18,"key":"DistilledChaos"},{"floor":27,"key":"Strength Potion"}],"is_trial":false,"path_per_floor":["M","M","?","?","$","R","E","R","T","?","$","M","?","M","R","B",null,"M","M","?","?","$","R","E","R","T","E","M"],"character_chosen":"IRONCLAD","items_purchased":["Limit Break","Sword Boomerang","Lee\u0027s Waffle"],"campfire_rested":1,"item_purchase_floors":[5,11,22],"current_hp_per_floor":[74,75,70,70,70,70,75,75,75,64,64,69,69,75,75,46,68,35,18,18,18,82,82,17,41,41,19,0,0],"gold":155,"neow_bonus":"THREE_ENEMY_KILL","is_daily":false,"chose_seed":false,"campfire_upgraded":4,"win_rate":0.0,"timestamp":1613243050,"path_taken":["M","M","?","?","?","R","E","R","T","?","$","M","?","M","R","BOSS","M","?","?","?","$","R","E","R","T","E","M"],"items_purchased_type":["Card","Card","Relic"],"build_version":"2020-12-22","purchased_purges":2,"victory":false,"max_hp_per_floor":[75,75,75,75,75,75,75,75,75,75,75,75,75,75,75,75,75,75,75,75,75,82,82,82,82,82,82,82,82],"card_choices":[{"not_picked":["Pommel Strike","True Grit"],"picked":"Thunderclap","floor":1},{"not_picked":["Clothesline","Fire Breathing"],"picked":"Cleave","floor":2},{"not_picked":["Havoc","Iron Wave"],"picked":"Rupture","floor":7},{"not_picked":["Fire Breathing","Warcry"],"picked":"Twin Strike","floor":12},{"not_picked":["Rampage","Cleave","Second Wind"],"picked":"SKIP","floor":14},{"not_picked":["Exhume","Juggernaut"],"picked":"Limit Break","floor":16},{"not_picked":["Body Slam","Entrench","Anger"],"picked":"SKIP","floor":18},{"not_picked":["True Grit","Flex","Warcry"],"picked":"SKIP","floor":19},{"not_picked":["Dark Embrace","Seeing Red+1"],"picked":"Disarm","floor":24},{"not_picked":["Perfected Strike","Evolve"],"picked":"Hemokinesis","floor":27}],"player_experience":591792,"relics_obtained":[{"floor":7,"key":"CeramicFish"},{"floor":9,"key":"Pocketwatch"},{"floor":24,"key":"Ancient Tea Set"},{"floor":27,"key":"Bag of Marbles"}],"event_choices":[{"damage_healed":0,"gold_gain":0,"player_choice":"Success","damage_taken":5,"relics_obtained":["Shuriken"],"max_hp_gain":0,"max_hp_loss":0,"event_name":"Scrap Ooze","floor":3,"gold_loss":0},{"damage_healed":0,"gold_gain":150,"player_choice":"AGREE","damage_taken":0,"max_hp_gain":0,"max_hp_loss":0,"event_name":"Liars Game","floor":4,"gold_loss":0,"cards_obtained":["Doubt"]},{"damage_healed":0,"gold_gain":75,"player_choice":"Gather Gold","damage_taken":11,"max_hp_gain":0,"max_hp_loss":0,"event_name":"World of Goop","floor":10,"gold_loss":0},{"damage_healed":0,"gold_gain":0,"player_choice":"Upgraded","damage_taken":0,"max_hp_gain":0,"max_hp_loss":0,"event_name":"Upgrade Shrine","floor":13,"gold_loss":0,"cards_upgraded":["Sword Boomerang"]},{"damage_healed":0,"gold_gain":50,"player_choice":"Stole From Cult","damage_taken":0,"max_hp_gain":0,"max_hp_loss":0,"event_name":"Nest","floor":21,"gold_loss":0}],"is_beta":false,"boss_relics":[{"not_picked":["Busted Crown","Runic Cube"],"picked":"bronze:MakeshiftBattery"}],"items_purged_floors":[5,11],"is_endless":false,"potions_floor_spawned":[2,12,18,27],"killed_by":"Centurion and Healer","ascension_level":17}}