{"host":"4t0z2wyk4ymtbfy7","time":1613219813,"event":{"mods":["AchievementEnabler","BaseMod","Colored Map","Colored Powertips","DeckTracker","Keyboard Shortcuts","Marisa£¨Ùöéë¡¡Øª×âÞÞ£©","Minty Spire (QoL Compilation)","SuperFastMode","Td1madao Mod"],"gold_per_floor":[113,77,77,96,106,133,145,157,157],"floor_reached":8,"language":"KOR","playtime":142,"items_purged":[],"score":59,"play_id":"69b40e5a-e181-4d32-b62e-8f7ffebaa291","local_time":"20210213213653","is_ascension_mode":true,"campfire_choices":[{"floor":7,"key":"REST"}],"circlet_count":0,"master_deck":["Strike_B","Strike_B","Strike_B","Strike_B","Defend_B","Defend_B","Defend_B","Defend_B","Zap","Dualcast","Conserve Battery","Capacitor","Sunder","Genetic Algorithm"],"relics":["Cracked Core","NeowsBlessing","Ginger","MawBank"],"acts_visited":["Exordium"],"potions_floor_usage":[],"damage_taken":[{"damage":0,"enemies":"Small Slimes","floor":1,"turns":1},{"damage":0,"enemies":"Cultist","floor":4,"turns":1},{"damage":0,"enemies":"Jaw Worm","floor":5,"turns":1},{"damage":58,"enemies":"Gremlin Nob","floor":6,"turns":6},{"damage":0,"enemies":"Lagavulin","floor":8,"turns":2}],"seed_played":"-5142336949435363049","potions_obtained":[{"floor":4,"key":"SkillPotion"},{"floor":5,"key":"BlessingOfTheForge"},{"floor":6,"key":"Fire Potion"}],"is_trial":false,"path_per_floor":["M","$","?","M","M","E","R","E"],"character_chosen":"DEFECT","items_purchased":["Capacitor"],"campfire_rested":1,"item_purchase_floors":[2],"current_hp_per_floor":[75,75,75,75,75,17,39,39,39],"gold":157,"neow_bonus":"THREE_ENEMY_KILL","is_daily":false,"chose_seed":false,"campfire_upgraded":0,"win_rate":0.0,"timestamp":1613219813,"path_taken":["M","$","?","?","M","E","R","E"],"items_purchased_type":["Card"],"build_version":"2020-12-22","purchased_purges":0,"victory":false,"max_hp_per_floor":[75,75,75,75,75,75,75,75,75],"card_choices":[{"not_picked":["Leap","Redo"],"picked":"Conserve Battery","floor":1},{"not_picked":["Undo","Cold Snap","Rebound"],"picked":"SKIP","floor":4},{"not_picked":["Hologram","Redo"],"picked":"Sunder","floor":5},{"not_picked":["Barrage","Loop"],"picked":"Genetic Algorithm","floor":6}],"player_experience":104182,"relics_obtained":[{"floor":3,"key":"Ginger"},{"floor":6,"key":"MawBank"}],"event_choices":[{"damage_healed":0,"gold_gain":0,"player_choice":"Relic","damage_taken":0,"max_hp_gain":0,"max_hp_loss":0,"event_name":"Wheel of Change","floor":3,"gold_loss":0}],"is_beta":false,"boss_relics":[],"items_purged_floors":[],"is_endless":false,"potions_floor_spawned":[4,5,6],"killed_by":"Lagavulin","ascension_level":1}}