{"host":"xg4r5pv6chpuampg","time":1613218607,"event":{"mods":["AchievementEnabler","BaseMod","Googly Eyes","Minty Spire (QoL Compilation)"],"gold_per_floor":[119,119,136,136,44,44,44,62,85,109,109,150,150,164,164,290,290,303,324,347,347,363,37,37,37,37,37,57,92,7,26,26,157,157,173,173,188,251,102,145,107,143,143,168,168,168,18,32,32,32,32,32,32,66,66,66],"floor_reached":55,"language":"ENG","playtime":2567,"items_purged":[],"score":695,"play_id":"84390f3d-9e56-409a-9733-0480734d2b60","local_time":"20210213151647","is_ascension_mode":false,"campfire_choices":[{"data":"Storm","floor":6,"key":"SMITH"},{"floor":15,"key":"REST"},{"floor":24,"key":"REST"},{"floor":27,"key":"REST"},{"floor":32,"key":"REST"},{"floor":46,"key":"RECALL"},{"floor":49,"key":"REST"},{"data":"Electrodynamics","floor":52,"key":"SMITH"}],"circlet_count":0,"master_deck":["Zap","Dualcast","Thunder Strike+1","Storm+1","Ball Lightning","Rainbow","Reinforced Body","Glacier","Buffer","Genetic Algorithm","Electrodynamics+1","Darkness","Beam Cell","Thunder Strike+1","Rip and Tear+1","Go for the Eyes","Beam Cell","Force Field","Conserve Battery","Defragment","Self Repair","Static Discharge","Coolheaded+1","Seek","Seek","Force Field+1","Streamline+1","Capacitor+1","Heatsinks","Seek"],"relics":["Cracked Core","Golden Idol","Blood Vial","CaptainsWheel","Gremlin Horn","Pandora\u0027s Box","Bird Faced Urn","Whetstone","Dream Catcher","SlaversCollar","Ice Cream","Boot","TungstenRod","MealTicket","Meat on the Bone","OrangePellets","Bottled Flame"],"acts_visited":["Exordium","TheCity","TheBeyond","TheEnding"],"potions_floor_usage":[12,20,33,35,44,50,54,55],"damage_taken":[{"damage":1,"enemies":"Cultist","floor":1,"turns":3},{"damage":0,"enemies":"Small Slimes","floor":3,"turns":3},{"damage":1,"enemies":"Jaw Worm","floor":8,"turns":3},{"damage":7,"enemies":"Blue Slaver","floor":10,"turns":3},{"damage":22,"enemies":"Lagavulin","floor":12,"turns":5},{"damage":8,"enemies":"Red Slaver","floor":14,"turns":3},{"damage":27,"enemies":"The Guardian","floor":16,"turns":12},{"damage":23,"enemies":"3 Byrds","floor":18,"turns":3},{"damage":21,"enemies":"Shell Parasite","floor":19,"turns":6},{"damage":14,"enemies":"Snake Plant","floor":20,"turns":5},{"damage":0,"enemies":"Centurion and Healer","floor":22,"turns":4},{"damage":0,"enemies":"Snecko","floor":28,"turns":3},{"damage":33,"enemies":"Slavers","floor":29,"turns":4},{"damage":0,"enemies":"3 Cultists","floor":31,"turns":4},{"damage":4,"enemies":"Champ","floor":33,"turns":9},{"damage":13,"enemies":"Orb Walker","floor":35,"turns":4},{"damage":24,"enemies":"3 Shapes","floor":37,"turns":2},{"damage":0,"enemies":"Mind Bloom Boss Battle","floor":38,"turns":5},{"damage":24,"enemies":"Giant Head","floor":40,"turns":7},{"damage":9,"enemies":"Nemesis","floor":42,"turns":6},{"damage":26,"enemies":"Transient","floor":44,"turns":5},{"damage":24,"enemies":"Maw","floor":48,"turns":8},{"damage":18,"enemies":"Time Eater","floor":50,"turns":9},{"damage":42,"enemies":"Shield and Spear","floor":54,"turns":5},{"damage":84,"enemies":"The Heart","floor":55,"turns":5}],"seed_played":"3462373015430707774","potions_obtained":[{"floor":3,"key":"AttackPotion"},{"floor":8,"key":"Energy Potion"},{"floor":19,"key":"ColorlessPotion"},{"floor":20,"key":"Weak Potion"},{"floor":28,"key":"Block Potion"},{"floor":31,"key":"Strength Potion"},{"floor":33,"key":"FocusPotion"},{"floor":35,"key":"SpeedPotion"},{"floor":42,"key":"Block Potion"},{"floor":54,"key":"Swift Potion"}],"is_trial":false,"path_per_floor":["M","?","M","?","$","R","?","M","T","M","?","E","?","M","R","B",null,"M","M","M","?","M","$","R","$","T","R","M","E","?","M","R","B",null,"M","?","M","?","$","E","$","E","T","M","?","R","$","M","R","B",null,"R","$","E","B"],"character_chosen":"DEFECT","items_purchased":["Storm","Ball Lightning","Self Repair","Bird Faced Urn","Boot","Heatsinks","OrangePellets"],"campfire_rested":5,"item_purchase_floors":[5,5,23,23,39,41,47],"current_hp_per_floor":[74,74,74,56,56,56,56,55,55,50,75,53,53,47,69,44,75,52,33,21,21,23,23,45,45,45,67,75,48,48,56,75,71,75,64,64,48,67,67,62,62,75,75,64,64,64,75,68,75,74,75,75,75,48,0,0],"gold":66,"neow_bonus":"ONE_RANDOM_RARE_CARD","is_daily":false,"chose_seed":false,"campfire_upgraded":2,"win_rate":0.0,"timestamp":1613218607,"path_taken":["M","?","M","?","$","R","?","M","T","M","?","E","?","M","R","BOSS","M","M","?","?","M","$","R","$","T","R","M","E","?","M","R","BOSS","M","?","?","?","$","E","$","E","T","M","?","R","$","M","R","BOSS","R","$","E","BOSS"],"items_purchased_type":["Card","Card","Card","Relic","Relic","Card","Relic"],"build_version":"2020-12-22","purchased_purges":0,"victory":false,"max_hp_per_floor":[75,75,75,75,75,75,75,75,75,75,75,75,75,75,75,75,75,75,75,75,75,75,75,75,75,75,75,75,75,75,75,75,75,75,75,75,75,75,75,75,75,75,75,75,75,75,75,75,75,75,75,75,75,75,75,75],"card_choices":[{"not_picked":["Cold Snap","Tempest","Compile Driver"],"picked":"SKIP","floor":1},{"not_picked":["Hologram","Sweeping Beam","Undo"],"picked":"SKIP","floor":3},{"not_picked":["Beam Cell","Darkness"],"picked":"Rainbow","floor":8},{"not_picked":["Sweeping Beam","Turbo"],"picked":"Reinforced Body","floor":10},{"not_picked":["Go for the Eyes","Leap"],"picked":"Glacier","floor":12},{"not_picked":["Chill","Barrage","Turbo"],"picked":"SKIP","floor":14},{"not_picked":["Hyperbeam","Thunder Strike"],"picked":"Buffer","floor":16},{"not_picked":["Glacier+1","Leap"],"picked":"Force Field","floor":18},{"not_picked":["Redo","Cold Snap"],"picked":"Conserve Battery","floor":19},{"not_picked":["Gash","Cold Snap+1"],"picked":"Defragment","floor":20},{"not_picked":["Gash","Hologram","Force Field"],"picked":"SKIP","floor":22},{"not_picked":["Reinforced Body+1","Go for the Eyes+1"],"picked":"Static Discharge","floor":28},{"not_picked":["Chaos+1","Go for the Eyes"],"picked":"Coolheaded+1","floor":29},{"not_picked":["Go for the Eyes","Hologram","Glacier+1"],"picked":"SKIP","floor":31},{"not_picked":["Leap","Turbo"],"picked":"Seek","floor":32},{"not_picked":["Echo Form","All For One"],"picked":"Seek","floor":33},{"not_picked":["Genetic Algorithm","Gash"],"picked":"Force Field+1","floor":35},{"not_picked":["Turbo","Rebound+1"],"picked":"Streamline+1","floor":37},{"not_picked":["Static Discharge","Streamline+1"],"picked":"Capacitor+1","floor":40},{"not_picked":["Amplify","Ball Lightning","Redo+1"],"picked":"SKIP","floor":42},{"not_picked":["Cold Snap","Fission","Barrage+1"],"picked":"SKIP","floor":44},{"not_picked":["Coolheaded","Darkness","Conserve Battery+1"],"picked":"SKIP","floor":48},{"not_picked":["Steam+1","Hologram"],"picked":"Seek","floor":54}],"player_experience":118955,"relics_obtained":[{"floor":9,"key":"Blood Vial"},{"floor":12,"key":"CaptainsWheel"},{"floor":29,"key":"Whetstone"},{"floor":38,"key":"Ice Cream"},{"floor":40,"key":"TungstenRod"},{"floor":42,"key":"MealTicket"},{"floor":43,"key":"Meat on the Bone"},{"floor":54,"key":"Bottled Flame"}],"event_choices":[{"damage_healed":0,"gold_gain":0,"player_choice":"Ignored","damage_taken":0,"max_hp_gain":0,"max_hp_loss":0,"event_name":"Golden Wing","floor":2,"gold_loss":0},{"damage_healed":0,"gold_gain":0,"player_choice":"Take Damage","damage_taken":18,"relics_obtained":["Golden Idol"],"max_hp_gain":0,"max_hp_loss":0,"event_name":"Golden Idol","floor":4,"gold_loss":0},{"damage_healed":0,"gold_gain":0,"player_choice":"Grow","damage_taken":0,"max_hp_gain":0,"max_hp_loss":0,"event_name":"Living Wall","floor":7,"gold_loss":0,"cards_upgraded":["Thunder Strike"]},{"damage_healed":25,"gold_gain":0,"player_choice":"Banana","damage_taken":0,"max_hp_gain":0,"max_hp_loss":0,"event_name":"Big Fish","floor":11,"gold_loss":0},{"damage_healed":0,"gold_gain":0,"player_choice":"Gave Potion","damage_taken":0,"relics_obtained":["Gremlin Horn"],"max_hp_gain":0,"max_hp_loss":0,"event_name":"WeMeetAgain","floor":13,"gold_loss":0},{"damage_healed":0,"gold_gain":0,"player_choice":"Ignored","damage_taken":0,"max_hp_gain":0,"max_hp_loss":0,"event_name":"Beggar","floor":21,"gold_loss":0},{"damage_healed":0,"gold_gain":0,"player_choice":"Obtained Relic","damage_taken":0,"relics_obtained":["Dream Catcher"],"max_hp_gain":0,"max_hp_loss":0,"event_name":"Addict","floor":30,"gold_loss":85},{"damage_healed":0,"gold_gain":0,"player_choice":"Ignored","damage_taken":0,"max_hp_gain":0,"max_hp_loss":0,"event_name":"NoteForYourself","floor":36,"gold_loss":0},{"damage_healed":0,"gold_gain":0,"player_choice":"Fight","damage_taken":0,"max_hp_gain":0,"max_hp_loss":0,"event_name":"MindBloom","floor":38,"gold_loss":0},{"damage_healed":0,"gold_gain":0,"player_choice":"Ignored","damage_taken":0,"max_hp_gain":0,"max_hp_loss":0,"event_name":"Duplicator","floor":45,"gold_loss":0}],"is_beta":false,"boss_relics":[{"not_picked":["Empty Cage","Cursed Key"],"picked":"Pandora\u0027s Box"},{"not_picked":["Runic Pyramid","Busted Crown"],"picked":"SlaversCollar"}],"items_purged_floors":[],"is_endless":false,"potions_floor_spawned":[3,8,19,20,28,31,33,35,42,54],"killed_by":"The Heart","ascension_level":0}}