{"host":"w01zow3jg16g8jdh","time":1613220470,"event":{"mods":["2.2 Compatiblity","AchievementEnabler","BaseMod","DeckTracker","Hermit","Keyboard Shortcuts","Marisa£¨Ùöéë¡¡Øª×âÞÞ£©","Minty Spire (QoL Compilation)","Permanent Neow","StSLib","SuperFastMode"],"gold_per_floor":[112,187,206,221,221,221,239,274,274,291,291,323,102,117,117,217,267,284,315,325,344,363,363,392,404,404,404,424,179,214,89,89,186,186,196,418,441,458,478,478,478,478],"floor_reached":41,"language":"KOR","playtime":1133,"items_purged":["Strike_MRS","Strike_MRS","Strike_MRS"],"score":693,"play_id":"27ac72c9-4099-4201-8d16-4f2b4a2aea67","local_time":"20210213214750","is_ascension_mode":true,"campfire_choices":[{"data":"GrandCross","floor":6,"key":"SMITH"},{"floor":11,"key":"REST"},{"floor":15,"key":"REST"},{"floor":23,"key":"REST"},{"data":"BinaryStars","floor":32,"key":"SMITH"},{"data":"GrandCross","floor":40,"key":"SMITH"}],"circlet_count":0,"master_deck":["Strike_MRS","Defend_MRS","Defend_MRS","Defend_MRS","MasterSpark+1","UpSweep","GrandCross+1","SporeBomb","Acceleration","BinaryStars+1","NonDirectionalLaser+1","AsteroidBelt+1","SuperPerseids+1","PropBag+1","TreasureHunter","GrandCross+1"],"relics":["MiniHakkero","Blue Candle","BreadOfAWashokuLover","Orichalcum","Regal Pillow","Tiny House","Red Mask","Toxic Egg 2","Anchor","MealTicket","Lee\u0027s Waffle","Happy Flower","SacredBark","Gremlin Horn"],"acts_visited":["Exordium","TheCity","TheBeyond"],"potions_floor_usage":[8,8,12,14,18,19,21,21,24,28,28,33,41],"damage_taken":[{"damage":6,"enemies":"Cultist","floor":1,"turns":3},{"damage":0,"enemies":"2 Louse","floor":3,"turns":2},{"damage":7,"enemies":"Jaw Worm","floor":4,"turns":4},{"damage":18,"enemies":"Red Slaver","floor":7,"turns":4},{"damage":0,"enemies":"Gremlin Nob","floor":8,"turns":2},{"damage":7,"enemies":"2 Fungi Beasts","floor":10,"turns":3},{"damage":20,"enemies":"Lagavulin","floor":12,"turns":3},{"damage":2,"enemies":"Exordium Wildlife","floor":14,"turns":2},{"damage":42,"enemies":"Slime Boss","floor":16,"turns":10},{"damage":0,"enemies":"3 Byrds","floor":18,"turns":5},{"damage":6,"enemies":"Masked Bandits","floor":19,"turns":3},{"damage":32,"enemies":"2 Thieves","floor":20,"turns":4},{"damage":15,"enemies":"Snecko","floor":21,"turns":4},{"damage":9,"enemies":"Centurion and Healer","floor":22,"turns":4},{"damage":6,"enemies":"Gremlin Leader","floor":24,"turns":5},{"damage":21,"enemies":"Snake Plant","floor":25,"turns":3},{"damage":15,"enemies":"Sentry and Sphere","floor":28,"turns":5},{"damage":1,"enemies":"Slavers","floor":30,"turns":5},{"damage":100,"enemies":"Champ","floor":33,"turns":9},{"damage":10,"enemies":"3 Darklings","floor":35,"turns":5},{"damage":0,"enemies":"3 Shapes","floor":38,"turns":3},{"damage":29,"enemies":"Transient","floor":39,"turns":5},{"damage":39,"enemies":"Maw","floor":41,"turns":6}],"seed_played":"-1775078154290119344","potions_obtained":[{"floor":0,"key":"SpeedPotion"},{"floor":0,"key":"ShroomBrew"},{"floor":0,"key":"Strength Potion"},{"floor":4,"key":"Fire Potion"},{"floor":8,"key":"Fire Potion"},{"floor":14,"key":"Ancient Potion"},{"floor":16,"key":"Regen Potion"},{"floor":17,"key":"AttackPotion"},{"floor":20,"key":"LiquidMemories"},{"floor":21,"key":"LiquidMemories"},{"floor":24,"key":"BlessingOfTheForge"},{"floor":25,"key":"SteroidPotion"},{"floor":28,"key":"SkillPotion"},{"floor":33,"key":"CultistPotion"},{"floor":35,"key":"SmokeBomb"},{"floor":39,"key":"SkillPotion"}],"is_trial":false,"path_per_floor":["M","?","M","M","?","R","M","E","T","M","R","E","$","M","R","B",null,"M","?","M","M","M","R","E","M","T","?","M","$","E","$","R","B",null,"M","?","T","M","M","R","M"],"character_chosen":"MARISA","items_purchased":["Regal Pillow","Lee\u0027s Waffle"],"campfire_rested":3,"item_purchase_floors":[13,29],"current_hp_per_floor":[62,51,51,44,37,37,19,19,19,12,34,14,14,12,49,7,63,63,57,25,22,13,52,46,25,25,25,10,87,86,87,87,33,74,64,64,64,64,35,35,0,0],"gold":478,"neow_bonus":"THREE_SMALL_POTIONS","is_daily":false,"chose_seed":false,"campfire_upgraded":3,"win_rate":0.0,"timestamp":1613220470,"path_taken":["M","?","M","M","?","R","M","E","T","M","R","E","?","?","R","BOSS","M","?","M","M","M","R","E","M","T","?","?","?","E","$","R","BOSS","M","?","?","M","M","R","M"],"items_purchased_type":["Relic","Relic"],"build_version":"2020-12-22","purchased_purges":3,"victory":false,"max_hp_per_floor":[75,75,75,75,75,75,75,75,75,75,75,75,75,75,75,75,80,80,80,80,80,80,80,80,80,80,80,80,87,87,87,87,87,87,87,87,87,87,87,87,87,87],"card_choices":[{"not_picked":["WitchLeyline","MilkyWay","Orbital"],"picked":"SKIP","floor":1},{"not_picked":["SuperPerseids","MilkyWay"],"picked":"GrandCross","floor":3},{"not_picked":["IllusionStar","GasGiant"],"picked":"SporeBomb","floor":4},{"not_picked":["RefractionSpark","LuminesStrike","DC"],"picked":"SKIP","floor":7},{"not_picked":["DarkSpark","UnstableBomb","DC"],"picked":"SKIP","floor":8},{"not_picked":["WitchOfGreed","WitchLeyline","SporeBomb"],"picked":"SKIP","floor":10},{"not_picked":["PowerUp","AsteroidBelt"],"picked":"Acceleration","floor":12},{"not_picked":["RefractionSpark","JA","WitchLeyline"],"picked":"SKIP","floor":14},{"not_picked":["AbsoluteMagnitude","StarDustReverie"],"picked":"BinaryStars","floor":16},{"not_picked":["IllusionStar+1","SporeBomb"],"picked":"NonDirectionalLaser+1","floor":18},{"not_picked":["SporeBomb","IllusionStar+1"],"picked":"AsteroidBelt+1","floor":20},{"not_picked":["UnstableBomb+1","NonDirectionalLaser","ShootingEcho+1"],"picked":"SKIP","floor":21},{"not_picked":["UnstableBomb+1","NonDirectionalLaser","ShootingEcho+1"],"picked":"SKIP","floor":21},{"not_picked":["MilkyWay","LuminesStrike","GasGiant"],"picked":"SKIP","floor":22},{"not_picked":["GasGiant+1","NonDirectionalLaser+1","IllusionStar+1"],"picked":"SKIP","floor":24},{"not_picked":["RefractionSpark","DoubleSpark"],"picked":"SuperPerseids+1","floor":25},{"not_picked":["AsteroidBelt+1","UnstableBomb","GravityBeat"],"picked":"SKIP","floor":28},{"not_picked":["RefractionSpark","UltimateShortwave+1"],"picked":"PropBag+1","floor":30},{"not_picked":["JA","EscapeVelocity"],"picked":"TreasureHunter","floor":33},{"not_picked":["AlicesGift+1","EnergyRecoil+1","PowerUp+1"],"picked":"SKIP","floor":35},{"not_picked":["LuminesStrike","WitchLeyline","NonDirectionalLaser+1"],"picked":"SKIP","floor":38},{"not_picked":["GravityBeat+1","PowerUp+1"],"picked":"GrandCross","floor":39}],"player_experience":380238,"relics_obtained":[{"floor":8,"key":"Blue Candle"},{"floor":9,"key":"BreadOfAWashokuLover"},{"floor":12,"key":"Orichalcum"},{"floor":19,"key":"Red Mask"},{"floor":24,"key":"Toxic Egg 2"},{"floor":26,"key":"Anchor"},{"floor":27,"key":"MealTicket"},{"floor":30,"key":"Happy Flower"}],"event_choices":[{"damage_healed":0,"gold_gain":75,"player_choice":"Gather Gold","damage_taken":11,"max_hp_gain":0,"max_hp_loss":0,"event_name":"World of Goop","floor":2,"gold_loss":0},{"cards_removed":["Defend_MRS"],"damage_healed":0,"gold_gain":0,"player_choice":"Card Removal","damage_taken":7,"max_hp_gain":0,"max_hp_loss":0,"event_name":"Golden Wing","floor":5,"gold_loss":0},{"damage_healed":0,"gold_gain":0,"player_choice":"Fought Bandits","damage_taken":0,"max_hp_gain":0,"max_hp_loss":0,"event_name":"Masked Bandits","floor":19,"gold_loss":0},{"damage_healed":0,"gold_gain":0,"player_choice":"Relic","damage_taken":0,"max_hp_gain":0,"max_hp_loss":0,"event_name":"Wheel of Change","floor":27,"gold_loss":0},{"damage_healed":0,"gold_gain":222,"player_choice":"Wore Mask","damage_taken":0,"max_hp_gain":0,"max_hp_loss":0,"event_name":"Tomb of Lord Red Mask","floor":36,"gold_loss":0}],"is_beta":false,"boss_relics":[{"not_picked":["Runic Dome","Pandora\u0027s Box"],"picked":"Tiny House"},{"not_picked":["Velvet Choker","Busted Crown"],"picked":"SacredBark"}],"items_purged_floors":[13,29,31],"is_endless":false,"potions_floor_spawned":[3,4,8,14,16,20,21,24,25,28,33,35,39],"killed_by":"Maw","ascension_level":7}}