{"host":"42xf941fomyavgzy","time":1613217781,"event":{"mods":["Act Like it!","Astrologer","BaseMod","Colored Map","Minty Spire (QoL Compilation)","Shop Mod","StSLib","SuperFastMode","The Cursed"],"gold_per_floor":[116,136,136,83,29,55,69,89,89,120,49,81,81,92,92,92,92],"floor_reached":16,"language":"JPN","playtime":613,"items_purged":[],"score":189,"play_id":"8f09614d-a4fa-46eb-a2f7-79912f2a3046","local_time":"20210213210301","is_ascension_mode":true,"campfire_choices":[{"floor":13,"key":"REST"},{"floor":15,"key":"REST"}],"circlet_count":0,"master_deck":["Strike_G","Strike_G","Strike_G","Strike_G","Defend_G","Defend_G","Defend_G","Defend_G","Defend_G","Survivor","Neutralize","Slice","Caltrops","Poisoned Stab","PiercingWail","Outmaneuver","Dagger Throw","Dagger Spray","PiercingWail","Footwork","Glass Knife","Catalyst"],"relics":["Ring of the Snake","NeowsBlessing","MealTicket","Mummified Hand","WingedGreaves","Shovel"],"acts_visited":["Exordium"],"potions_floor_usage":[10],"damage_taken":[{"damage":0,"enemies":"Small Slimes","floor":1,"turns":1},{"damage":0,"enemies":"Cultist","floor":2,"turns":1},{"damage":0,"enemies":"Gremlin Nob","floor":6,"turns":1},{"damage":0,"enemies":"2 Louse","floor":7,"turns":3},{"damage":4,"enemies":"2 Fungi Beasts","floor":8,"turns":4},{"damage":6,"enemies":"3 Sentries","floor":10,"turns":6},{"damage":57,"enemies":"Gremlin Nob","floor":12,"turns":6},{"damage":5,"enemies":"Exordium Wildlife","floor":14,"turns":5},{"damage":51,"enemies":"Slime Boss","floor":16,"turns":8}],"seed_played":"-6560008724615026539","potions_obtained":[{"floor":6,"key":"ColorlessPotion"},{"floor":7,"key":"Ancient Potion"},{"floor":12,"key":"GhostInAJar"}],"is_trial":false,"path_per_floor":["M","M","?","$","$","E","M","M","T","E","$","E","R","M","R","B"],"character_chosen":"THE_SILENT","items_purchased":["Poisoned Stab","PiercingWail","Footwork"],"campfire_rested":2,"item_purchase_floors":[4,5,11],"current_hp_per_floor":[63,63,63,63,63,63,63,59,59,53,68,11,32,27,48,0,0],"gold":92,"neow_bonus":"THREE_ENEMY_KILL","is_daily":false,"chose_seed":false,"campfire_upgraded":0,"win_rate":0.0,"timestamp":1613217781,"path_taken":["M","M","?","?","$","E","M","M","T","E","$","E","R","M","R","BOSS"],"items_purchased_type":["Card","Card","Card"],"build_version":"2020-12-22","purchased_purges":0,"victory":false,"max_hp_per_floor":[70,70,70,70,70,70,70,70,70,70,70,70,70,70,70,70,70],"card_choices":[{"not_picked":["Acrobatics","Cloak And Dagger"],"picked":"Slice","floor":1},{"not_picked":["Dagger Throw","Dagger Spray"],"picked":"Caltrops","floor":2},{"not_picked":["Prepared","Flying Knee"],"picked":"Outmaneuver","floor":6},{"not_picked":["Bane","Backstab"],"picked":"Dagger Throw","floor":7},{"not_picked":["Endless Agony","Reflex"],"picked":"Dagger Spray","floor":8},{"not_picked":["Quick Slash","Backstab"],"picked":"PiercingWail","floor":10},{"not_picked":["Prepared","Terror"],"picked":"Glass Knife","floor":12},{"not_picked":["Cloak And Dagger","Deadly Poison"],"picked":"Catalyst","floor":14}],"player_experience":484262,"relics_obtained":[{"floor":6,"key":"MealTicket"},{"floor":9,"key":"Mummified Hand"},{"floor":10,"key":"WingedGreaves"},{"floor":12,"key":"Shovel"}],"event_choices":[{"cards_removed":["Strike_G"],"damage_healed":0,"gold_gain":0,"player_choice":"Purged","damage_taken":0,"max_hp_gain":0,"max_hp_loss":0,"event_name":"Purifier","floor":3,"gold_loss":0}],"is_beta":false,"boss_relics":[],"items_purged_floors":[],"is_endless":false,"potions_floor_spawned":[6,7,12],"killed_by":"Slime Boss","ascension_level":6}}