{"host":"se54kqb5s2qquozl","time":1613190491,"event":{"mods":["BaseMod","Colored Powertips","Downfall","Hermit","Minty Spire (QoL Compilation)","Replay The Spire","StSLib"],"gold_per_floor":[99,111,121,34,44,57,81,81,106,106,124,124,155,255,270,374,424,424,436,448,267,267,293,316,316,116,126,141,173,173,184,197,301,301,301,318,332,352,370,370,396,442,442,460,489,489,500,512,532,532],"floor_reached":51,"language":"ENG","playtime":3546,"items_purged":[],"score":951,"play_id":"a72b1909-d2b9-4cd8-88eb-4a06a5c1f624","local_time":"20210212222811","is_ascension_mode":true,"campfire_choices":[{"data":"champ:Execute","floor":1,"key":"SMITH"},{"data":"champ:Encircle","floor":8,"key":"SMITH"},{"data":"Pot Of Greed","floor":12,"key":"SMITH"},{"data":"champ:ArenaPreparation","floor":18,"key":"SMITH"},{"data":"Pot Of Greed","floor":26,"key":"SMITH"},{"floor":30,"key":"REST"},{"data":"champ:ArenaPreparation","floor":35,"key":"SMITH"},{"data":"champ:ShieldWall","floor":40,"key":"SMITH"},{"data":"champ:Improvising","floor":46,"key":"SMITH"}],"circlet_count":0,"master_deck":["champ:Strike","champ:Strike","champ:Strike","champ:Defend","champ:Defend","champ:Defend+1","champ:Defend","champ:Execute+1","champ:Taunt","champ:Encircle+1","champ:BerserkersShout+1","champ:ArenaPreparation+1","champ:ShieldWall+1","champ:ArenaPreparation+1","Pot Of Greed+1","Pot Of Greed+1","champ:Improvising+1","champ:EndlessRage+1","champ:Duel","champ:DeathBlow","champ:TripleStrike+1","champ:ArenaPreparation+1","champ:BladeFlurry+1","champ:ArenaPreparation+1","expansioncontent:StudyTheSpire+1","Pot Of Greed+1","Necronomicurse","champ:IronFortress","champ:UltimateStance+1","champ:LastStand+1","champ:ShieldSlam+1","champ:MurderStrike+1","champ:DeathBlow+1"],"relics":["champ:ChampionCrownUpgraded","Toy Ornithopter","Grinning Jar","Golden Egg","CloakClasp","Tiny House","Necronomicon","Strawberry","downfall:HeartBlessingGreen","downfall:HeartBlessingBlue","champ:DefensiveTrainingManual","War Paint","Calipers","Pantograph"],"acts_visited":["Exordium","TheCity","TheBeyond"],"potions_floor_usage":[11,14,16,19],"damage_taken":[{"damage":10,"enemies":"2 Louse","floor":2,"turns":3},{"damage":21,"enemies":"Jaw Worm","floor":3,"turns":3},{"damage":25,"enemies":"downfall:FleeingMerchant","floor":4,"turns":4},{"damage":5,"enemies":"Cultist","floor":5,"turns":3},{"damage":18,"enemies":"Exordium Wildlife","floor":6,"turns":4},{"damage":53,"enemies":"Replay:BlueRogue","floor":9,"turns":5},{"damage":10,"enemies":"2 Fungi Beasts","floor":11,"turns":2},{"damage":55,"enemies":"Lagavulin","floor":13,"turns":6},{"damage":102,"enemies":"Lagavulin","floor":14,"turns":8},{"damage":35,"enemies":"Large Slime","floor":15,"turns":6},{"damage":25,"enemies":"DF_ARCHETYPE_STREAMLINE","floor":16,"turns":7},{"damage":76,"enemies":"3 Byrds","floor":19,"turns":5},{"damage":44,"enemies":"Centurion and Healer","floor":20,"turns":7},{"damage":35,"enemies":"downfall:FleeingMerchant","floor":21,"turns":4},{"damage":30,"enemies":"Replay:Snechameleon","floor":23,"turns":5},{"damage":22,"enemies":"Snecko","floor":27,"turns":4},{"damage":65,"enemies":"3 Cultists","floor":28,"turns":4},{"damage":40,"enemies":"Gremlin Leader","floor":29,"turns":5},{"damage":23,"enemies":"Sentry and Sphere","floor":31,"turns":5},{"damage":15,"enemies":"Cultist and Chosen","floor":32,"turns":5},{"damage":144,"enemies":"IC_MUSHROOM_ARCHETYPE","floor":33,"turns":6},{"damage":107,"enemies":"3 Shapes","floor":36,"turns":4},{"damage":80,"enemies":"3 Darklings","floor":37,"turns":4},{"damage":105,"enemies":"4 Shapes","floor":38,"turns":6},{"damage":70,"enemies":"Sphere and 2 Shapes","floor":39,"turns":4},{"damage":66,"enemies":"2 Orb Walkers","floor":42,"turns":3},{"damage":90,"enemies":"Transient","floor":44,"turns":5},{"damage":100,"enemies":"Reptomancer","floor":45,"turns":3},{"damage":90,"enemies":"Spire Growth","floor":47,"turns":4},{"damage":48,"enemies":"Maw","floor":48,"turns":6},{"damage":69,"enemies":"Jaw Worm Horde","floor":49,"turns":3},{"damage":188,"enemies":"WA_ARCHETYPE_DIVINITY","floor":50,"turns":10}],"seed_played":"3444484783257564359","potions_obtained":[{"floor":3,"key":"Toxic Potion"},{"floor":9,"key":"CultistPotion"},{"floor":11,"key":"Adrenaline Potion"},{"floor":14,"key":"sneckomod:MuddlingPotion"},{"floor":15,"key":"Elixir"},{"floor":17,"key":"champ:TechniquePotion"},{"floor":23,"key":"champ:CounterPotion"},{"floor":25,"key":"CultistPotion"}],"is_trial":false,"path_per_floor":["R","M","M","$","M","M","T","R","E","?","M","R","E","?","M","B",null,"R","M","M","$","?","E","T","?","R","M","M","E","R","M","M","B",null,"R","M","M","M","M","R","T","?","?","M","E","R","M","M","M","B",null],"character_chosen":"THE_CHAMP","items_purchased":["champ:ShieldWall","expansioncontent:StudyTheSpire"],"campfire_rested":1,"item_purchase_floors":[4,21],"current_hp_per_floor":[99,99,98,98,98,90,90,90,82,87,92,92,82,45,40,45,109,109,109,90,90,74,81,81,81,91,89,89,89,126,113,113,69,126,126,109,109,109,109,109,109,93,93,93,93,93,93,85,51,68],"gold":532,"neow_bonus":"TEN_PERCENT_HP_BONUS","is_daily":false,"chose_seed":false,"campfire_upgraded":8,"win_rate":0.0,"timestamp":1613190491,"path_taken":["R","M","M","$","M","M","T","R","E","?","M","R","E","?","M","BOSS","R","M","M","$","?","E","T","?","R","?","M","E","R","M","M","BOSS","R","M","?","M","M","R","T","?","?","?","E","R","M","M","M","BOSS"],"items_purchased_type":["Card","Card"],"build_version":"2020-12-22","purchased_purges":0,"victory":true,"max_hp_per_floor":[99,99,99,99,99,99,99,99,99,104,104,104,104,104,104,104,109,109,109,109,109,109,116,116,116,126,126,126,126,126,126,126,126,126,126,126,126,126,126,126,126,126,126,126,126,126,126,126,126,126],"card_choices":[{"not_picked":["champ:CrownThrow","champ:StanceDance"],"picked":"champ:Encircle","floor":2},{"not_picked":["champ:GutPunch","champ:PreciseThrust"],"picked":"champ:BerserkersShout","floor":3},{"not_picked":["champ:FlashCut","champ:PerfectedStrike"],"picked":"champ:ArenaPreparation","floor":4},{"not_picked":["champ:DefensiveShout","champ:Backstep"],"picked":"champ:ArenaPreparation","floor":5},{"not_picked":["champ:StanceDance","champ:HeartStrike","champ:RapidStrikes"],"picked":"SKIP","floor":6},{"not_picked":["champ:Shatter","champ:StanceDance"],"picked":"champ:Improvising","floor":9},{"not_picked":["champ:ShieldSlam","champ:HeartStrike"],"picked":"champ:EndlessRage","floor":11},{"not_picked":["champ:DefensiveShout","champ:CrownThrow","champ:StanceDance"],"picked":"SKIP","floor":13},{"not_picked":["champ:PreciseThrust","champ:DefensiveShout"],"picked":"champ:Duel","floor":14},{"not_picked":["champ:GutPunch","champ:Encircle"],"picked":"champ:DeathBlow","floor":15},{"not_picked":["champ:SwordThrow","champ:ShieldThrow"],"picked":"champ:TripleStrike","floor":16},{"not_picked":["champ:TornadoPunch","champ:PreemptiveStrike"],"picked":"champ:ArenaPreparation+1","floor":19},{"not_picked":["champ:BerserkersShout","champ:GutPunch"],"picked":"champ:BladeFlurry+1","floor":20},{"not_picked":["champ:FocusedDefense","champ:BladeFlurry+1"],"picked":"champ:ArenaPreparation+1","floor":21},{"not_picked":["champ:EnragedBash+1","champ:Haymaker"],"picked":"champ:IronFortress","floor":23},{"not_picked":["champ:EnGarde","champ:PreemptiveStrike","champ:StanceDance+1"],"picked":"SKIP","floor":27},{"not_picked":["champ:Circumvent+1","champ:Shatter","champ:SkillfulDodge"],"picked":"SKIP","floor":28},{"not_picked":["champ:Improvising","champ:PreciseThrust"],"picked":"champ:UltimateStance","floor":29},{"not_picked":["champ:TornadoPunch","champ:FlashCut+1","champ:Endure"],"picked":"SKIP","floor":31},{"not_picked":["champ:StanceDance","champ:SetATrap","champ:AdrenalArmor+1"],"picked":"SKIP","floor":32},{"not_picked":["champ:TripleStrike","champ:GladiatorForm"],"picked":"champ:LastStand","floor":33},{"not_picked":["champ:PreciseThrust+1","champ:AdrenalArmor+1"],"picked":"champ:ShieldSlam+1","floor":36},{"not_picked":["champ:StanceDance","champ:RecklessLeap+1","champ:FocusedBerserking"],"picked":"SKIP","floor":37},{"not_picked":["champ:HeartStrike","champ:FlashCut+1"],"picked":"champ:MurderStrike","floor":38},{"not_picked":["champ:EnGarde","champ:GutPunch+1","champ:CrownThrow"],"picked":"SKIP","floor":39},{"not_picked":["champ:PerfectedStrike","champ:FaceSlap","champ:RapidStrikes"],"picked":"SKIP","floor":44},{"not_picked":["champ:SetATrap+1","champ:BringItOn","champ:DefensiveShout+1"],"picked":"SKIP","floor":45},{"not_picked":["champ:CrookedStrike+1","champ:DancingMaster"],"picked":"champ:DeathBlow+1","floor":47},{"not_picked":["champ:AdrenalArmor","champ:StanceDance+1","champ:BringItOn"],"picked":"SKIP","floor":48},{"not_picked":["champ:AdrenalArmor+1","champ:ShieldWall+1","champ:Shatter+1"],"picked":"SKIP","floor":49}],"player_experience":54264,"relics_obtained":[{"floor":7,"key":"Toy Ornithopter"},{"floor":9,"key":"Grinning Jar"},{"floor":13,"key":"Golden Egg"},{"floor":14,"key":"CloakClasp"},{"floor":22,"key":"Necronomicon"},{"floor":23,"key":"Strawberry"},{"floor":29,"key":"champ:DefensiveTrainingManual"},{"floor":41,"key":"War Paint"},{"floor":42,"key":"Calipers"},{"floor":45,"key":"Pantograph"}],"event_choices":[{"damage_healed":0,"gold_gain":0,"player_choice":"Donut","damage_taken":0,"max_hp_gain":5,"max_hp_loss":0,"event_name":"Big Fish","floor":10,"gold_loss":0},{"damage_healed":0,"gold_gain":0,"player_choice":"Fight","damage_taken":0,"max_hp_gain":0,"max_hp_loss":0,"event_name":"Mysterious Sphere","floor":42,"gold_loss":0},{"cards_removed":["champ:Strike"],"damage_healed":0,"gold_gain":0,"player_choice":"Removed Attack","damage_taken":0,"max_hp_gain":0,"max_hp_loss":0,"event_name":"Falling","floor":43,"gold_loss":0}],"is_beta":false,"boss_relics":[{"not_picked":["Black Star","Replay:Drink Me"],"picked":"Tiny House"},{"not_picked":["Snecko Eye","Astrolabe"],"picked":"champ:ChampionCrownUpgraded"}],"items_purged_floors":[],"is_endless":false,"potions_floor_spawned":[3,9,11,14,15,23,28,29,31,33,37,39,44],"ascension_level":1}}