{"host":"d39t2qzp2z2irjsy","time":1613221493,"event":{"mods":["BaseMod","Marisa£®ÏF”Í°°ƒß¿Ì…≥£©","Minty Spire (QoL Compilation)","StSLib","The Bug Knight","The Cursed","The Servant 0.9.4"],"gold_per_floor":[16,32,32,57,132,132,173,173,173,193,368,393,411,425,425,425,425],"floor_reached":16,"language":"ZHS","playtime":467,"items_purged":[],"score":104,"play_id":"0f80454b-7616-4929-a77c-ca629a0db2a0","local_time":"20210213210453","is_ascension_mode":false,"campfire_choices":[{"floor":6.0,"key":"REST"},{"floor":15,"key":"REST"}],"circlet_count":0,"master_deck":["Strike_B","Strike_B","Strike_B","Strike_B","Defend_B","Defend_B","Defend_B","Defend_B","Zap","Dualcast","Amplify","BootSequence","Injury","Aggregate","Machine Learning","Ball Lightning","Doubt","Loop","Buffer"],"relics":["Cracked Core","Golden Idol","Bottled Lightning","Potion Belt","Sundial"],"acts_visited":["Exordium"],"potions_floor_usage":[],"damage_taken":[{"damage":1.0,"enemies":"Cultist","floor":1.0,"turns":3.0},{"damage":1.0,"enemies":"2 Louse","floor":2.0,"turns":3.0},{"damage":8.0,"enemies":"Small Slimes","floor":4.0,"turns":4.0},{"damage":48.0,"enemies":"Lagavulin","floor":7.0,"turns":9.0},{"damage":9.0,"enemies":"Exordium Wildlife","floor":10.0,"turns":4.0},{"damage":0.0,"enemies":"Looter","floor":12.0,"turns":4.0},{"damage":3,"enemies":"Red Slaver","floor":13,"turns":4},{"damage":6,"enemies":"Exordium Thugs","floor":14,"turns":4},{"damage":28,"enemies":"The Guardian","floor":16,"turns":6}],"seed_played":"3385835573056809128","potions_obtained":[{"floor":2.0,"key":"SteroidPotion"},{"floor":7.0,"key":"BlessingOfTheForge"},{"floor":10.0,"key":"PowerPotion"},{"floor":13,"key":"DuplicationPotion"}],"is_trial":false,"path_per_floor":["M","M","?","M","?","R","E","?","T","M","?","M","M","M","R","B"],"character_chosen":"DEFECT","items_purchased":[],"campfire_rested":2,"item_purchase_floors":[],"current_hp_per_floor":[74,73,73,65,54,75,27,24,24,15,15,15,12,6,28,0,0],"gold":425,"neow_bonus":"THREE_RARE_CARDS","is_daily":false,"chose_seed":false,"campfire_upgraded":0,"win_rate":0.0,"timestamp":1613221493,"path_taken":["M","M","?","M","?","R","E","?","T","M","?","M","?","M","R","BOSS"],"items_purchased_type":[],"build_version":"2020-12-22","purchased_purges":0,"victory":false,"max_hp_per_floor":[75,75,75,75,75,75,75,75,75,75,75,75,75,75,75,75,75],"card_choices":[{"not_picked":["Biased Cognition","Rainbow"],"picked":"Amplify","floor":0.0},{"not_picked":["Streamline","Reprogram","Scrape"],"picked":"SKIP","floor":1.0},{"not_picked":["Steam Power","Rebound"],"picked":"BootSequence","floor":2.0},{"not_picked":["Redo","Hologram"],"picked":"Aggregate","floor":4.0},{"not_picked":["Ball Lightning","Chaos"],"picked":"Machine Learning","floor":7.0},{"not_picked":["Beam Cell","Steam"],"picked":"Ball Lightning","floor":10.0},{"not_picked":["Barrage","Leap"],"picked":"Loop","floor":12.0},{"not_picked":["Beam Cell","Cold Snap","Streamline"],"picked":"SKIP","floor":13},{"not_picked":["Steam","Stack"],"picked":"Buffer","floor":14}],"player_experience":20395,"relics_obtained":[{"floor":7.0,"key":"Bottled Lightning"},{"floor":9.0,"key":"Sundial"}],"event_choices":[{"damage_healed":0.0,"max_hp_gain":0.0,"max_hp_loss":0.0,"gold_gain":0.0,"event_name":"Golden Idol","player_choice":"Take Wound","floor":3.0,"gold_loss":0.0,"damage_taken":0.0,"relics_obtained":["Golden Idol"],"cards_obtained":["Injury"]},{"damage_healed":0.0,"max_hp_gain":0.0,"max_hp_loss":0.0,"gold_gain":75.0,"event_name":"World of Goop","player_choice":"Gather Gold","floor":5.0,"gold_loss":0.0,"damage_taken":11.0},{"damage_healed":0.0,"max_hp_gain":0.0,"max_hp_loss":0.0,"gold_gain":0.0,"event_name":"Scrap Ooze","player_choice":"Success","floor":8.0,"gold_loss":0.0,"damage_taken":3.0,"relics_obtained":["Potion Belt"]},{"damage_healed":0.0,"max_hp_gain":0.0,"max_hp_loss":0.0,"gold_gain":175.0,"event_name":"Liars Game","player_choice":"AGREE","floor":11.0,"gold_loss":0.0,"damage_taken":0.0,"cards_obtained":["Doubt"]}],"is_beta":false,"boss_relics":[],"items_purged_floors":[],"is_endless":false,"potions_floor_spawned":[2,7,10,13],"killed_by":"The Guardian","ascension_level":0}}