{"host":"08xvxt5w1s7zc7e5","time":1613234320,"event":{"mods":["AchievementEnabler","BaseMod","DeckTracker","Minty Spire (QoL Compilation)","Quick Restart","StSLib","SuperFastMode"],"gold_per_floor":[113,133,133,148,24,24,34,64,89,103,129,144,144,94,94,193,193,210,210,190,207,82,82,82],"floor_reached":23,"language":"KOR","playtime":887,"items_purged":["Strike_G"],"score":231,"play_id":"59ebe9c8-5d56-4ac1-ba3f-b57e23f9cab0","local_time":"20210214013840","is_ascension_mode":true,"campfire_choices":[{"data":"Neutralize","floor":6,"key":"SMITH"},{"data":"Calculated Gamble","floor":13,"key":"SMITH"},{"data":"Acrobatics","floor":15,"key":"SMITH"}],"circlet_count":0,"master_deck":["Strike_G","Strike_G","Strike_G","Defend_G","Defend_G","Defend_G","Defend_G","Defend_G","Survivor","Neutralize+1","Cloak And Dagger","Noxious Fumes","Dagger Throw","Acrobatics+1","Acrobatics","Cloak And Dagger","Catalyst","Calculated Gamble+1","Burst","PiercingWail","Footwork+1"],"relics":["Ring of the Snake","NeowsBlessing","Akabeko","Bag of Preparation","Pen Nib","HoveringKite","Frozen Egg 2"],"acts_visited":["Exordium","TheCity"],"potions_floor_usage":[8,8,11,16,16,21],"damage_taken":[{"damage":0.0,"enemies":"Small Slimes","floor":1.0,"turns":1.0},{"damage":0,"enemies":"2 Louse","floor":2,"turns":1},{"damage":0,"enemies":"Cultist","floor":4,"turns":1},{"damage":10,"enemies":"Lots of Slimes","floor":7,"turns":5},{"damage":11,"enemies":"3 Sentries","floor":8,"turns":8},{"damage":0,"enemies":"Large Slime","floor":10,"turns":5},{"damage":21,"enemies":"Lagavulin","floor":11,"turns":8},{"damage":0,"enemies":"Looter","floor":12,"turns":4},{"damage":34,"enemies":"The Guardian","floor":16,"turns":14},{"damage":7,"enemies":"Chosen","floor":18,"turns":6},{"damage":15,"enemies":"2 Thieves","floor":21,"turns":4},{"damage":61,"enemies":"Gremlin Leader","floor":23,"turns":5}],"seed_played":"5533160293273942822","potions_obtained":[{"floor":2,"key":"FearPotion"},{"floor":7,"key":"SkillPotion"},{"floor":10,"key":"Swift Potion"},{"floor":12,"key":"Regen Potion"},{"floor":16,"key":"DistilledChaos"},{"floor":18,"key":"Ancient Potion"},{"floor":20,"key":"FearPotion"}],"is_trial":false,"path_per_floor":["M","M","?","M","$","R","M","E","T","M","E","M","R","?","R","B",null,"M","?","?","M","$","E"],"character_chosen":"THE_SILENT","items_purchased":["BlessingOfTheForge","Footwork+1","Energy Potion"],"campfire_rested":0,"item_purchase_floors":[5,22,22],"current_hp_per_floor":[70,70,70,70,70,70,60,49,49,49,28,28,28,28,28,9,70,63,63,63,48,48,0,0],"gold":82,"neow_bonus":"THREE_ENEMY_KILL","is_daily":false,"chose_seed":false,"campfire_upgraded":3,"win_rate":0.0,"timestamp":1613234320,"path_taken":["M","M","?","M","$","R","M","E","T","M","E","M","R","?","R","BOSS","M","?","?","M","$","E"],"items_purchased_type":["Potion","Card","Potion"],"build_version":"2020-12-22","purchased_purges":1,"victory":false,"max_hp_per_floor":[70,70,70,70,70,70,70,70,70,70,70,70,70,70,70,70,70,70,70,70,70,70,70,70],"card_choices":[{"not_picked":["Deadly Poison","Skewer"],"picked":"Cloak And Dagger","floor":1},{"not_picked":["Terror","Reflex"],"picked":"Noxious Fumes","floor":2},{"not_picked":["Underhanded Strike","Prepared"],"picked":"Dagger Throw","floor":4},{"not_picked":["Skewer","Infinite Blades"],"picked":"Acrobatics","floor":7},{"not_picked":["Crippling Poison","Die Die Die"],"picked":"Acrobatics","floor":8},{"not_picked":["Outmaneuver","Blade Dance"],"picked":"Cloak And Dagger","floor":10},{"not_picked":["Dagger Spray","Concentrate"],"picked":"Catalyst","floor":11},{"not_picked":["Blade Dance","Dagger Throw"],"picked":"Calculated Gamble","floor":12},{"not_picked":["After Image","Malaise"],"picked":"Burst","floor":16},{"not_picked":["Dagger Throw","Accuracy+1"],"picked":"PiercingWail","floor":18},{"not_picked":["Blade Dance+1","Dagger Throw","Quick Slash"],"picked":"SKIP","floor":21}],"player_experience":357837,"relics_obtained":[{"floor":8,"key":"Akabeko"},{"floor":9,"key":"Bag of Preparation"},{"floor":11,"key":"Pen Nib"}],"event_choices":[{"damage_healed":0,"gold_gain":0,"player_choice":"Ignored","damage_taken":0,"max_hp_gain":0,"max_hp_loss":0,"event_name":"Liars Game","floor":3,"gold_loss":0},{"cards_removed":["Strike_G"],"damage_healed":0,"gold_gain":0,"player_choice":"Card Removal","damage_taken":0,"max_hp_gain":0,"max_hp_loss":0,"event_name":"The Cleric","floor":14,"gold_loss":50},{"damage_healed":0,"gold_gain":0,"player_choice":"Opened","damage_taken":0,"relics_obtained":["Frozen Egg 2"],"max_hp_gain":0,"max_hp_loss":0,"event_name":"The Mausoleum","floor":19,"gold_loss":0},{"damage_healed":0,"gold_gain":0,"player_choice":"Bought 1 Potion","damage_taken":0,"max_hp_gain":0,"max_hp_loss":0,"event_name":"The Woman in Blue","floor":20,"gold_loss":0}],"is_beta":false,"boss_relics":[{"not_picked":["Ectoplasm","Fusion Hammer"],"picked":"HoveringKite"}],"items_purged_floors":[5],"is_endless":false,"potions_floor_spawned":[2,7,10,12,16,18],"killed_by":"Gremlin Leader","ascension_level":3}}