{"host":"0luxfixkkfk9wck3","time":1613192301,"event":{"mods":["BaseMod","DeckTracker","Downfall","Highlight Path","Minty Spire (QoL Compilation)","StSLib"],"gold_per_floor":[99,99,274,274,274,309,389,417,417,451,451,465,465,35,46,143,143,143,158,433,447,77,87,112,126,31,49,83,83,83,111,126,221,221,121,137,137,132,150,180,180,180,216,116,116,116,116,2,20,20],"floor_reached":51,"language":"ENG","playtime":9418,"items_purged":["Doubt","hexamod:Strike","hexamod:Defend"],"score":1392,"play_id":"a74d4eb4-35b8-4e35-ae15-82ce1cb5760b","local_time":"20210212225821","is_ascension_mode":true,"campfire_choices":[{"data":"hexamod:Sear","floor":1,"key":"SMITH"},{"data":"hexamod:NightmareStrike","floor":9,"key":"SMITH"},{"data":"hexamod:ShieldOfDarkness","floor":13,"key":"SMITH"},{"data":"hexamod:SpectralSpark","floor":18,"key":"SMITH"},{"data":"hexamod:ForkedFlame","floor":30,"key":"SMITH"},{"floor":35,"key":"RECALL"},{"data":"hexamod:HeatCrush","floor":44,"key":"SMITH"},{"data":"hexamod:ForkedFlame","floor":47,"key":"SMITH"}],"circlet_count":0,"master_deck":["hexamod:Strike+1","hexamod:Strike+1","hexamod:Strike+1","hexamod:Defend+1","hexamod:Defend","hexamod:Defend+1","hexamod:Sear+1","hexamod:Float+1","hexamod:NightmareStrike+1","hexamod:ShieldOfDarkness+1","hexamod:RetreatToShadows+1","hexamod:Incineration","hexamod:PowerFromBeyond+1","hexamod:SpectralSpark+1","CurseOfTheBell","hexamod:AdvancingGuard+1","hexamod:ForkedFlame+1","hexamod:HeatCrush","hexamod:GhostShield","hexamod:NightmareGuise","hexamod:SuperheatedStrike","hexamod:HeatCrush+1","hexamod:ForkedFlame+1","hexamod:GhostflameInferno","hexamod:RetreatToShadows+1","hexamod:RetreatToShadows","hexamod:RecurringNightmare","hexamod:HeatCrush+1","hexamod:GhostShield+1"],"relics":["hexamod:SpiritBrand","downfall:HeartsMalice","Calipers","The Courier","InkBottle","Ancient Tea Set","Bag of Preparation","Oddly Smooth Stone","FossilizedHelix","Calling Bell","Omamori","Darkstone Periapt","champ:DeflectingBracers","Dead Branch","OrangePellets","Whetstone","Akabeko","MutagenicStrength","Incense Burner","Cursed Key","downfall:HeartBlessingGreen","Mango","War Paint","hexamod:TheBrokenSeal","Toy Ornithopter","downfall:HeartBlessingRed","ClockworkSouvenir"],"acts_visited":["Exordium","TheCity","TheBeyond"],"potions_floor_usage":[23,31,31,32,33,33,40],"damage_taken":[{"damage":0,"enemies":"2 Louse","floor":2,"turns":1},{"damage":0,"enemies":"Lagavulin","floor":6,"turns":1},{"damage":0,"enemies":"3 Sentries","floor":8,"turns":1},{"damage":18,"enemies":"Gremlin Nob","floor":10,"turns":4},{"damage":3,"enemies":"Small Slimes","floor":12,"turns":3},{"damage":0,"enemies":"downfall:FleeingMerchant","floor":14,"turns":4},{"damage":1,"enemies":"Jaw Worm","floor":15,"turns":3},{"damage":34,"enemies":"DF_ARCHETYPE_STREAMLINE","floor":16,"turns":9},{"damage":0,"enemies":"Spheric Guardian","floor":19,"turns":3},{"damage":7,"enemies":"Shell Parasite","floor":21,"turns":3},{"damage":0,"enemies":"downfall:FleeingMerchant","floor":22,"turns":4},{"damage":7,"enemies":"3 Cultists","floor":23,"turns":4},{"damage":11,"enemies":"Sentry and Sphere","floor":25,"turns":4},{"damage":0,"enemies":"downfall:FleeingMerchant","floor":26,"turns":4},{"damage":0,"enemies":"Snecko","floor":27,"turns":4},{"damage":0,"enemies":"Book of Stabbing","floor":28,"turns":4},{"damage":0,"enemies":"Slavers","floor":31,"turns":4},{"damage":0,"enemies":"Snake Plant","floor":32,"turns":3},{"damage":0,"enemies":"SI_MIRROR_ARCHETYPE","floor":33,"turns":8},{"damage":13,"enemies":"3 Darklings","floor":36,"turns":5},{"damage":0,"enemies":"downfall:FleeingMerchant","floor":38,"turns":4},{"damage":3,"enemies":"Orb Walker","floor":39,"turns":4},{"damage":0,"enemies":"Giant Head","floor":40,"turns":6},{"damage":11,"enemies":"Reptomancer","floor":43,"turns":6},{"damage":0,"enemies":"Spire Growth","floor":49,"turns":3},{"damage":0,"enemies":"WA_ARCHETYPE_DIVINITY","floor":50,"turns":6}],"seed_played":"-4921764617217209528","potions_obtained":[{"floor":8,"key":"Swift Potion"},{"floor":12,"key":"Fire Potion"},{"floor":15,"key":"DistilledChaos"},{"floor":22,"key":"Strength Potion"},{"floor":23,"key":"Block Potion"},{"floor":31,"key":"Energy Potion"},{"floor":31,"key":"Ancient Potion"},{"floor":32,"key":"Fire Potion"},{"floor":33,"key":"SneckoOil"},{"floor":36,"key":"PowerPotion"},{"floor":40,"key":"LiquidMemories"}],"is_trial":false,"path_per_floor":["R","M","?","?","?","E","T","E","R","E","?","M","R","$","M","B",null,"R","M","?","M","$","M","T","M","$","M","E","?","R","E","M","B",null,"R","M","?","?","M","E","T","T","E","R","?","$","R","$","M","B",null],"character_chosen":"THE_SPIRIT","items_purchased":["Oddly Smooth Stone","FossilizedHelix","Dead Branch","OrangePellets","Mango","ClockworkSouvenir"],"campfire_rested":0,"item_purchase_floors":[14,14,22,22,38,48],"current_hp_per_floor":[63,63,63,60,65,65,65,65,65,47,47,44,44,44,43,9,59,59,66,66,59,66,66,66,62,69,69,69,69,69,75,75,75,75,75,69,69,83,87,87,87,87,99,99,99,99,99,99,99,99],"gold":20,"neow_bonus":"THREE_ENEMY_KILL","is_daily":false,"chose_seed":false,"campfire_upgraded":7,"win_rate":0.0,"timestamp":1613192301,"path_taken":["R","M","?","?","?","E","T","E","R","E","?","?","R","?","M","BOSS","R","M","?","?","$","M","T","M","$","M","E","?","R","E","M","BOSS","R","M","?","?","?","E","T","?","E","R","?","$","R","$","M","BOSS"],"items_purchased_type":["Relic","Relic","Relic","Relic","Relic","Relic"],"build_version":"2020-12-22","purchased_purges":3,"victory":true,"max_hp_per_floor":[70,70,70,70,75,75,75,75,75,75,75,75,75,75,75,75,75,75,75,75,75,75,75,75,75,75,75,75,75,75,75,75,75,75,75,75,75,89,89,89,89,89,99,99,99,99,99,99,99,99],"card_choices":[{"not_picked":["hexamod:HeatMetal","hexamod:SwordOfDarkness"],"picked":"hexamod:NightmareStrike","floor":2},{"not_picked":["hexamod:HeatMetal","hexamod:UnleashSpirits"],"picked":"hexamod:ShieldOfDarkness","floor":6},{"not_picked":["hexamod:FastForward","hexamod:SpectersWail"],"picked":"hexamod:RetreatToShadows","floor":8},{"not_picked":["hexamod:SecondSeal","hexamod:SuperheatedStrike"],"picked":"hexamod:Incineration","floor":10},{"not_picked":["hexamod:GhostShield","hexamod:SuperheatedStrike"],"picked":"hexamod:PowerFromBeyond","floor":12},{"not_picked":["hexamod:SuperheatedStrike","hexamod:HeatMetal"],"picked":"hexamod:FirstSeal","floor":14},{"not_picked":["hexamod:SwordOfDarkness","hexamod:SecondSeal"],"picked":"hexamod:SpectralSpark","floor":15},{"not_picked":["hexamod:GhostOfSpirePresent","hexamod:ParanormalForm"],"picked":"hexamod:FifthSeal","floor":16},{"not_picked":["hexamod:HauntingEcho+1","hexamod:ExtraCrispy+1"],"picked":"hexamod:AdvancingGuard+1","floor":19},{"not_picked":["hexamod:NightmareStrike","hexamod:NightmareGuise+1"],"picked":"hexamod:ForkedFlame","floor":21},{"not_picked":["hexamod:ThirdSeal","hexamod:SecondSeal"],"picked":"hexamod:FourthSeal","floor":21},{"not_picked":["hexamod:SpectersWail","hexamod:NightmareGuise"],"picked":"hexamod:HeatCrush","floor":22},{"not_picked":["hexamod:HauntingEcho","hexamod:CatchUp"],"picked":"hexamod:GhostShield","floor":23},{"not_picked":["hexamod:Incineration","hexamod:ShieldOfDarkness+1"],"picked":"hexamod:NightmareGuise","floor":25},{"not_picked":["hexamod:Toasty","hexamod:PhantomFireball","hexamod:EmpoweredFlame"],"picked":"SKIP","floor":26},{"not_picked":["hexamod:SecondSeal","hexamod:Rewind+1"],"picked":"hexamod:SuperheatedStrike","floor":27},{"not_picked":["hexamod:FourthSeal","hexamod:FirstSeal"],"picked":"hexamod:ThirdSeal","floor":28},{"not_picked":["hexamod:GhostShield+1","hexamod:PhantomFireball","hexamod:CatchUp+1"],"picked":"SKIP","floor":28},{"not_picked":["hexamod:GhostOfSpireFuture","hexamod:Incineration","hexamod:CatchUp"],"picked":"SKIP","floor":31},{"not_picked":["hexamod:EmpoweredFlame","hexamod:GhostOfSpireFuture","hexamod:StepThrough+1"],"picked":"SKIP","floor":31},{"not_picked":["hexamod:ShieldOfDarkness+1","hexamod:StepThrough+1"],"picked":"hexamod:HeatCrush+1","floor":32},{"not_picked":["hexamod:HexaLevel","hexamod:ApocalypticArmor"],"picked":"hexamod:SixthSeal","floor":33},{"not_picked":["hexamod:SearingWound","hexamod:TimeOfNeed"],"picked":"hexamod:ForkedFlame","floor":33},{"not_picked":["hexamod:InspiringFlames","hexamod:SuperheatedStrike","hexamod:Firestarter+1"],"picked":"SKIP","floor":36},{"not_picked":["hexamod:HauntingEcho+1","hexamod:Incineration","hexamod:GhostOfSpireFuture"],"picked":"SKIP","floor":36},{"not_picked":["hexamod:CatchUp","hexamod:FastForward"],"picked":"hexamod:GhostflameInferno","floor":38},{"not_picked":["hexamod:Hexaguard+1","hexamod:GhostLash"],"picked":"hexamod:RetreatToShadows+1","floor":38},{"not_picked":["hexamod:ThirdSeal","hexamod:SixthSeal"],"picked":"hexamod:SecondSeal","floor":38},{"not_picked":["hexamod:GhostOfSpirePast","hexamod:BurningTouch+1"],"picked":"hexamod:RetreatToShadows","floor":39},{"not_picked":["hexamod:Incineration+1","hexamod:FlamesFromBeyond","hexamod:CatchUp"],"picked":"SKIP","floor":39},{"not_picked":["hexamod:GhostOfSpirePresent","hexamod:RadiantFlame"],"picked":"hexamod:RecurringNightmare","floor":40},{"not_picked":["hexamod:InspiringFlames+1","hexamod:SuperheatedStrike"],"picked":"hexamod:HeatCrush","floor":43},{"not_picked":["hexamod:HeatMetal","hexamod:BurningTouch"],"picked":"hexamod:GhostShield+1","floor":49}],"player_experience":11832786,"relics_obtained":[{"floor":6,"key":"The Courier"},{"floor":7,"key":"InkBottle"},{"floor":8,"key":"Ancient Tea Set"},{"floor":10,"key":"Bag of Preparation"},{"floor":17,"key":"Omamori"},{"floor":17,"key":"Darkstone Periapt"},{"floor":17,"key":"champ:DeflectingBracers"},{"floor":24,"key":"Whetstone"},{"floor":28,"key":"Akabeko"},{"floor":31,"key":"Incense Burner"},{"floor":40,"key":"War Paint"},{"floor":43,"key":"Toy Ornithopter"}],"event_choices":[{"damage_healed":0,"gold_gain":0,"player_choice":"Success","damage_taken":3,"relics_obtained":["Calipers"],"max_hp_gain":0,"max_hp_loss":0,"event_name":"Scrap Ooze","floor":4,"gold_loss":0},{"damage_healed":0,"gold_gain":0,"player_choice":"Donut","damage_taken":0,"max_hp_gain":5,"max_hp_loss":0,"event_name":"Big Fish","floor":5,"gold_loss":0},{"damage_healed":0,"gold_gain":0,"player_choice":"Inject Mutagens","damage_taken":0,"relics_obtained":["MutagenicStrength"],"max_hp_gain":0,"max_hp_loss":0,"event_name":"Drug Dealer","floor":29,"gold_loss":0}],"is_beta":false,"boss_relics":[{"not_picked":["Velvet Choker","Empty Cage"],"picked":"Calling Bell"},{"not_picked":["bronze:MakeshiftBattery","Pandora\u0027s Box"],"picked":"Cursed Key"}],"items_purged_floors":[14,26,38],"is_endless":false,"potions_floor_spawned":[8,12,15,19,28,31,32,36,43,49],"ascension_level":7}}