{"host":"April","time":1613199918,"event":{"mods":["BaseMod","Minty Spire (QoL Compilation)"],"gold_per_floor":[112,132,132,132,147,182,182,212,212,212,35,63,83,103,103,103,103],"floor_reached":16,"language":"ENG","playtime":1833,"items_purged":[],"score":126,"play_id":"b7675652-bd4e-4e6e-abaf-c62d7ac813c2","local_time":"20210212230518","is_ascension_mode":true,"campfire_choices":[{"floor":7.0,"key":"REST"},{"floor":10.0,"key":"REST"},{"floor":15,"key":"REST"}],"circlet_count":0,"master_deck":["Strike_G","Strike_G","Strike_G","Strike_G","Strike_G","Defend_G","Defend_G","Defend_G","Defend_G","Defend_G","Survivor","Neutralize","Riddle With Holes","Quick Slash","Dagger Throw","Sucker Punch","Footwork","Bouncing Flask","Acrobatics","Dodge and Roll","Corpse Explosion"],"relics":["Ring of the Snake","NeowsBlessing","Ice Cream","Meat on the Bone","Bottled Tornado","Toy Ornithopter","Frozen Egg 2"],"acts_visited":["Exordium"],"potions_floor_usage":[16],"damage_taken":[{"damage":0.0,"enemies":"Cultist","floor":1.0,"turns":1.0},{"damage":0.0,"enemies":"Jaw Worm","floor":2.0,"turns":1.0},{"damage":0.0,"enemies":"Small Slimes","floor":5.0,"turns":1.0},{"damage":55.0,"enemies":"Lagavulin","floor":6.0,"turns":8.0},{"damage":26.0,"enemies":"3 Sentries","floor":8.0,"turns":8.0},{"damage":28.0,"enemies":"Gremlin Nob","floor":12.0,"turns":5.0},{"damage":13.0,"enemies":"Gremlin Gang","floor":13.0,"turns":6.0},{"damage":5,"enemies":"Red Slaver","floor":14,"turns":4},{"damage":69,"enemies":"Slime Boss","floor":16,"turns":12}],"seed_played":"3908299400145142006","potions_obtained":[{"floor":5.0,"key":"LiquidBronze"},{"floor":6.0,"key":"Regen Potion"},{"floor":14,"key":"LiquidMemories"}],"is_trial":false,"path_per_floor":["M","M","?","?","M","E","R","E","T","R","$","E","M","M","R","B"],"character_chosen":"THE_SILENT","items_purchased":["Toy Ornithopter","Bouncing Flask"],"campfire_rested":3,"item_purchase_floors":[11,11],"current_hp_per_floor":[70,70,70,70,70,15,36,25,25,46,46,30,29,36,57,0,0],"gold":103,"neow_bonus":"THREE_ENEMY_KILL","is_daily":false,"chose_seed":false,"campfire_upgraded":0,"win_rate":0.0,"timestamp":1613199918,"path_taken":["M","?","?","?","?","E","R","E","T","R","?","E","M","M","R","BOSS"],"items_purchased_type":["Relic","Card"],"build_version":"2020-12-18","purchased_purges":0,"victory":false,"max_hp_per_floor":[70,70,70,70,70,70,70,70,70,70,70,70,70,70,70,70,70],"card_choices":[{"not_picked":["Dagger Throw","Prepared"],"picked":"Riddle With Holes","floor":1.0},{"not_picked":["PiercingWail","Slice"],"picked":"Quick Slash","floor":2.0},{"not_picked":["Outmaneuver","Finisher"],"picked":"Dagger Throw","floor":5.0},{"not_picked":["Outmaneuver","Dodge and Roll"],"picked":"Sucker Punch","floor":6.0},{"not_picked":["Dash","Tools of the Trade"],"picked":"Footwork","floor":8.0},{"not_picked":["Bane","Reflex"],"picked":"Acrobatics","floor":12.0},{"not_picked":["Eviscerate","Dagger Throw"],"picked":"Dodge and Roll","floor":13.0},{"not_picked":["Noxious Fumes+1","Underhanded Strike"],"picked":"Corpse Explosion","floor":14}],"player_experience":2665012,"relics_obtained":[{"floor":6.0,"key":"Ice Cream"},{"floor":8.0,"key":"Meat on the Bone"},{"floor":9.0,"key":"Bottled Tornado"},{"floor":12.0,"key":"Frozen Egg 2"}],"event_choices":[{"damage_healed":0.0,"max_hp_gain":0.0,"max_hp_loss":0.0,"gold_gain":0.0,"event_name":"The Cleric","player_choice":"Leave","floor":3.0,"gold_loss":0.0,"damage_taken":0.0},{"damage_healed":0.0,"max_hp_gain":0.0,"max_hp_loss":0.0,"gold_gain":0.0,"event_name":"Purifier","player_choice":"Ignored","floor":4.0,"gold_loss":0.0,"damage_taken":0.0}],"is_beta":true,"boss_relics":[],"items_purged_floors":[],"is_endless":false,"potions_floor_spawned":[5,6,14],"killed_by":"Slime Boss","ascension_level":1}}