{"host":"19r1ww88x2tc73i0","time":1613193515,"event":{"mods":["BaseMod","Bestiary","BetterRewards","Colored Map","Minty Spire (QoL Compilation)","Relic Stats","StSLib","SuperFastMode","slay the spire mod where everything is the same but ironclad has a cowboy hat"],"gold_per_floor":[115,115,71,83,83,103,103,131,131,150,178,234,267,282,282,359,359,372,385,403,403,403],"floor_reached":21,"language":"ENG","playtime":777,"items_purged":[],"score":402,"play_id":"70057ee1-d755-44fc-9342-4dcfb12d817f","local_time":"25640213121835","is_ascension_mode":true,"campfire_choices":[{"data":"Leg Sweep","floor":7.0,"key":"SMITH"},{"data":"Glass Knife","floor":15,"key":"SMITH"}],"circlet_count":0,"master_deck":["AscendersBane","Strike_G","Strike_G","Strike_G","Strike_G","Strike_G","Defend_G+1","Defend_G","Defend_G","Defend_G","Defend_G","Survivor","Neutralize+1","Deflect+1","Leg Sweep+1","Predator+1","Dagger Throw","Glass Knife+1","Dash","Catalyst","Dodge and Roll","Corpse Explosion","PiercingWail","Venomology","Deadly Poison"],"relics":["Runic Dome","Pen Nib","StrikeDummy","War Paint","Art of War","Runic Pyramid"],"acts_visited":["Exordium","TheCity"],"potions_floor_usage":[14,20,20,21],"damage_taken":[{"damage":7.0,"enemies":"Jaw Worm","floor":1.0,"turns":7.0},{"damage":0.0,"enemies":"Cultist","floor":4.0,"turns":5.0},{"damage":0.0,"enemies":"Small Slimes","floor":6.0,"turns":4.0},{"damage":18.0,"enemies":"3 Sentries","floor":8.0,"turns":15.0},{"damage":1.0,"enemies":"3 Louse","floor":10.0,"turns":3.0},{"damage":1,"enemies":"Lagavulin","floor":11,"turns":5},{"damage":12,"enemies":"3 Sentries","floor":13,"turns":8},{"damage":0,"enemies":"Exordium Thugs","floor":14,"turns":3},{"damage":10,"enemies":"The Guardian","floor":16,"turns":11},{"damage":12,"enemies":"Chosen","floor":18,"turns":3},{"damage":21,"enemies":"Shell Parasite","floor":19,"turns":4},{"damage":9,"enemies":"Snake Plant","floor":20,"turns":4},{"damage":5,"enemies":"Chosen and Byrds","floor":21,"turns":6}],"seed_played":"745973100829867446","potions_obtained":[{"floor":1.0,"key":"SmokeBomb"},{"floor":4.0,"key":"Dexterity Potion"},{"floor":6.0,"key":"SpeedPotion"},{"floor":13,"key":"CunningPotion"},{"floor":18,"key":"Weak Potion"},{"floor":20,"key":"Dexterity Potion"}],"is_trial":false,"path_per_floor":["M","?","$","M","?","M","R","E","T","M","E","?","E","M","R","B",null,"M","M","M","M"],"character_chosen":"THE_SILENT","items_purchased":["Leg Sweep"],"campfire_rested":0,"item_purchase_floors":[3],"current_hp_per_floor":[52,52,52,52,52,52,52,34,34,33,32,32,20,20,20,10,52,40,19,10,5,5],"gold":403,"neow_bonus":"BOSS_RELIC","is_daily":false,"chose_seed":false,"campfire_upgraded":2,"win_rate":0.0,"timestamp":1613193515,"path_taken":["M","?","$","?","?","M","R","E","T","M","E","?","E","M","R","BOSS","M","M","M","M"],"items_purchased_type":["Card"],"build_version":"2020-12-22","purchased_purges":0,"victory":false,"max_hp_per_floor":[66,66,66,66,66,66,66,66,66,66,66,66,66,66,66,66,66,66,66,66,66,66],"relic_stats":{"counters":[13,78],"Pen Nib":[8],"Art of War":[1],"War Paint":["Deflect","Defend_G"],"obtain_stats":[{"Runic Dome":0,"Pen Nib":8,"Art of War":13,"War Paint":11,"StrikeDummy":9,"Ring of the Snake":0,"Runic Pyramid":17},{"Runic Dome":0,"Pen Nib":4,"Art of War":7,"War Paint":6,"StrikeDummy":4,"Ring of the Snake":0,"Runic Pyramid":9},{"Runic Dome":0,"Pen Nib":31,"Art of War":47,"War Paint":39,"StrikeDummy":31,"Ring of the Snake":0,"Runic Pyramid":61}]},"card_choices":[{"not_picked":["Escape Plan","Outmaneuver"],"picked":"Deflect","floor":1.0},{"not_picked":["Dodge and Roll","Flying Knee"],"picked":"Predator","floor":4.0},{"not_picked":["Riddle With Holes","Cloak And Dagger"],"picked":"Dagger Throw","floor":6.0},{"not_picked":["Acrobatics","Catalyst"],"picked":"Glass Knife","floor":8.0},{"not_picked":["Blade Dance","Backflip"],"picked":"Dash","floor":10.0},{"not_picked":["Choke","Poisoned Stab"],"picked":"Catalyst","floor":11},{"not_picked":["Deflect","Flechettes"],"picked":"Dodge and Roll","floor":13},{"not_picked":["Finisher","Dagger Throw","Deflect"],"picked":"SKIP","floor":14},{"not_picked":["Phantasmal Killer","After Image"],"picked":"Corpse Explosion","floor":16},{"not_picked":["Dagger Spray+1","Backflip"],"picked":"PiercingWail","floor":18},{"not_picked":["Prepared","Bane"],"picked":"Venomology","floor":19},{"not_picked":["Quick Slash","Deflect"],"picked":"Deadly Poison","floor":20}],"player_experience":1069032,"relics_obtained":[{"floor":8.0,"key":"Pen Nib"},{"floor":9.0,"key":"StrikeDummy"},{"floor":11,"key":"War Paint"},{"floor":13,"key":"Art of War"}],"event_choices":[{"damage_healed":0.0,"max_hp_gain":0.0,"max_hp_loss":0.0,"gold_gain":0.0,"event_name":"Accursed Blacksmith","player_choice":"Forge","floor":2.0,"gold_loss":0.0,"damage_taken":0.0,"cards_upgraded":["Neutralize"]},{"damage_healed":0.0,"max_hp_gain":0.0,"max_hp_loss":0.0,"gold_gain":0.0,"event_name":"Living Wall","player_choice":"Grow","floor":5.0,"gold_loss":0.0,"damage_taken":0.0,"cards_upgraded":["Predator"]},{"damage_healed":0,"gold_gain":56,"player_choice":"Gained Gold","damage_taken":0,"max_hp_gain":0,"max_hp_loss":0,"event_name":"Golden Wing","floor":12,"gold_loss":0}],"is_beta":false,"boss_relics":[{"not_picked":["Philosopher\u0027s Stone","Tiny House"],"picked":"Runic Pyramid"}],"items_purged_floors":[],"is_endless":false,"potions_floor_spawned":[1,4,6,13,18,20],"killed_by":"Chosen and Byrds","ascension_level":20}}