{"host":"9z6a73ubmgnn64m2","time":1613194026,"event":{"mods":["BaseMod","Bestiary","Colored Map","Highlight Path","Minty Spire (QoL Compilation)"],"gold_per_floor":[116,130,150,150,150,164,207,207,207,230,3,3,23,36,36,165,165,181,195,219,144,219,219,27,27,75,89,104,120,120,140,140,270,270,289,312,14,27,27,27,27],"floor_reached":40,"language":"ENG","playtime":9398,"items_purged":["Regret","Shame"],"score":394,"play_id":"0d7f0efe-68f7-435c-85a8-6d35c1f88e17","local_time":"20210213012706","is_ascension_mode":false,"campfire_choices":[{"floor":8,"key":"REST"},{"floor":15,"key":"REST"},{"floor":23,"key":"REST"},{"floor":30,"key":"REST"},{"floor":32,"key":"REST"}],"circlet_count":0,"master_deck":["Defend_B","Defend_B","Defend_B","Defend_B","Zap","Dualcast","Streamline","Compile Driver","Leap","Darkness","Defragment+1","Sweeping Beam","Coolheaded","Electrodynamics","Rainbow","Go for the Eyes","Gash+1","Writhe","Capacitor","Lockon","Conserve Battery","Leap+1","Hologram","Creative AI","Chill+1","Hologram+1","Reprogram+1","Force Field","Tempest+1","Barrage","Storm"],"relics":["Cracked Core","NeowsBlessing","Golden Idol","Potion Belt","Ginger","InkBottle","OrangePellets","Cursed Key","Bottled Lightning","Oddly Smooth Stone","Lantern","Astrolabe","Membership Card","Bronze Scales","Molten Egg 2"],"acts_visited":["Exordium","TheCity","TheBeyond"],"potions_floor_usage":[13,16,16,33,33,33,35,38,38],"damage_taken":[{"damage":0,"enemies":"Cultist","floor":1,"turns":1},{"damage":0,"enemies":"2 Louse","floor":2,"turns":1},{"damage":0,"enemies":"Jaw Worm","floor":3,"turns":1},{"damage":11,"enemies":"Exordium Wildlife","floor":6,"turns":3},{"damage":21,"enemies":"Gremlin Nob","floor":7,"turns":4},{"damage":2,"enemies":"Large Slime","floor":10,"turns":5},{"damage":8,"enemies":"3 Louse","floor":13,"turns":4},{"damage":16,"enemies":"Lots of Slimes","floor":14,"turns":3},{"damage":26,"enemies":"Slime Boss","floor":16,"turns":8},{"damage":19,"enemies":"2 Thieves","floor":18,"turns":4},{"damage":10,"enemies":"Spheric Guardian","floor":19,"turns":4},{"damage":0,"enemies":"Centurion and Healer","floor":20,"turns":5},{"damage":2,"enemies":"3 Cultists","floor":27,"turns":4},{"damage":20,"enemies":"Shelled Parasite and Fungi","floor":28,"turns":5},{"damage":19,"enemies":"Snake Plant","floor":29,"turns":4},{"damage":0,"enemies":"3 Cultists","floor":31,"turns":2},{"damage":66,"enemies":"Collector","floor":33,"turns":12},{"damage":45,"enemies":"Orb Walker","floor":35,"turns":8},{"damage":18,"enemies":"3 Shapes","floor":36,"turns":7},{"damage":22,"enemies":"Spire Growth","floor":38,"turns":7},{"damage":8,"enemies":"Nemesis","floor":40,"turns":1}],"seed_played":"6654094547833195272","potions_obtained":[{"floor":1,"key":"AttackPotion"},{"floor":3,"key":"Fruit Juice"},{"floor":6,"key":"PotionOfCapacity"},{"floor":14,"key":"SpeedPotion"},{"floor":16,"key":"LiquidBronze"},{"floor":18,"key":"Regen Potion"},{"floor":20,"key":"Swift Potion"},{"floor":28,"key":"PotionOfCapacity"},{"floor":33,"key":"SteroidPotion"},{"floor":36,"key":"Regen Potion"}],"is_trial":false,"path_per_floor":["M","M","M","?","?","M","E","R","T","M","$","?","M","M","R","B",null,"M","M","M","?","T","R","$","?","T","M","M","M","R","M","R","B",null,"M","M","$","M","?","E"],"character_chosen":"DEFECT","items_purchased":["OrangePellets","Oddly Smooth Stone","SteroidPotion","Membership Card","Bronze Scales","Barrage"],"campfire_rested":5,"item_purchase_floors":[11,24,24,37,37,37],"current_hp_per_floor":[75,75,75,69,69,58,37,57,57,55,55,41,38,22,44,18,74,55,45,45,45,45,67,67,67,67,65,45,26,48,48,70,18,74,29,11,11,4,4,0,0],"gold":27,"neow_bonus":"THREE_ENEMY_KILL","is_daily":false,"chose_seed":false,"campfire_upgraded":0,"win_rate":0.0,"timestamp":1613194026,"path_taken":["M","M","M","?","?","M","E","R","T","M","$","?","M","M","R","BOSS","M","M","M","?","?","R","$","?","T","M","M","M","R","M","R","BOSS","M","M","$","M","?","E"],"items_purchased_type":["Relic","Relic","Potion","Relic","Relic","Card"],"build_version":"2020-12-22","purchased_purges":2,"victory":false,"max_hp_per_floor":[75,75,75,69,69,69,69,69,69,69,69,69,74,74,74,74,74,74,74,74,74,74,74,74,74,74,74,74,74,74,74,74,74,74,74,74,74,74,74,74,74],"card_choices":[{"not_picked":["Glacier","Go for the Eyes"],"picked":"Streamline","floor":1},{"not_picked":["Reprogram","Leap"],"picked":"Compile Driver","floor":2},{"not_picked":["Stack","Reprogram"],"picked":"Leap","floor":3},{"not_picked":["BootSequence","Lockon"],"picked":"Darkness","floor":6},{"not_picked":["Redo","Steam"],"picked":"Defragment","floor":7},{"not_picked":["Redo","Rip and Tear"],"picked":"Sweeping Beam","floor":10},{"not_picked":["Heatsinks","Sweeping Beam"],"picked":"Coolheaded","floor":13},{"not_picked":["Melter","Hologram"],"picked":"Electrodynamics","floor":14},{"not_picked":["Seek","Reboot"],"picked":"Rainbow","floor":16},{"not_picked":["Sweeping Beam+1","Leap+1"],"picked":"Go for the Eyes","floor":18},{"not_picked":["Redo","Compile Driver+1"],"picked":"Gash+1","floor":19},{"not_picked":["Multi-Cast","Sweeping Beam","Barrage"],"picked":"SKIP","floor":20},{"not_picked":["Heatsinks+1","Reinforced Body"],"picked":"Lockon","floor":27},{"not_picked":["Steam Power","Darkness"],"picked":"Conserve Battery","floor":28},{"not_picked":["Conserve Battery","Darkness"],"picked":"Leap+1","floor":29},{"not_picked":["Force Field","Leap"],"picked":"Hologram","floor":31},{"not_picked":["Thunder Strike","Buffer"],"picked":"Creative AI","floor":33},{"not_picked":["Conserve Battery","Streamline+1"],"picked":"Force Field","floor":35},{"not_picked":["Scrape","Go for the Eyes"],"picked":"Tempest+1","floor":36},{"not_picked":["Gash","Conserve Battery"],"picked":"Storm","floor":38}],"player_experience":90960,"relics_obtained":[{"floor":7,"key":"Ginger"},{"floor":9,"key":"InkBottle"},{"floor":22,"key":"Bottled Lightning"},{"floor":26,"key":"Lantern"}],"event_choices":[{"damage_healed":0,"gold_gain":0,"player_choice":"Lose Max HP","damage_taken":0,"relics_obtained":["Golden Idol"],"max_hp_gain":0,"max_hp_loss":6,"event_name":"Golden Idol","floor":4,"gold_loss":0},{"damage_healed":0,"gold_gain":0,"player_choice":"Box","damage_taken":0,"relics_obtained":["Potion Belt"],"max_hp_gain":0,"max_hp_loss":0,"event_name":"Big Fish","floor":5,"gold_loss":0,"cards_obtained":["Regret"]},{"damage_healed":0,"gold_gain":0,"player_choice":"Entered Light","damage_taken":14,"max_hp_gain":0,"max_hp_loss":0,"event_name":"Shining Light","floor":12,"gold_loss":0,"cards_upgraded":["Defragment","Strike_B"]},{"cards_removed":["Strike_B"],"damage_healed":0,"gold_gain":0,"player_choice":"Gave Gold","damage_taken":0,"max_hp_gain":0,"max_hp_loss":0,"event_name":"Beggar","floor":21,"gold_loss":75},{"damage_healed":0,"gold_gain":0,"player_choice":"Read","damage_taken":0,"max_hp_gain":0,"max_hp_loss":0,"event_name":"The Library","floor":25,"gold_loss":0,"cards_obtained":["Capacitor"]},{"damage_healed":0,"gold_gain":0,"player_choice":"Gave Potion","damage_taken":0,"relics_obtained":["Molten Egg 2"],"max_hp_gain":0,"max_hp_loss":0,"event_name":"WeMeetAgain","floor":39,"gold_loss":0}],"is_beta":false,"boss_relics":[{"not_picked":["SlaversCollar","Busted Crown"],"picked":"Cursed Key"},{"not_picked":["Velvet Choker","Tiny House"],"picked":"Astrolabe"}],"items_purged_floors":[11,37],"is_endless":false,"potions_floor_spawned":[1,3,6,14,16,18,20,28,31,33,36],"killed_by":"Nemesis","ascension_level":0}}