{"host":"krw8kyiy0um8ye49","time":1613260376,"event":{"mods":["BaseMod","Minty Spire (QoL Compilation)","StSLib"],"gold_per_floor":[109,109,121,121,135,167,167,179,179,13,44,58,58,80,80,178,178,194,194,194,211,261,296,296,314,314,326,249,249,263,263,263],"floor_reached":31,"language":"ENG","playtime":1335,"items_purged":[],"score":347,"play_id":"07655596-f1f1-40b4-b80e-fb35bdf97ef0","local_time":"20210214005256","is_ascension_mode":true,"campfire_choices":[{"data":"Footwork","floor":7,"key":"SMITH"},{"data":"Noxious Fumes","floor":13,"key":"SMITH"},{"data":"Bouncing Flask","floor":15,"key":"SMITH"},{"data":"Catalyst","floor":24,"key":"SMITH"},{"data":"Accuracy","floor":29,"key":"SMITH"}],"circlet_count":0,"master_deck":["Strike_G+1","Strike_G+1","Strike_G+1","Strike_G+1","Defend_G+1","Defend_G+1","Defend_G+1","Defend_G+1","Defend_G+1","Survivor","Neutralize","Footwork+1","Poisoned Stab","Storm of Steel","Escape Plan","Bouncing Flask+1","Finisher","Bane","Dagger Throw","Noxious Fumes+1","Acrobatics","Unload","Flying Knee","Catalyst+1","Eviscerate","Riddle With Holes+1","Accuracy+1","Outmaneuver"],"relics":["Ring of the Snake","NlothsMask","Meat on the Bone","TwistedFunnel","TungstenRod","Odd Mushroom","Runic Pyramid","Smiling Mask","Bronze Scales"],"acts_visited":["Exordium","TheCity"],"potions_floor_usage":[6,16,23,23,25,31],"damage_taken":[{"damage":4,"enemies":"Small Slimes","floor":1,"turns":3},{"damage":0,"enemies":"Cultist","floor":3,"turns":4},{"damage":4,"enemies":"Jaw Worm","floor":5,"turns":4},{"damage":15,"enemies":"Gremlin Nob","floor":6,"turns":4},{"damage":7,"enemies":"3 Louse","floor":8,"turns":4},{"damage":13,"enemies":"3 Sentries","floor":11,"turns":7},{"damage":0,"enemies":"Exordium Thugs","floor":12,"turns":3},{"damage":3,"enemies":"The Mushroom Lair","floor":14,"turns":4},{"damage":0,"enemies":"Hexaghost","floor":16,"turns":7},{"damage":0,"enemies":"3 Byrds","floor":18,"turns":4},{"damage":0,"enemies":"Chosen","floor":21,"turns":4},{"damage":12,"enemies":"Gremlin Leader","floor":23,"turns":4},{"damage":15,"enemies":"Snake Plant","floor":25,"turns":4},{"damage":22,"enemies":"Shelled Parasite and Fungi","floor":27,"turns":5},{"damage":30,"enemies":"Sentry and Sphere","floor":30,"turns":5},{"damage":19,"enemies":"Slavers","floor":31,"turns":1}],"seed_played":"6405949485629291732","potions_obtained":[{"floor":0,"key":"Poison Potion"},{"floor":0,"key":"GhostInAJar"},{"floor":0,"key":"LiquidMemories"},{"floor":8,"key":"SpeedPotion"},{"floor":16,"key":"Explosive Potion"},{"floor":18,"key":"Weak Potion"},{"floor":23,"key":"AttackPotion"}],"is_trial":false,"path_per_floor":["M","?","M","?","M","E","R","M","T","$","E","M","R","?","R","B",null,"M","?","$","M","?","E","R","M","T","M","$","R","M","E"],"character_chosen":"THE_SILENT","items_purchased":["TwistedFunnel","Bane","Accuracy"],"campfire_rested":0,"item_purchase_floors":[10,10,28],"current_hp_per_floor":[66,66,66,66,62,47,47,40,40,40,39,39,39,36,36,36,70,70,70,70,70,70,58,58,43,43,33,33,33,15,0,0],"gold":263,"neow_bonus":"THREE_SMALL_POTIONS","is_daily":false,"chose_seed":false,"campfire_upgraded":5,"win_rate":0.0,"timestamp":1613260376,"path_taken":["M","?","?","?","M","E","R","?","T","$","E","M","R","?","R","BOSS","M","?","$","M","?","E","R","M","T","?","?","R","M","E"],"items_purchased_type":["Relic","Card","Card"],"build_version":"2020-12-22","purchased_purges":0,"victory":false,"max_hp_per_floor":[70,70,70,70,70,70,70,70,70,70,70,70,70,70,70,70,70,70,70,70,70,70,70,70,70,70,70,70,70,70,70,70],"card_choices":[{"not_picked":["Blur","Infinite Blades"],"picked":"Footwork","floor":1},{"not_picked":["Calculated Gamble","Dodge and Roll"],"picked":"Poisoned Stab","floor":3},{"not_picked":["Blade Dance","Deadly Poison"],"picked":"Escape Plan","floor":5},{"not_picked":["Doppelganger","Skewer"],"picked":"Bouncing Flask","floor":6},{"not_picked":["Reflex","Distraction"],"picked":"Finisher","floor":8},{"not_picked":["Prepared","Tactician"],"picked":"Dagger Throw","floor":11},{"not_picked":["Poisoned Stab","Blade Dance"],"picked":"Noxious Fumes","floor":12},{"not_picked":["Underhanded Strike","Cloak And Dagger"],"picked":"Acrobatics","floor":14},{"not_picked":["Doppelganger","A Thousand Cuts"],"picked":"Unload","floor":16},{"not_picked":["Blade Dance","Terror"],"picked":"Flying Knee","floor":18},{"not_picked":["Blade Dance","Predator"],"picked":"Catalyst","floor":21},{"not_picked":["Predator+1","Bane","Slice+1"],"picked":"SKIP","floor":23},{"not_picked":["Sucker Punch","PiercingWail"],"picked":"Eviscerate","floor":25},{"not_picked":["Underhanded Strike","PiercingWail"],"picked":"Riddle With Holes+1","floor":27},{"not_picked":["Choke","Backstab"],"picked":"Outmaneuver","floor":30}],"player_experience":166679,"relics_obtained":[{"floor":6,"key":"Meat on the Bone"},{"floor":11,"key":"TungstenRod"},{"floor":14,"key":"Odd Mushroom"},{"floor":23,"key":"Smiling Mask"},{"floor":26,"key":"Bronze Scales"}],"event_choices":[{"damage_healed":0,"gold_gain":0,"player_choice":"Trade","damage_taken":0,"relics_obtained":["NlothsMask"],"max_hp_gain":0,"max_hp_loss":0,"event_name":"FaceTrader","floor":2,"gold_loss":0},{"damage_healed":0,"gold_gain":0,"cards_transformed":["Strike_G"],"player_choice":"Transformed","damage_taken":0,"max_hp_gain":0,"max_hp_loss":0,"event_name":"Transmorgrifier","floor":4,"gold_loss":0,"cards_obtained":["Storm of Steel"]},{"damage_healed":0,"gold_gain":0,"player_choice":"Fought Mushrooms","damage_taken":0,"max_hp_gain":0,"max_hp_loss":0,"event_name":"Mushrooms","floor":14,"gold_loss":0},{"damage_healed":0,"gold_gain":0,"player_choice":"Simplicity","damage_taken":0,"max_hp_gain":0,"max_hp_loss":0,"event_name":"Back to Basics","floor":19,"gold_loss":0,"cards_upgraded":["Strike_G","Strike_G","Strike_G","Strike_G","Defend_G","Defend_G","Defend_G","Defend_G","Defend_G"]},{"damage_healed":0,"gold_gain":100,"player_choice":"Bet on Murderer","damage_taken":0,"max_hp_gain":0,"max_hp_loss":0,"event_name":"The Joust","floor":22,"gold_loss":50}],"is_beta":false,"boss_relics":[{"not_picked":["Snecko Eye","Empty Cage"],"picked":"Runic Pyramid"}],"items_purged_floors":[],"is_endless":false,"potions_floor_spawned":[8,11,16,18,23],"killed_by":"Slavers","ascension_level":2}}