{"host":"hpn0uxah5qjr7pa6","time":1613250869,"event":{"mods":["2.2 Compatiblity","Act Like it!","Aspiration","BaseMod","Better Third Choice","BetterRewards","Challenge The Spire","Colored Powertips","Conspire","DeckTracker","Downfall","Energized Spire","Hallownest","Hermit","Highlight Path","Hubris","Infinite Spire","Minty Spire (QoL Compilation)","Permanent Neow","Quick Restart","Rare Cards Sparkle","Replay The Spire","Spicy Shops","StSLib","The Bug Knight","The Jungle"],"gold_per_floor":[113,188,199,211,224,224,258,258,281,27,27,40,40,55,55,150,150,168,11,55,55,55,55],"floor_reached":21,"language":"ENG","playtime":773,"items_purged":["hubris:Wrath"],"score":260,"play_id":"bc24e37e-54d6-4c27-8dc3-49dd91267291","local_time":"20210213131429","is_ascension_mode":true,"campfire_choices":[{"floor":6,"key":"REST"},{"floor":8,"key":"REST"},{"data":"bronze:BronzeOrb","floor":11,"key":"SMITH"}],"circlet_count":0,"master_deck":["bronze:Strike","bronze:Strike","bronze:Strike","bronze:Strike","bronze:Defend","bronze:Defend","bronze:Defend","bronze:Defend","bronze:Replicate","bronze:Branch+1","bronze:Branch","bronze:BronzeOrb+1","bronze:OilSpill","bronze:Branch"],"relics":["bronze:BronzeCore","ReplayTheSpireMod:CursedCoin","hubris:Potato","Bronze Scales","Toy Ornithopter","energizedSpire:CursedPentagram","MealTicket","conspire:Boomerang"],"acts_visited":["Exordium","TheCity"],"potions_floor_usage":[7,16,16,16,18,21],"damage_taken":[{"damage":7,"enemies":"Cultist","floor":1,"turns":6},{"damage":0,"enemies":"Jaw Worm","floor":3,"turns":4},{"damage":0,"enemies":"Small Slimes","floor":4,"turns":3},{"damage":9,"enemies":"2 Fungi Beasts","floor":5,"turns":3},{"damage":10,"enemies":"Gremlin Nob","floor":7,"turns":4},{"damage":0,"enemies":"3 Louse","floor":12,"turns":3},{"damage":9,"enemies":"Exordium Thugs","floor":14,"turns":6},{"damage":42,"enemies":"The Guardian","floor":16,"turns":15},{"damage":0,"enemies":"3 Byrds","floor":18,"turns":3},{"damage":62,"enemies":"conspire:MimicChest","floor":20,"turns":8},{"damage":17,"enemies":"Snecko","floor":21,"turns":3}],"seed_played":"-2245372946035566","potions_obtained":[{"floor":1,"key":"Elixir"},{"floor":3,"key":"Venom Potion"},{"floor":15,"key":"infinitespire:BlackPotion"},{"floor":15,"key":"bronze:FreeFunctionsPotion"},{"floor":16,"key":"Toxic Potion"},{"floor":20,"key":"Block Potion"}],"is_trial":false,"path_per_floor":["M","$","M","M","M","R","E","R","T","$","R","M","?","M","R","B",null,"M","$","?","M"],"character_chosen":"THE_AUTOMATON","items_purchased":["ReplayTheSpireMod:CursedCoin","bronze:BronzeOrb","Toy Ornithopter","MealTicket"],"campfire_rested":2,"item_purchase_floors":[2,10,10,19],"current_hp_per_floor":[56,56,56,56,47,68,58,70,70,70,70,70,70,61,61,33,61,66,66,4,0,0,0],"gold":55,"neow_bonus":"REMOVE_CARD","is_daily":false,"chose_seed":false,"campfire_upgraded":1,"win_rate":0.0,"timestamp":1613250869,"path_taken":["M","$","M","M","M","R","E","R","T","$","R","?","?","M","R","BOSS","M","$","?","M"],"items_purchased_type":["Relic","Card","Relic","Relic"],"build_version":"2020-12-22","purchased_purges":1,"victory":false,"max_hp_per_floor":[70,70,70,70,70,70,70,70,70,70,70,70,70,70,70,70,70,70,70,70,70,70,70],"card_choices":[{"not_picked":["bronze:Iterate","bronze:Turbo"],"picked":"bronze:Branch","floor":1},{"not_picked":["bronze:Separator","bronze:ChildClass"],"picked":"bronze:Branch","floor":3},{"not_picked":["bronze:Turbo","bronze:GetLatest","bronze:BitShift"],"picked":"SKIP","floor":4},{"not_picked":["bronze:Frontload","bronze:Boost","bronze:Overheat"],"picked":"SKIP","floor":5},{"not_picked":["bronze:WhirlingStrike","bronze:Overheat","bronze:NullPointer"],"picked":"SKIP","floor":7},{"not_picked":["bronze:CloningBeam","bronze:BuggyMess","bronze:BitShift"],"picked":"SKIP","floor":12},{"not_picked":["bronze:Deprecate","bronze:Shield","bronze:Turbo"],"picked":"SKIP","floor":14},{"not_picked":["bronze:Safeguard+1","bronze:Separator"],"picked":"bronze:OilSpill","floor":18},{"not_picked":["bronze:Frontload","bronze:BugBarrage"],"picked":"bronze:Branch","floor":20}],"player_experience":237362,"relics_obtained":[{"floor":7,"key":"hubris:Potato"},{"floor":9,"key":"Bronze Scales"},{"floor":20,"key":"conspire:Boomerang"}],"event_choices":[],"is_beta":false,"boss_relics":[{"not_picked":["hubris:BlackHole","Velvet Choker"],"picked":"energizedSpire:CursedPentagram"}],"items_purged_floors":[2],"is_endless":false,"potions_floor_spawned":[1,3,16,20],"killed_by":"Snecko","ascension_level":9}}