{"host":"y36bp6mnm73x3iob","time":1613214287,"event":{"mods":["2.2 Compatiblity","Aspiration","BaseMod","Bossed Relics","Downfall","GifTheSpireLib","Hermit","Minty Spire (QoL Compilation)","Reliquary","StSLib"],"gold_per_floor":[110,110,123,42,55,55,84,97,152,152,12,31,31,9,9,113,113,129,54,70,169,184,218,218,218,218,218,233,88,88,103,103,203,203,218,218,218,143,1142,1142,1142],"floor_reached":40,"language":"ENG","playtime":3445,"items_purged":[],"score":467,"play_id":"ef7cdbb4-096c-427e-8251-ed9d5c124484","local_time":"20210213130447","is_ascension_mode":true,"campfire_choices":[{"data":"Rainbow","floor":6,"key":"SMITH"},{"data":"Dualcast","floor":13,"key":"SMITH"},{"data":"Zap","floor":15,"key":"SMITH"},{"floor":25,"key":"REST"},{"floor":27,"key":"REST"},{"data":"Consume","floor":30,"key":"SMITH"},{"floor":32,"key":"REST"}],"circlet_count":0,"master_deck":["Defend_B","Defend_B","Defend_B","Zap+1","Dualcast+1","Heatsinks","Cold Snap","Rainbow+1","Ball Lightning","Consume+1","Fission+1","Multi-Cast","Capacitor","Compile Driver","Seek","Compile Driver","Chill","Capacitor","Multi-Cast","Barrage","Reinforced Body+1","Electrodynamics","aspiration:Polymerization","Normality","Normality"],"relics":["Cracked Core","NeowsBlessing","Bag of Preparation","reliquary:SilkGlove","Empty Cage","Letter Opener","MutagenicStrength","aspiration:DSix","Membership Card","aspiration:Stellarator","PreservedInsect"],"acts_visited":["Exordium","TheCity","TheBeyond"],"potions_floor_usage":[18,23,23,28,28,31],"damage_taken":[{"damage":0,"enemies":"2 Louse","floor":1,"turns":1},{"damage":0,"enemies":"Cultist","floor":3,"turns":1},{"damage":0,"enemies":"Small Slimes","floor":5,"turns":1},{"damage":9,"enemies":"Gremlin Nob","floor":7,"turns":3},{"damage":0,"enemies":"Exordium Thugs","floor":8,"turns":4},{"damage":17,"enemies":"Exordium Wildlife","floor":12,"turns":4},{"damage":23,"enemies":"Hexaghost","floor":16,"turns":8},{"damage":10,"enemies":"Chosen","floor":18,"turns":4},{"damage":1,"enemies":"Spheric Guardian","floor":20,"turns":4},{"damage":17,"enemies":"Snake Plant","floor":22,"turns":3},{"damage":44,"enemies":"Slavers","floor":23,"turns":5},{"damage":10,"enemies":"Cultist and Chosen","floor":28,"turns":5},{"damage":6,"enemies":"Centurion and Healer","floor":31,"turns":4},{"damage":39,"enemies":"Automaton","floor":33,"turns":8},{"damage":2,"enemies":"3 Shapes","floor":35,"turns":5},{"damage":93,"enemies":"Giant Head","floor":40,"turns":8}],"seed_played":"-6308654641794179295","potions_obtained":[{"floor":1,"key":"SteroidPotion"},{"floor":12,"key":"Swift Potion"},{"floor":16,"key":"SneckoOil"},{"floor":18,"key":"FearPotion"},{"floor":23,"key":"SkillPotion"},{"floor":28,"key":"LiquidMemories"}],"is_trial":false,"path_per_floor":["M","?","M","$","M","R","E","M","T","?","$","M","R","$","R","B",null,"M","?","M","?","M","E","?","R","T","R","M","$","R","M","R","B",null,"M","?","?","$","?","E"],"character_chosen":"DEFECT","items_purchased":["Rainbow","Multi-Cast","Compile Driver","Membership Card","PreservedInsect"],"campfire_rested":3,"item_purchase_floors":[4,11,14,29,38],"current_hp_per_floor":[75,75,75,75,75,75,66,66,66,66,66,49,49,49,49,26,75,65,65,64,64,47,3,3,25,25,47,37,37,37,31,53,14,75,73,73,73,73,73,0,0],"gold":1142,"neow_bonus":"THREE_ENEMY_KILL","is_daily":false,"chose_seed":false,"campfire_upgraded":4,"win_rate":0.0,"timestamp":1613214287,"path_taken":["M","?","M","$","?","R","E","M","T","?","?","M","R","?","R","BOSS","M","?","M","?","M","E","?","R","T","R","M","$","R","M","R","BOSS","M","?","?","$","?","E"],"items_purchased_type":["Card","Card","Card","Relic","Relic"],"build_version":"2020-12-22","purchased_purges":0,"victory":false,"max_hp_per_floor":[75,75,75,75,75,75,75,75,75,75,75,75,75,75,75,75,75,75,75,75,75,75,75,75,75,75,75,75,75,75,75,75,75,75,75,75,75,75,75,75,75],"card_choices":[{"not_picked":["Coolheaded","Go for the Eyes"],"picked":"Heatsinks","floor":1},{"not_picked":["Chaos","Hologram"],"picked":"Cold Snap","floor":3},{"not_picked":["Cold Snap","Auto Shields"],"picked":"Ball Lightning","floor":5},{"not_picked":["Reprogram","Rebound"],"picked":"Consume","floor":7},{"not_picked":["Gash","Skim"],"picked":"Fission","floor":8},{"not_picked":["Stack","Self Repair"],"picked":"Capacitor","floor":12},{"not_picked":["Meteor Strike","All For One"],"picked":"Seek","floor":16},{"not_picked":["Reprogram","Leap+1"],"picked":"Compile Driver","floor":18},{"not_picked":["Coolheaded","Aggregate"],"picked":"Chill","floor":20},{"not_picked":["White Noise","Hello World+1"],"picked":"Capacitor","floor":22},{"not_picked":["Redo","FTL+1"],"picked":"Multi-Cast","floor":23},{"not_picked":["Leap","Conserve Battery"],"picked":"Barrage","floor":28},{"not_picked":["Steam+1","Compile Driver"],"picked":"Reinforced Body+1","floor":31},{"not_picked":["Machine Learning","Biased Cognition"],"picked":"Electrodynamics","floor":33},{"not_picked":["Go for the Eyes","Beam Cell"],"picked":"aspiration:Polymerization","floor":35}],"player_experience":565339,"relics_obtained":[{"floor":7,"key":"Bag of Preparation"},{"floor":9,"key":"reliquary:SilkGlove"},{"floor":23,"key":"Letter Opener"},{"floor":26,"key":"aspiration:DSix"}],"event_choices":[{"cards_removed":["Strike_B"],"damage_healed":0,"gold_gain":0,"player_choice":"Purged","damage_taken":0,"max_hp_gain":0,"max_hp_loss":0,"event_name":"Purifier","floor":2,"gold_loss":0},{"damage_healed":0,"gold_gain":0,"player_choice":"Upgraded","damage_taken":0,"max_hp_gain":0,"max_hp_loss":0,"event_name":"Upgrade Shrine","floor":10,"gold_loss":0,"cards_upgraded":["Fission"]},{"cards_removed":["Strike_B"],"damage_healed":0,"gold_gain":0,"player_choice":"Gave Gold","damage_taken":0,"max_hp_gain":0,"max_hp_loss":0,"event_name":"Beggar","floor":19,"gold_loss":75},{"damage_healed":0,"gold_gain":99,"player_choice":"Stole From Cult","damage_taken":0,"max_hp_gain":0,"max_hp_loss":0,"event_name":"Nest","floor":21,"gold_loss":0},{"damage_healed":0,"gold_gain":0,"player_choice":"Inject Mutagens","damage_taken":0,"relics_obtained":["MutagenicStrength"],"max_hp_gain":0,"max_hp_loss":0,"event_name":"Drug Dealer","floor":24,"gold_loss":0},{"cards_removed":["Defend_B"],"damage_healed":0,"gold_gain":0,"player_choice":"Removed Skill","damage_taken":0,"max_hp_gain":0,"max_hp_loss":0,"event_name":"Falling","floor":36,"gold_loss":0},{"damage_healed":0,"gold_gain":0,"player_choice":"Ignored","damage_taken":0,"max_hp_gain":0,"max_hp_loss":0,"event_name":"Mysterious Sphere","floor":37,"gold_loss":0},{"damage_healed":0,"gold_gain":999,"player_choice":"Gold","damage_taken":0,"max_hp_gain":0,"max_hp_loss":0,"event_name":"MindBloom","floor":39,"gold_loss":0,"cards_obtained":["Normality","Normality"]}],"is_beta":false,"boss_relics":[{"not_picked":["Cursed Key","Runic Pyramid"],"picked":"Empty Cage"},{"not_picked":["Snecko Eye","reliquary:KinkedSpring"],"picked":"aspiration:Stellarator"}],"items_purged_floors":[],"is_endless":false,"potions_floor_spawned":[1,12,16,18,23,28],"killed_by":"Giant Head","ascension_level":2}}