{"host":"2hea6pl5vmah38iy","time":1613218308,"event":{"mods":["AchievementEnabler","BaseMod","Colored Map","DeckTracker","Keyboard Shortcuts","Minty Spire (QoL Compilation)","Rare Cards Sparkle","StSLib","SuperFastMode","everything is the same but u backflip on backflip"],"gold_per_floor":[117,127,127,277,45,86,86,120,120,161,72,88,88,34,34,130,130,151,176,195,195,220,220,236,272,272,293,293,311,39,62,62,161,161,179,11,35,35,50,50,50,50,50,50,86,102,138,138,138,138,138,138,138,171,171,171],"floor_reached":55,"language":"KOR","playtime":2459,"items_purged":["Doubt","Defend_P","Defend_P"],"score":1454,"play_id":"2342ab10-e988-4b10-a51d-1caecc3e6c3a","local_time":"20210213211148","is_ascension_mode":true,"campfire_choices":[{"data":"Eruption","floor":7.0,"key":"SMITH"},{"data":"CrushJoints","floor":15.0,"key":"SMITH"},{"floor":23.0,"key":"REST"},{"data":"InnerPeace","floor":28.0,"key":"SMITH"},{"data":"Vault","floor":32.0,"key":"SMITH"},{"data":"MentalFortress","floor":40.0,"key":"SMITH"},{"data":"Finesse","floor":42.0,"key":"SMITH"},{"floor":44.0,"key":"RECALL"},{"data":"Adaptation","floor":49.0,"key":"SMITH"},{"data":"Vigilance","floor":52.0,"key":"SMITH"}],"circlet_count":0,"master_deck":["AscendersBane","Strike_P","Strike_P","Strike_P","Defend_P","Defend_P","Eruption+1","Vigilance+1","FollowUp","InnerPeace+1","CrushJoints+1","BowlingBash","Tantrum","Vault+1","EmptyMind+1","Brilliance","MentalFortress+1","Finesse+1","Adaptation+1","SashWhip+1"],"relics":["PureWater","NeowsBlessing","Golden Idol","TheAbacus","Nunchaku","HornCleat","Darkstone Periapt","Torii","Bag of Marbles","Sozu","Pantograph","Meat on the Bone","Sling","VioletLotus","CloakClasp","Vajra","Orichalcum"],"acts_visited":["Exordium","TheCity","TheBeyond","TheEnding"],"potions_floor_usage":[],"damage_taken":[{"damage":0.0,"enemies":"2 Louse","floor":1.0,"turns":1.0},{"damage":0.0,"enemies":"Small Slimes","floor":2.0,"turns":1.0},{"damage":0.0,"enemies":"Gremlin Nob","floor":6.0,"turns":1.0},{"damage":16.0,"enemies":"Lagavulin","floor":8.0,"turns":5.0},{"damage":4.0,"enemies":"3 Sentries","floor":10.0,"turns":6.0},{"damage":1.0,"enemies":"Jaw Worm","floor":12.0,"turns":2.0},{"damage":2.0,"enemies":"Hexaghost","floor":16.0,"turns":8.0},{"damage":1.0,"enemies":"Shell Parasite","floor":18.0,"turns":3.0},{"damage":0.0,"enemies":"Chosen","floor":19.0,"turns":3.0},{"damage":0.0,"enemies":"Snecko","floor":20.0,"turns":4.0},{"damage":26.0,"enemies":"Shelled Parasite and Fungi","floor":22.0,"turns":7.0},{"damage":10.0,"enemies":"Snake Plant","floor":24.0,"turns":3.0},{"damage":8.0,"enemies":"Slavers","floor":25.0,"turns":3.0},{"damage":1.0,"enemies":"Centurion and Healer","floor":27.0,"turns":5.0},{"damage":0.0,"enemies":"Cultist and Chosen","floor":29.0,"turns":3.0},{"damage":1.0,"enemies":"Snecko","floor":31.0,"turns":4.0},{"damage":28.0,"enemies":"Collector","floor":33.0,"turns":4.0},{"damage":10.0,"enemies":"3 Shapes","floor":35.0,"turns":5.0},{"damage":0.0,"enemies":"3 Darklings","floor":37.0,"turns":5.0},{"damage":7.0,"enemies":"Jaw Worm Horde","floor":39.0,"turns":4.0},{"damage":0.0,"enemies":"Giant Head","floor":45.0,"turns":4.0},{"damage":7.0,"enemies":"Writhing Mass","floor":46.0,"turns":4.0},{"damage":1.0,"enemies":"Nemesis","floor":47.0,"turns":4.0},{"damage":19.0,"enemies":"Time Eater","floor":50.0,"turns":8.0},{"damage":29.0,"enemies":"Shield and Spear","floor":54.0,"turns":6.0},{"damage":59,"enemies":"The Heart","floor":55,"turns":6}],"seed_played":"-4333978340250835898","potions_obtained":[{"floor":2.0,"key":"SkillPotion"},{"floor":6.0,"key":"ColorlessPotion"}],"is_trial":false,"path_per_floor":["M","M","?","?","$","E","R","E","T","E","$","M","?","?","R","B",null,"M","M","M","?","M","R","M","E","T","M","R","M","$","M","R","B",null,"M","$","M","?","M","R","?","R","T","R","E","M","E","?","R","B",null,"R","$","E","B"],"character_chosen":"WATCHER","items_purchased":["TheAbacus","Tantrum","Sling","MentalFortress"],"campfire_rested":1,"item_purchase_floors":[5,11,30,36],"current_hp_per_floor":[61,61,61,61,61,61,61,45,45,41,41,40,33,33,33,31,54,53,53,53,53,27,45,35,27,27,38,38,38,38,37,37,34,55,45,45,45,35,40,40,40,40,40,40,40,33,32,32,32,38,54,54,54,37,0,0],"gold":171,"neow_bonus":"THREE_ENEMY_KILL","is_daily":false,"chose_seed":false,"campfire_upgraded":8,"win_rate":0.0,"timestamp":1613218308,"path_taken":["M","M","?","?","$","E","R","E","T","E","?","?","?","?","R","BOSS","M","M","?","?","M","R","M","E","T","M","R","M","$","M","R","BOSS","M","$","M","?","M","R","?","R","T","R","E","M","E","?","R","BOSS","R","$","E","BOSS"],"items_purchased_type":["Relic","Card","Relic","Card"],"build_version":"2020-12-22","purchased_purges":3,"victory":false,"max_hp_per_floor":[68,68,62,62,62,62,62,62,62,62,62,62,62,62,62,62,62,62,62,62,62,62,62,62,62,62,62,62,62,62,62,62,62,62,62,62,62,62,62,62,59,59,59,59,59,59,59,59,59,59,59,59,59,59,59,59],"card_choices":[{"not_picked":["Protect","Evaluate"],"picked":"FollowUp","floor":1.0},{"not_picked":["FlyingSleeves","Evaluate"],"picked":"InnerPeace","floor":2.0},{"not_picked":["Consecrate","Halt"],"picked":"CrushJoints","floor":6.0},{"not_picked":["Establishment","PathToVictory"],"picked":"BowlingBash","floor":8.0},{"not_picked":["CrushJoints","Conclude","DevaForm"],"picked":"SKIP","floor":10.0},{"not_picked":["CrushJoints","Conclude","DevaForm"],"picked":"SKIP","floor":10.0},{"not_picked":["EmptyFist","FollowUp","Worship"],"picked":"SKIP","floor":12.0},{"not_picked":["Wish","Alpha"],"picked":"Vault","floor":16.0},{"not_picked":["Worship","PathToVictory+1"],"picked":"EmptyMind+1","floor":18.0},{"not_picked":["Meditate","ClearTheMind","Study"],"picked":"SKIP","floor":19.0},{"not_picked":["Crescendo+1","Protect","SashWhip"],"picked":"SKIP","floor":20.0},{"not_picked":["EmptyBody","PathToVictory","Protect"],"picked":"SKIP","floor":22.0},{"not_picked":["FlyingSleeves","Consecrate","WreathOfFlame"],"picked":"SKIP","floor":24.0},{"not_picked":["Crescendo","FlyingSleeves+1","SashWhip"],"picked":"SKIP","floor":25.0},{"not_picked":["Blasphemy","ClearTheMind+1","WreathOfFlame"],"picked":"SKIP","floor":27.0},{"not_picked":["Consecrate","Prostrate","FollowUp"],"picked":"SKIP","floor":29.0},{"not_picked":["EmptyFist","Swivel","DeceiveReality"],"picked":"SKIP","floor":31.0},{"not_picked":["Wish","ConjureBlade"],"picked":"Brilliance","floor":33.0},{"not_picked":["Swivel","CutThroughFate+1","JustLucky"],"picked":"SKIP","floor":35.0},{"not_picked":["ClearTheMind+1","Perseverance","WreathOfFlame"],"picked":"SKIP","floor":37.0},{"not_picked":["Dramatic Entrance","Mind Blast"],"picked":"Flash of Steel","floor":38.0},{"not_picked":["Magnetism","Enlightenment"],"picked":"Finesse","floor":38.0},{"not_picked":["Consecrate+1","LikeWater","Pray"],"picked":"SKIP","floor":39.0},{"not_picked":["BowlingBash+1","FollowUp+1","Halt+1"],"picked":"SKIP","floor":45.0},{"not_picked":["JustLucky","FlyingSleeves","Weave"],"picked":"SKIP","floor":46.0},{"not_picked":["JustLucky","Meditate+1"],"picked":"Adaptation","floor":47.0},{"not_picked":["CutThroughFate","MentalFortress+1"],"picked":"SashWhip+1","floor":54.0}],"player_experience":571317,"relics_obtained":[{"floor":6.0,"key":"Nunchaku"},{"floor":8.0,"key":"HornCleat"},{"floor":9.0,"key":"Darkstone Periapt"},{"floor":10.0,"key":"Torii"},{"floor":25.0,"key":"Pantograph"},{"floor":26.0,"key":"Meat on the Bone"},{"floor":45.0,"key":"CloakClasp"},{"floor":47.0,"key":"Vajra"},{"floor":54.0,"key":"Orichalcum"}],"event_choices":[{"damage_healed":0.0,"max_hp_gain":0.0,"max_hp_loss":6.0,"gold_gain":0.0,"event_name":"Golden Idol","player_choice":"Lose Max HP","floor":3.0,"gold_loss":0.0,"damage_taken":0.0,"relics_obtained":["Golden Idol"]},{"damage_healed":0.0,"max_hp_gain":0.0,"max_hp_loss":0.0,"gold_gain":150.0,"event_name":"Liars Game","player_choice":"AGREE","floor":4.0,"gold_loss":0.0,"damage_taken":0.0,"cards_obtained":["Doubt"]},{"cards_removed":["Strike_P"],"damage_healed":0.0,"max_hp_gain":0.0,"max_hp_loss":0.0,"gold_gain":0.0,"event_name":"Golden Wing","player_choice":"Card Removal","floor":13.0,"gold_loss":0.0,"damage_taken":7.0},{"damage_healed":0.0,"max_hp_gain":0.0,"max_hp_loss":0.0,"gold_gain":0.0,"event_name":"WeMeetAgain","player_choice":"Paid Gold","floor":14.0,"gold_loss":54.0,"damage_taken":0.0,"relics_obtained":["Bag of Marbles"]},{"damage_healed":0.0,"max_hp_gain":0.0,"max_hp_loss":0.0,"gold_gain":0.0,"event_name":"Cursed Tome","player_choice":"Ignored","floor":21.0,"gold_loss":0.0,"damage_taken":0.0},{"damage_healed":0.0,"max_hp_gain":0.0,"max_hp_loss":0.0,"gold_gain":0.0,"event_name":"SensoryStone","player_choice":"Memory 3","floor":38.0,"gold_loss":0.0,"damage_taken":10.0},{"damage_healed":0.0,"max_hp_gain":0.0,"max_hp_loss":3.0,"gold_gain":0.0,"event_name":"Winding Halls","player_choice":"Max HP","floor":41.0,"gold_loss":0.0,"damage_taken":0.0},{"cards_removed":["Flash of Steel"],"damage_healed":0.0,"max_hp_gain":0.0,"max_hp_loss":0.0,"gold_gain":0.0,"event_name":"Falling","player_choice":"Removed Attack","floor":48.0,"gold_loss":0.0,"damage_taken":0.0}],"is_beta":false,"boss_relics":[{"not_picked":["Calling Bell","Velvet Choker"],"picked":"Sozu"},{"not_picked":["Black Star","Coffee Dripper"],"picked":"VioletLotus"}],"items_purged_floors":[5,30,36],"is_endless":false,"potions_floor_spawned":[2,6,25,27,29,33,35,46],"killed_by":"The Heart","ascension_level":18}}