{"host":"92sjzvcjs9ajt7c7","time":1613194745,"event":{"mods":["Bard","BaseMod","Colored Powertips","Evolution","Minty Spire (QoL Compilation)","Shop Mod","StSLib","The Alterego","The Disciple","The Hayseed","The Marked","The Runesmith","The Servant 0.9.4","The Showman","Waifu the Spire","everything is the same but u backflip on backflip"],"gold_per_floor":[119,119,119,139,89,89,114,133,159,193,193,207,221,396,396,493,493,505,524,46,63,63,63,82,82,82],"floor_reached":25,"language":"ENG","playtime":3239,"items_purged":["Runesmith:Defend_RS"],"score":213,"play_id":"3e184658-10f7-474f-b4c2-a6c2be95530c","local_time":"20210212233905","is_ascension_mode":false,"campfire_choices":[{"data":"Runesmith:HammerThrow","floor":6.0,"key":"SMITH"},{"data":"Runesmith:HammerTime","floor":11.0,"key":"SMITH"},{"floor":15.0,"key":"REST"},{"floor":23,"key":"REST"}],"circlet_count":0,"master_deck":["Runesmith:Strike_RS","Runesmith:Strike_RS","Runesmith:Strike_RS","Runesmith:Defend_RS","Runesmith:Defend_RS","Runesmith:CraftFirestone","Runesmith:Fortify","Runesmith:EnergizedChisel","Runesmith:CraftMagma","Runesmith:HammerThrow+1","Runesmith:HammerTime+1","Runesmith:EarthShield","Runesmith:RuneHurl","Runesmith:HeatedChisel","Doubt","Runesmith:CreatorForm","Runesmith:CraftVitae","Runesmith:BackupBattery","Runesmith:Firestorm","Runesmith:HeatExchange+1"],"relics":["Runesmith:BrokenRuby","EVO:Axolotl","Runesmith:AutoHammer","MealTicket","Ancient Tea Set","Sozu","Gremlin Horn","MerchantsRug","alterego_mod:FleetingLove"],"acts_visited":["Exordium","TheCity"],"potions_floor_usage":[],"damage_taken":[{"damage":1.0,"enemies":"2 Louse","floor":1.0,"turns":4.0},{"damage":2.0,"enemies":"Jaw Worm","floor":4.0,"turns":5.0},{"damage":17.0,"enemies":"Gremlin Nob","floor":7.0,"turns":4.0},{"damage":0.0,"enemies":"Cultist","floor":8.0,"turns":3.0},{"damage":11.0,"enemies":"Lagavulin","floor":10.0,"turns":7.0},{"damage":7.0,"enemies":"3 Louse","floor":12.0,"turns":3.0},{"damage":2.0,"enemies":"Large Slime","floor":13.0,"turns":4.0},{"damage":14.0,"enemies":"Slime Boss","floor":16.0,"turns":11.0},{"damage":39.0,"enemies":"2 Thieves","floor":18.0,"turns":5.0},{"damage":0.0,"enemies":"Shell Parasite","floor":19.0,"turns":6.0},{"damage":18.0,"enemies":"Snake Plant","floor":21.0,"turns":6.0},{"damage":6,"enemies":"Centurion and Healer","floor":24,"turns":5},{"damage":44,"enemies":"Chosen and Byrds","floor":25,"turns":4}],"seed_played":"-5463629362946206071","potions_obtained":[{"floor":1.0,"key":"Block Potion"},{"floor":4.0,"key":"SpeedPotion"}],"is_trial":true,"path_per_floor":["M","?","?","M","?","R","E","M","T","E","R","M","M","?","R","B",null,"M","M","$","M","?","R","M","M"],"character_chosen":"RUNESMITH_CLASS","items_purchased":["Gremlin Horn","Runesmith:Firestorm","MerchantsRug"],"campfire_rested":2,"item_purchase_floors":[20,20,20],"current_hp_per_floor":[69,69,66,64,64,64,47,47,47,36,36,29,27,27,48,44,70,31,31,46,28,28,49,43,0,0],"gold":82,"neow_bonus":"","is_daily":false,"chose_seed":false,"campfire_upgraded":2,"win_rate":0.0,"timestamp":1613194745,"path_taken":["M","?","?","M","?","R","E","?","T","E","R","?","M","?","R","BOSS","M","M","$","M","?","R","M","M"],"items_purchased_type":["Relic","Card","Relic"],"build_version":"2020-12-22","purchased_purges":1,"victory":false,"max_hp_per_floor":[70,70,70,70,70,70,70,70,70,70,70,70,70,70,70,70,70,70,70,70,70,70,70,70,70,70],"card_choices":[{"not_picked":["Runesmith:HammerTime","Runesmith:OneForEveryone"],"picked":"Runesmith:EnergizedChisel","floor":1.0},{"not_picked":["Runesmith:Malloc","Runesmith:CraftMagma"],"picked":"Runesmith:HammerThrow","floor":4.0},{"not_picked":["Runesmith:ShiftingStrike","Runesmith:LightningRod"],"picked":"Runesmith:HammerTime","floor":7.0},{"not_picked":["Runesmith:EnergizedChisel","Runesmith:RuneHurl"],"picked":"Runesmith:EarthShield","floor":8.0},{"not_picked":["Runesmith:Grindstone","Runesmith:CraftObretio","Runesmith:FrozenChisel"],"picked":"SKIP","floor":10.0},{"not_picked":["Runesmith:ElementalConversion","Runesmith:CraftProtectio"],"picked":"Runesmith:RuneHurl","floor":12.0},{"not_picked":["Runesmith:Grindstone","Runesmith:RuneHurl"],"picked":"Runesmith:HeatedChisel","floor":13.0},{"not_picked":["Runesmith:Supernova","Runesmith:Duplicate"],"picked":"Runesmith:CreatorForm","floor":16.0},{"not_picked":["Runesmith:HammerThrow","Runesmith:Refine"],"picked":"Runesmith:CraftVitae","floor":18.0},{"not_picked":["Runesmith:ChiselStab","Runesmith:Electrocute+1"],"picked":"Runesmith:BackupBattery","floor":19.0},{"not_picked":["Runesmith:Overpower","Runesmith:StaticCage+1","Runesmith:CraftReservo"],"picked":"SKIP","floor":21.0},{"not_picked":["Runesmith:Permafrost+1","Runesmith:ChiselStab+1"],"picked":"Runesmith:HeatExchange+1","floor":24}],"player_experience":42909,"relics_obtained":[{"floor":7.0,"key":"MealTicket"},{"floor":9.0,"key":"Ancient Tea Set"},{"floor":10.0,"key":"Toy Ornithopter"}],"event_choices":[{"damage_healed":0.0,"max_hp_gain":0.0,"max_hp_loss":0.0,"gold_gain":0.0,"cards_transformed":["Runesmith:Strike_RS"],"event_name":"Living Wall","player_choice":"Change","floor":2.0,"gold_loss":0.0,"damage_taken":0.0,"cards_obtained":["Runesmith:CraftMagma"]},{"damage_healed":0.0,"max_hp_gain":0.0,"max_hp_loss":0.0,"gold_gain":0.0,"event_name":"Scrap Ooze","player_choice":"Success","floor":3.0,"gold_loss":0.0,"damage_taken":3.0,"relics_obtained":["Runesmith:AutoHammer"]},{"cards_removed":["Runesmith:Defend_RS"],"damage_healed":0.0,"max_hp_gain":0.0,"max_hp_loss":0.0,"gold_gain":0.0,"event_name":"The Cleric","player_choice":"Card Removal","floor":5.0,"gold_loss":50.0,"damage_taken":0.0},{"damage_healed":0.0,"max_hp_gain":0.0,"max_hp_loss":0.0,"gold_gain":175.0,"event_name":"Liars Game","player_choice":"AGREE","floor":14.0,"gold_loss":0.0,"damage_taken":0.0,"cards_obtained":["Doubt"]},{"damage_healed":0,"gold_gain":0,"player_choice":"Choice 1","damage_taken":0,"relics_obtained":["alterego_mod:FleetingLove"],"max_hp_gain":0,"max_hp_loss":0,"event_name":"Secret Garden","floor":22,"gold_loss":0}],"is_beta":false,"boss_relics":[{"not_picked":["Pandora\u0027s Box","Ectoplasm"],"picked":"Sozu"}],"items_purged_floors":[20],"is_endless":false,"potions_floor_spawned":[1,4,19,24],"killed_by":"Chosen and Byrds","ascension_level":0}}