{"host":"qgrlfjrqk9z96gfi","time":1613182236,"event":{"mods":["BaseMod","Block Reminder","Colored Map","Custom Start","DeckTracker","Minty Spire (QoL Compilation)"],"gold_per_floor":[115,115,126,143,143,143,43,70,120,120,130,130,155,165,165,239,239,249,249,220,220,232,232,147,173,197,37,37,71,71,81,81,81,81],"floor_reached":33,"language":"ENG","playtime":1124,"items_purged":["Strike_G"],"score":686,"play_id":"8c49ddab-103e-4b3c-a3b0-95a012064350","local_time":"20210212161036","is_ascension_mode":true,"campfire_choices":[{"data":"Glass Knife","floor":6.0,"key":"SMITH"},{"floor":10.0,"key":"REST"},{"data":"Noxious Fumes","floor":15.0,"key":"SMITH"},{"floor":23,"key":"REST"},{"floor":28,"key":"REST"},{"data":"Well Laid Plans","floor":32,"key":"SMITH"}],"circlet_count":0,"master_deck":["AscendersBane","Strike_G","Strike_G+1","Strike_G","Defend_G","Defend_G","Defend_G","Defend_G","Defend_G","Survivor","Neutralize","Glass Knife+1","Sucker Punch+1","Dash","Dagger Spray","Dagger Throw","Tools of the Trade","Well Laid Plans+1","Noxious Fumes+1","After Image","Reflex+1","RitualDagger","Concentrate","Finisher+1","Die Die Die","Acrobatics","Prepared"],"relics":["Ring of the Snake","Whetstone","Lantern","Ninja Scroll","Black Star","Anchor","Bottled Lightning","Tiny Chest","Toy Ornithopter","Sling","Eternal Feather","Ancient Tea Set"],"acts_visited":["Exordium","TheCity"],"potions_floor_usage":[29],"damage_taken":[{"damage":0.0,"enemies":"Cultist","floor":1.0,"turns":3.0},{"damage":2.0,"enemies":"Small Slimes","floor":3.0,"turns":3.0},{"damage":2.0,"enemies":"Jaw Worm","floor":4.0,"turns":3.0},{"damage":29.0,"enemies":"3 Sentries","floor":8.0,"turns":13.0},{"damage":0.0,"enemies":"2 Fungi Beasts","floor":11.0,"turns":2.0},{"damage":0.0,"enemies":"Gremlin Nob","floor":13.0,"turns":2.0},{"damage":0.0,"enemies":"Gremlin Gang","floor":14.0,"turns":3.0},{"damage":11.0,"enemies":"Hexaghost","floor":16.0,"turns":9.0},{"damage":5,"enemies":"Spheric Guardian","floor":18,"turns":5},{"damage":23,"enemies":"2 Thieves","floor":20,"turns":4},{"damage":32,"enemies":"Cultist and Chosen","floor":22,"turns":9},{"damage":38,"enemies":"Slavers","floor":25,"turns":8},{"damage":0,"enemies":"Gremlin Leader","floor":29,"turns":3},{"damage":0,"enemies":"Snake Plant","floor":31,"turns":2},{"damage":70,"enemies":"Automaton","floor":33,"turns":6}],"seed_played":"4388760271121830665","potions_obtained":[{"floor":8.0,"key":"EssenceOfSteel"},{"floor":11.0,"key":"FearPotion"},{"floor":13.0,"key":"LiquidMemories"},{"floor":14.0,"key":"Poison Potion"},{"floor":22,"key":"FearPotion"},{"floor":29,"key":"DuplicationPotion"}],"is_trial":false,"path_per_floor":["M","?","M","M","?","R","$","E","T","R","M","?","E","M","R","B",null,"M","?","M","?","M","R","?","E","T","$","R","E","$","M","R","B"],"character_chosen":"THE_SILENT","items_purchased":["Dagger Throw","Sling"],"campfire_rested":3,"item_purchase_floors":[7,27],"current_hp_per_floor":[59,52,50,48,48,48,48,19,19,37,37,42,42,42,42,31,57,52,46,23,65,33,52,52,14,14,14,33,38,38,38,53,0,0],"gold":81,"neow_bonus":"THREE_RARE_CARDS","is_daily":false,"chose_seed":false,"campfire_upgraded":3,"win_rate":0.0,"timestamp":1613182236,"path_taken":["M","?","M","M","?","R","$","E","T","R","M","?","E","M","R","BOSS","M","?","M","?","?","R","?","E","T","$","R","E","?","M","R","BOSS"],"items_purchased_type":["Card","Relic"],"build_version":"2020-12-22","purchased_purges":1,"victory":false,"max_hp_per_floor":[60,60,60,60,60,60,60,60,60,60,60,65,65,65,65,65,65,65,65,65,65,65,65,65,65,65,65,65,65,65,65,65,65,65],"card_choices":[{"not_picked":["Corpse Explosion","Bullet Time"],"picked":"Glass Knife","floor":0.0},{"not_picked":["Deadly Poison","Flying Knee"],"picked":"Sucker Punch","floor":1.0},{"not_picked":["Dodge and Roll","Slice"],"picked":"Dash","floor":3.0},{"not_picked":["Flying Knee","Riddle With Holes"],"picked":"Dagger Spray","floor":4.0},{"not_picked":["Cloak And Dagger","Deadly Poison"],"picked":"Tools of the Trade","floor":8.0},{"not_picked":["Bane","All Out Attack"],"picked":"Well Laid Plans","floor":11.0},{"not_picked":["Blur","Dash"],"picked":"Caltrops","floor":13.0},{"not_picked":["Deflect","Quick Slash"],"picked":"Noxious Fumes","floor":14.0},{"not_picked":["Doppelganger","Envenom"],"picked":"After Image","floor":16.0},{"not_picked":["Bane+1","Slice"],"picked":"Reflex+1","floor":18},{"not_picked":["Accuracy","Quick Slash"],"picked":"Concentrate","floor":20},{"not_picked":["Backstab","Endless Agony"],"picked":"Finisher+1","floor":22},{"not_picked":["Poisoned Stab","Blur"],"picked":"Die Die Die","floor":25},{"not_picked":["Dodge and Roll","Setup"],"picked":"Acrobatics","floor":29},{"not_picked":["Heel Hook","Flying Knee"],"picked":"Prepared","floor":31}],"player_experience":1130817,"relics_obtained":[{"floor":8.0,"key":"Whetstone"},{"floor":9.0,"key":"Lantern"},{"floor":13.0,"key":"Ninja Scroll"},{"floor":25,"key":"Bottled Lightning"},{"floor":25,"key":"Tiny Chest"},{"floor":26,"key":"Toy Ornithopter"},{"floor":29,"key":"Eternal Feather"},{"floor":29,"key":"Ancient Tea Set"}],"event_choices":[{"cards_removed":["Strike_G"],"damage_healed":0.0,"max_hp_gain":0.0,"max_hp_loss":0.0,"gold_gain":0.0,"event_name":"Golden Wing","player_choice":"Card Removal","floor":2.0,"gold_loss":0.0,"damage_taken":7.0},{"damage_healed":0.0,"max_hp_gain":0.0,"max_hp_loss":0.0,"gold_gain":0.0,"event_name":"The Cleric","player_choice":"Leave","floor":5.0,"gold_loss":0.0,"damage_taken":0.0},{"damage_healed":0.0,"max_hp_gain":5.0,"max_hp_loss":0.0,"gold_gain":0.0,"event_name":"Big Fish","player_choice":"Donut","floor":12.0,"gold_loss":0.0,"damage_taken":0.0},{"damage_healed":0,"gold_gain":0,"player_choice":"Joined the Cult","damage_taken":6,"max_hp_gain":0,"max_hp_loss":0,"event_name":"Nest","floor":19,"gold_loss":0,"cards_obtained":["RitualDagger"]},{"cards_removed":["Caltrops"],"damage_healed":42,"gold_gain":0,"player_choice":"Offered Uncommon","damage_taken":0,"max_hp_gain":0,"max_hp_loss":0,"event_name":"Bonfire Elementals","floor":21,"gold_loss":0},{"damage_healed":0,"gold_gain":0,"player_choice":"Obtained Relic","damage_taken":0,"relics_obtained":["Anchor"],"max_hp_gain":0,"max_hp_loss":0,"event_name":"Addict","floor":24,"gold_loss":85}],"is_beta":false,"boss_relics":[{"not_picked":["Pandora\u0027s Box","Coffee Dripper"],"picked":"Black Star"}],"items_purged_floors":[7],"is_endless":false,"potions_floor_spawned":[8,11,13,14,22,29,31],"killed_by":"Automaton","ascension_level":20}}