{"host":"ocll6kdfqxraqtza","time":1613199813,"event":{"mods":["2.2 Compatiblity","Act Like it!","Arknights","Aspiration","BaseMod","Better Third Choice","Gensokyo","Hallownest","Hermit","Hubris","Jorbs\u0027s Wanderer Trilogy","Luminous","Marisa（霧雨　魔理沙）","Minty Spire (QoL Compilation)","Reimu（博??梦）","Reliquary","Replay The Spire","Shade Mod","StSLib","The Alterego","The Bug Knight","The Cursed","The Hierophant","The Marked","The Runesmith","TheBandit","Wandering Minibosses"],"gold_per_floor":[113,113,38,38,58,85,112,112,112,112,132,147,162,162,162,258,258,269,16,16,16,26,54,54,54,54,68,94,121,121,134,134,233,233,248,76,277,18,18,43,43,73,125,125,125,139,139,14,14,14,14,14,14,14,14],"floor_reached":54,"language":"ENG","playtime":1591,"items_purged":["Languid","Defend_B","Dagger Spray"],"score":945,"play_id":"b7070f54-4015-4319-bca7-9232adb30da0","local_time":"20210213150333","is_ascension_mode":true,"campfire_choices":[{"data":"Dualcast","floor":8.0,"key":"SMITH"},{"data":"Beam Cell","floor":10.0,"key":"SMITH"},{"data":"Riddle With Holes","floor":15.0,"key":"SMITH"},{"data":"Mirror Shield","floor":24,"key":"SMITH"},{"data":"Apotheosis","floor":32,"key":"SMITH"},{"data":"Heatsinks","floor":41,"key":"SMITH"},{"data":"Bullet Time","floor":45,"key":"SMITH"},{"floor":49,"key":"RECALL"}],"circlet_count":0,"master_deck":["Zap+1","Dualcast+1","Deep Breath","Beam Cell+1","Chill","Capacitor","BasicCrystalCard+1","hubris:PowerSurge","Riddle With Holes+1","Crippling Poison","Finisher","Mirror Shield+1","Heatsinks+1","Rebound+1","Crystallizer+1","Fusion+1","Tempest+1","Apotheosis+1","Cold Snap+1","Echo Form","Tempest+1","Panic Button+1","Lockon+1","Core Surge+1","Double Energy+1","Time Bomb+1","Rebound+1","aspiration:Lunge","Bullet Time+1","Hello World","ReplayGash+1","ReplayTheSpireMod:GoodbyeWorld+1","Barrage+1","BootSequence"],"relics":["Cracked Core","Ring of Shattering","ReplayTheSpireMod:Ring of Addiction","White Beast Statue","Chameleon Ring","Replay:Towering Pillar of Hats","Incense Burner","WingedGreaves","aspiration:PoetsPen_weak","Replay:Rubber Ducky","Nunchaku","Nilry\u0027s Codex","Meat on the Bone","TungstenRod","Replay:Baseball","Prayer Wheel","Runic Dome","Medical Kit","Bag of Preparation","Prayer Wheel","InkBottle","Replay:PocketPolymizer"],"acts_visited":["Exordium","TheCity","Gensokyo:Gensokyoest","TheEnding"],"potions_floor_usage":[23,27,28,33,40,42,46,50,50,54],"damage_taken":[{"damage":9.0,"enemies":"2 Louse","floor":1.0,"turns":3.0},{"damage":0.0,"enemies":"Small Slimes","floor":5.0,"turns":3.0},{"damage":12.0,"enemies":"Gremlin Nob","floor":6.0,"turns":3.0},{"damage":0.0,"enemies":"Cultist","floor":11.0,"turns":1.0},{"damage":0.0,"enemies":"Exordium Thugs","floor":12.0,"turns":1.0},{"damage":0.0,"enemies":"Gremlin Gang","floor":13.0,"turns":4.0},{"damage":24.0,"enemies":"Hexaghost","floor":16.0,"turns":7.0},{"damage":2.0,"enemies":"Spheric Guardian","floor":18.0,"turns":3.0},{"damage":0,"enemies":"Shell Parasite","floor":22,"turns":2},{"damage":21,"enemies":"Book of Stabbing","floor":23,"turns":4},{"damage":6,"enemies":"Centurion and Healer","floor":27,"turns":4},{"damage":31,"enemies":"Slavers","floor":28,"turns":5},{"damage":18,"enemies":"Snake Plant","floor":31,"turns":3},{"damage":11,"enemies":"Pondfish","floor":33,"turns":6},{"damage":9,"enemies":"Gensokyo:3_Boulders","floor":35,"turns":5},{"damage":0,"enemies":"Gensokyo:Kasen","floor":40,"turns":5},{"damage":12,"enemies":"Gensokyo:Marisa","floor":42,"turns":3},{"damage":0,"enemies":"Gensokyo:3_Bats","floor":46,"turns":1},{"damage":0,"enemies":"Gensokyo:Scarlet_Devils","floor":50,"turns":5},{"damage":92,"enemies":"Shield and Spear","floor":54,"turns":3}],"seed_played":"535767057155638105","potions_obtained":[{"floor":1.0,"key":"Block Potion"},{"floor":2.0,"key":"Strength Potion"},{"floor":2.0,"key":"MagicPotion:ReiMu"},{"floor":5.0,"key":"FocusPotion"},{"floor":6.0,"key":"DuplicationPotion"},{"floor":11.0,"key":"Venom Potion"},{"floor":12.0,"key":"Weak Potion"},{"floor":13.0,"key":"SpeedPotion"},{"floor":16.0,"key":"Explosive Potion"},{"floor":18.0,"key":"Venom Potion"},{"floor":22,"key":"EssenceOfDarkness"},{"floor":23,"key":"FearPotion"},{"floor":27,"key":"Strength Potion"},{"floor":28,"key":"Strength Potion"},{"floor":31,"key":"BlessingOfTheForge"},{"floor":33,"key":"DuplicationPotion"},{"floor":35,"key":"Doom Potion"},{"floor":40,"key":"LifebloodPotion"},{"floor":42,"key":"Energy Potion"},{"floor":46,"key":"Languid Potion"},{"floor":52,"key":"Ancient Potion"},{"floor":52,"key":"EssenceOfSteel"}],"is_trial":false,"path_per_floor":["M","?","$","?","M","E","T","R","T","R","M","M","M","?","R","B",null,"M","$","?","$","M","E","R","?","T","M","E","T","?","M","R","B",null,"M","COS","?","$","?","E","R","E","T","?","R","M","?","$","R","B",null,"R","$","E"],"character_chosen":"DEFECT","items_purchased":["Replay:Rubber Ducky","Core Surge+1","Bag of Preparation"],"campfire_rested":0,"item_purchase_floors":[19,38,38],"current_hp_per_floor":[66,66,66,66,66,54,54,54,54,54,54,54,54,54,54,30,73,71,71,71,71,71,50,50,34,34,40,21,21,21,15,15,16,67,58,58,43,43,43,43,43,43,43,43,43,43,43,43,43,43,59,59,59,0,0],"gold":14,"neow_bonus":"RANDOM_COLORLESS","is_daily":false,"chose_seed":false,"campfire_upgraded":7,"win_rate":0.0,"timestamp":1613199813,"path_taken":["M","?","$","?","?","E","?","R","T","R","M","M","?","?","R","BOSS","M","?","?","$","?","E","R","?","T","M","E","?","?","M","R","BOSS","M","COS","?","$","?","E","R","E","T","?","R","?","?","$","R","BOSS","R","$","E"],"items_purchased_type":["Relic","Card","Relic"],"build_version":"2020-12-22","purchased_purges":3,"victory":false,"max_hp_per_floor":[75,75,75,75,75,75,75,75,75,73,73,73,73,73,73,73,73,73,73,73,71,71,71,71,71,71,69,69,69,69,69,67,67,67,67,67,65,65,65,63,63,63,63,63,63,61,61,61,61,59,59,59,59,57,57],"card_choices":[{"not_picked":["Impatience","Survey Options"],"picked":"Deep Breath","floor":0.0},{"not_picked":["Capacitor","Coolheaded"],"picked":"Beam Cell","floor":1.0},{"not_picked":["Leap","Streamline"],"picked":"Ball Lightning","floor":5.0},{"not_picked":["Stack","Steam"],"picked":"Chill","floor":6.0},{"not_picked":["Turbo","Steam"],"picked":"Capacitor","floor":11.0},{"not_picked":["ReplayTheSpireMod:Calculation Training","Redo"],"picked":"BasicCrystalCard","floor":12.0},{"not_picked":["Consume","Hello World"],"picked":"hubris:PowerSurge","floor":13.0},{"not_picked":["Seek","Reboot"],"picked":"Mirror Shield","floor":16.0},{"not_picked":["Compile Driver","Turbo"],"picked":"Heatsinks","floor":18.0},{"not_picked":["BasicCrystalCard","Leap"],"picked":"Rebound+1","floor":22},{"not_picked":["White Noise","Hello World"],"picked":"Crystallizer+1","floor":23},{"not_picked":["Sweeping Beam+1","Redo"],"picked":"Fusion+1","floor":27},{"not_picked":["Turbo","Lockon"],"picked":"Tempest+1","floor":28},{"not_picked":["Conserve Battery","Loop"],"picked":"Cold Snap+1","floor":31},{"not_picked":["Buffer","Electrodynamics"],"picked":"Echo Form","floor":33},{"not_picked":["Turbo","Redo"],"picked":"Tempest+1","floor":35},{"not_picked":["Rebound+1","ReplayTheSpireMod:Reroute Power"],"picked":"Panic Button+1","floor":35},{"not_picked":["Recycle","Barrage+1"],"picked":"Lockon+1","floor":37},{"not_picked":["BasicCrystalCard+1","Beam Cell+1"],"picked":"Double Energy+1","floor":40},{"not_picked":["Cold Snap+1","Go for the Eyes+1"],"picked":"Time Bomb+1","floor":40},{"not_picked":["Echo Form","Barrage+1"],"picked":"Rebound+1","floor":42},{"not_picked":["Reprogram","Self Repair"],"picked":"ReplayGash+1","floor":46},{"not_picked":["BasicCrystalCard","White Noise"],"picked":"ReplayTheSpireMod:GoodbyeWorld+1","floor":46},{"not_picked":["ReplayTheSpireMod:System Scan","Steam"],"picked":"Barrage+1","floor":46}],"player_experience":533308,"relics_obtained":[{"floor":2.0,"key":"Ring of Shattering"},{"floor":2.0,"key":"ReplayTheSpireMod:Ring of Addiction"},{"floor":2.0,"key":"White Beast Statue"},{"floor":2.0,"key":"Chameleon Ring"},{"floor":6.0,"key":"Replay:Towering Pillar of Hats"},{"floor":7.0,"key":"reliquary:FerryPass"},{"floor":9.0,"key":"Incense Burner"},{"floor":13.0,"key":"WingedGreaves"},{"floor":23,"key":"Nunchaku"},{"floor":25,"key":"Nilry\u0027s Codex"},{"floor":26,"key":"Meat on the Bone"},{"floor":28,"key":"TungstenRod"},{"floor":29,"key":"Replay:Baseball"},{"floor":40,"key":"InkBottle"},{"floor":42,"key":"Replay:PocketPolymizer"}],"event_choices":[{"damage_healed":0.0,"max_hp_gain":0.0,"max_hp_loss":0.0,"gold_gain":0.0,"event_name":"Accursed Blacksmith","player_choice":"Forge","floor":4.0,"gold_loss":0.0,"damage_taken":0.0,"cards_upgraded":["Zap"]},{"damage_healed":0,"gold_gain":0,"player_choice":"Obtained Book","damage_taken":16,"max_hp_gain":0,"max_hp_loss":0,"event_name":"Cursed Tome","floor":25,"gold_loss":0}],"is_beta":false,"boss_relics":[{"not_picked":["hubris:BlackHole","Sozu"],"picked":"aspiration:PoetsPen_weak"},{"not_picked":["Replay:Ancient Bell","aspiration:RunicSpoon"],"picked":"Runic Dome"}],"items_purged_floors":[3,19,48],"is_endless":false,"potions_floor_spawned":[1,5,6,11,12,13,16,18,22,23,27,28,31,33,35,40,42,46],"killed_by":"Shield and Spear","ascension_level":4}}