{"host":"a5lz0e76zb3fcwkm","time":1613230554,"event":{"mods":["AchievementEnabler","BaseMod","Colored Map","Colored Powertips","Minty Spire (QoL Compilation)","StSLib","SuperFastMode"],"gold_per_floor":[110,110,35,45,45,45,45,45,45,45,64,99,99,140,140,140,140],"floor_reached":16,"language":"KOR","playtime":255,"items_purged":["Decay"],"score":212,"play_id":"71ae24f2-fba1-4749-86cf-80743cece22a","local_time":"20210214003554","is_ascension_mode":true,"campfire_choices":[{"data":"Apotheosis","floor":6.0,"key":"SMITH"},{"floor":10.0,"key":"RECALL"},{"data":"Fission","floor":13,"key":"SMITH"},{"floor":15,"key":"REST"}],"circlet_count":0,"master_deck":["AscendersBane","Strike_B","Strike_B","Strike_B","Strike_B","Defend_B","Defend_B","Defend_B","Defend_B","Zap","Dualcast","Apotheosis+1","Glacier","Ball Lightning","Genetic Algorithm","Fission+1","Redo"],"relics":["Cracked Core","Golden Idol","Pear","Omamori"],"acts_visited":["Exordium"],"potions_floor_usage":[12,16],"damage_taken":[{"damage":9.0,"enemies":"2 Louse","floor":1.0,"turns":3.0},{"damage":2.0,"enemies":"Jaw Worm","floor":4.0,"turns":4.0},{"damage":2.0,"enemies":"Cultist","floor":11.0,"turns":3.0},{"damage":14,"enemies":"3 Sentries","floor":12,"turns":8},{"damage":34,"enemies":"Gremlin Nob","floor":14,"turns":4},{"damage":36,"enemies":"Slime Boss","floor":16,"turns":7}],"seed_played":"2406992182278616302","potions_obtained":[{"floor":11.0,"key":"Energy Potion"},{"floor":14,"key":"DuplicationPotion"}],"is_trial":false,"path_per_floor":["M","?","$","M","?","R","$","?","T","R","M","E","R","E","R","B"],"character_chosen":"DEFECT","items_purchased":[],"campfire_rested":1,"item_purchase_floors":[],"current_hp_per_floor":[55,55,55,53,53,53,53,53,53,53,51,47,47,13,35,0,0],"gold":140,"neow_bonus":"RANDOM_COLORLESS_2","is_daily":false,"chose_seed":false,"campfire_upgraded":2,"win_rate":0.0,"timestamp":1613230554,"path_taken":["M","?","$","M","?","R","?","?","T","R","M","E","R","E","R","BOSS"],"items_purchased_type":[],"build_version":"2020-12-22","purchased_purges":1,"victory":false,"max_hp_per_floor":[71,71,71,71,64,64,64,64,64,64,64,74,74,74,74,74,74],"card_choices":[{"not_picked":["Transmutation","The Bomb"],"picked":"Apotheosis","floor":0.0},{"not_picked":["Aggregate","Coolheaded"],"picked":"Glacier","floor":1.0},{"not_picked":["Chill","Coolheaded"],"picked":"Ball Lightning","floor":4.0},{"not_picked":["Conserve Battery","Self Repair"],"picked":"Genetic Algorithm","floor":11.0},{"not_picked":["Rebound","Doom and Gloom"],"picked":"Fission","floor":12},{"not_picked":["Turbo","Sweeping Beam"],"picked":"Redo","floor":14}],"player_experience":1885680,"relics_obtained":[{"floor":12,"key":"Pear"},{"floor":14,"key":"Omamori"}],"event_choices":[{"damage_healed":0.0,"max_hp_gain":0.0,"max_hp_loss":0.0,"gold_gain":0.0,"event_name":"Shining Light","player_choice":"Ignored","floor":2.0,"gold_loss":0.0,"damage_taken":0.0},{"damage_healed":0.0,"max_hp_gain":0.0,"max_hp_loss":7.0,"gold_gain":0.0,"event_name":"Golden Idol","player_choice":"Lose Max HP","floor":5.0,"gold_loss":0.0,"damage_taken":0.0,"relics_obtained":["Golden Idol"]},{"damage_healed":0.0,"max_hp_gain":0.0,"max_hp_loss":0.0,"gold_gain":0.0,"event_name":"Liars Game","player_choice":"Ignored","floor":8.0,"gold_loss":0.0,"damage_taken":0.0}],"is_beta":false,"boss_relics":[],"items_purged_floors":[3],"is_endless":false,"potions_floor_spawned":[11,14],"killed_by":"Slime Boss","ascension_level":20}}