{"host":"yecadp3kwkksam5a","time":1613190640,"event":{"mods":["100% Spire Juice","BaseMod","Minty Spire (QoL Compilation)","StSLib","SuperFastMode","The Cursed","WarShipGirlsR/??á´Ò³R mod"],"gold_per_floor":[115,115,131,131,150,184,220,258,295,307,334,374,415,470,482,580,592,592,517,517,354,354,354,354,354,354,354,354],"floor_reached":27,"language":"KOR","playtime":1002,"items_purged":["Iron Wave"],"score":605,"play_id":"ffe04a80-604e-4180-a30d-932addd0819a","local_time":"20210213133040","is_ascension_mode":true,"campfire_choices":[{"data":"Body Slam","floor":10.0,"key":"SMITH"},{"data":"Limit Break","floor":15.0,"key":"SMITH"},{"data":"Body Slam","floor":24.0,"key":"SMITH"}],"circlet_count":0,"master_deck":["AscendersBane","Bash","Iron Wave","Iron Wave","Iron Wave","Iron Wave","Iron Wave","Body Slam+1","Shrug It Off","Inflame","Feed","Limit Break+1","Heavy Blade","Barricade","Body Slam+1","Burning Pact","Shockwave"],"relics":["Burning Blood","Akabeko","MawBank","Happy Flower","Juzu Bracelet","CeramicFish","Boot","Lantern","Ectoplasm","MealTicket","Singing Bowl","PreservedInsect"],"acts_visited":["Exordium","TheCity"],"potions_floor_usage":[27],"damage_taken":[{"damage":0.0,"enemies":"Jaw Worm","floor":1.0,"turns":3.0},{"damage":0.0,"enemies":"Small Slimes","floor":3.0,"turns":3.0},{"damage":0.0,"enemies":"2 Louse","floor":5.0,"turns":3.0},{"damage":19.0,"enemies":"Gremlin Nob","floor":6.0,"turns":4.0},{"damage":20.0,"enemies":"Lagavulin","floor":8.0,"turns":6.0},{"damage":0.0,"enemies":"Blue Slaver","floor":11.0,"turns":2.0},{"damage":5.0,"enemies":"3 Sentries","floor":12.0,"turns":5.0},{"damage":0.0,"enemies":"Exordium Thugs","floor":13.0,"turns":4.0},{"damage":7.0,"enemies":"Lagavulin","floor":14.0,"turns":5.0},{"damage":24.0,"enemies":"Slime Boss","floor":16.0,"turns":7.0},{"damage":28.0,"enemies":"3 Byrds","floor":18.0,"turns":5.0},{"damage":18.0,"enemies":"Spheric Guardian","floor":22.0,"turns":5.0},{"damage":13.0,"enemies":"Gremlin Leader","floor":23.0,"turns":8.0},{"damage":42.0,"enemies":"Slavers","floor":25.0,"turns":4.0},{"damage":34,"enemies":"Book of Stabbing","floor":27,"turns":4}],"seed_played":"5573954275671723977","potions_obtained":[{"floor":6.0,"key":"BlessingOfTheForge"},{"floor":8.0,"key":"AttackPotion"},{"floor":14.0,"key":"DuplicationPotion"},{"floor":16.0,"key":"FearPotion"},{"floor":25.0,"key":"AttackPotion"}],"is_trial":false,"path_per_floor":["M","?","M","?","M","E","T","E","T","R","M","E","M","E","R","B",null,"M","?","?","$","M","E","R","E","T","E"],"character_chosen":"IRONCLAD","items_purchased":["Burning Pact"],"campfire_rested":0,"item_purchase_floors":[21],"current_hp_per_floor":[81,86,87,69,75,62,62,51,51,51,60,64,73,75,75,60,94,75,75,75,75,66,62,62,31,31,0,0],"gold":354,"neow_bonus":"TEN_PERCENT_HP_BONUS","is_daily":false,"chose_seed":false,"campfire_upgraded":3,"win_rate":0.0,"timestamp":1613190640,"path_taken":["M","?","M","?","M","E","?","E","T","R","M","E","M","E","R","BOSS","M","?","?","$","M","E","R","E","T","E"],"items_purchased_type":["Card"],"build_version":"2020-12-22","purchased_purges":1,"victory":false,"max_hp_per_floor":[82,87,87,87,87,87,87,90,90,90,93,96,99,102,102,105,105,108,108,108,108,111,114,114,119,119,119,119],"card_choices":[{"not_picked":["Warcry","Dropkick"],"picked":"Body Slam","floor":1.0},{"not_picked":["Iron Wave","Clash"],"picked":"Shrug It Off","floor":3.0},{"not_picked":["Clothesline","Limit Break"],"picked":"Inflame","floor":5.0},{"not_picked":["Dual Wield","Warcry"],"picked":"Feed","floor":6.0},{"not_picked":["Havoc","Bloodletting","Flex"],"picked":"SKIP","floor":8.0},{"not_picked":["Anger","Twin Strike","Pummel"],"picked":"SKIP","floor":11.0},{"not_picked":["Wild Strike","Havoc","Sword Boomerang"],"picked":"SKIP","floor":12.0},{"not_picked":["Clothesline","Blood for Blood"],"picked":"Limit Break","floor":13.0},{"not_picked":["Rage","Bludgeon"],"picked":"Heavy Blade","floor":14.0},{"not_picked":["Limit Break","Corruption"],"picked":"Barricade","floor":16.0},{"not_picked":["Rupture","Cleave"],"picked":"Body Slam","floor":18.0},{"not_picked":["Heavy Blade","Rage","Headbutt"],"picked":"SKIP","floor":22.0},{"not_picked":["Wild Strike+1","Clothesline"],"picked":"Shockwave","floor":23.0},{"not_picked":["Blood for Blood","Intimidate+1","Rage"],"picked":"Singing Bowl","floor":25.0}],"player_experience":623283,"relics_obtained":[{"floor":6.0,"key":"MawBank"},{"floor":7.0,"key":"Happy Flower"},{"floor":8.0,"key":"Juzu Bracelet"},{"floor":9.0,"key":"CeramicFish"},{"floor":12.0,"key":"Boot"},{"floor":14.0,"key":"Lantern"},{"floor":23.0,"key":"MealTicket"},{"floor":25.0,"key":"Singing Bowl"},{"floor":26.0,"key":"PreservedInsect"}],"event_choices":[{"damage_healed":0.0,"max_hp_gain":5.0,"max_hp_loss":0.0,"gold_gain":0.0,"event_name":"Big Fish","player_choice":"Donut","floor":2.0,"gold_loss":0.0,"damage_taken":0.0},{"damage_healed":0.0,"max_hp_gain":0.0,"max_hp_loss":0.0,"gold_gain":0.0,"event_name":"Scrap Ooze","player_choice":"Success","floor":4.0,"gold_loss":0.0,"damage_taken":18.0,"relics_obtained":["Akabeko"]},{"cards_removed":["Iron Wave"],"damage_healed":0.0,"max_hp_gain":0.0,"max_hp_loss":0.0,"gold_gain":0.0,"event_name":"Beggar","player_choice":"Gave Gold","floor":19.0,"gold_loss":75.0,"damage_taken":0.0}],"is_beta":false,"boss_relics":[{"not_picked":["Black Blood","Cursed Key"],"picked":"Ectoplasm"}],"items_purged_floors":[21],"is_endless":false,"potions_floor_spawned":[6,8,11,14,16,18,25],"killed_by":"Book of Stabbing","ascension_level":18}}