{"host":"rantoq7h0pygex6x","time":1613216059,"event":{"mods":["AchievementEnabler","BaseMod","BetterRewards","Minty Spire (QoL Compilation)"],"gold_per_floor":[116,116,127,145,157,157,175,175,202,202,216,235,235,267,267,345,345,358,358,372,167,178,178,205,205,230,230,55,73,123,152,152,152,152],"floor_reached":33,"language":"ENG","playtime":854,"items_purged":["Strike_B","Defend_B","Strike_B","Defend_B","Strike_B"],"score":734,"play_id":"16f6972c-1fef-4db4-a16c-d2a0aa8b1e83","local_time":"20210213193419","is_ascension_mode":true,"campfire_choices":[{"data":"Zap","floor":6.0,"key":"SMITH"},{"data":"Loop","floor":8.0,"key":"SMITH"},{"floor":13.0,"key":"REST"},{"floor":15.0,"key":"REST"},{"floor":23.0,"key":"REST"},{"data":"Storm","floor":25.0,"key":"SMITH"},{"floor":27.0,"key":"REST"},{"data":"Defragment","floor":32,"key":"SMITH"}],"circlet_count":0,"master_deck":["AscendersBane","Strike_B","Defend_B","Defend_B+1","Zap+1","Dualcast+1","Conserve Battery","Loop+1","Self Repair","Coolheaded","Loop","Chill","Barrage","Leap","Force Field","Cold Snap","Chill","Consume","Ball Lightning","Blizzard","Sunder","Storm+1","Core Surge","Zap","Force Field","Hologram","Ball Lightning","Defragment+1"],"relics":["Cracked Core","War Paint","Bronze Scales","FaceOfCleric","Dream Catcher","Centennial Puzzle","SacredBark","Toy Ornithopter","Blood Vial","Red Mask"],"acts_visited":["Exordium","TheCity"],"potions_floor_usage":[],"damage_taken":[{"damage":0.0,"enemies":"2 Louse","floor":1.0,"turns":2.0},{"damage":0.0,"enemies":"Cultist","floor":3.0,"turns":4.0},{"damage":8.0,"enemies":"Small Slimes","floor":4.0,"turns":4.0},{"damage":7.0,"enemies":"Looter","floor":5.0,"turns":4.0},{"damage":0.0,"enemies":"Gremlin Gang","floor":7.0,"turns":5.0},{"damage":4.0,"enemies":"Blue Slaver","floor":11.0,"turns":4.0},{"damage":16.0,"enemies":"Large Slime","floor":12.0,"turns":5.0},{"damage":30.0,"enemies":"Gremlin Nob","floor":14.0,"turns":4.0},{"damage":20.0,"enemies":"Slime Boss","floor":16.0,"turns":9.0},{"damage":2.0,"enemies":"Chosen","floor":18.0,"turns":4.0},{"damage":27.0,"enemies":"Shell Parasite","floor":20.0,"turns":7.0},{"damage":28.0,"enemies":"Snake Plant","floor":22.0,"turns":4.0},{"damage":27.0,"enemies":"Slavers","floor":24.0,"turns":6.0},{"damage":23.0,"enemies":"Snecko","floor":29.0,"turns":6.0},{"damage":26,"enemies":"Masked Bandits","floor":31,"turns":5},{"damage":59,"enemies":"Collector","floor":33,"turns":8}],"seed_played":"8457292141804111734","potions_obtained":[{"floor":5.0,"key":"Strength Potion"},{"floor":7.0,"key":"ColorlessPotion"},{"floor":12.0,"key":"SkillPotion"},{"floor":16.0,"key":"LiquidBronze"},{"floor":20.0,"key":"SkillPotion"},{"floor":24.0,"key":"Strength Potion"}],"is_trial":false,"path_per_floor":["M","?","M","M","M","R","M","R","T","$","M","M","R","E","R","B",null,"M","?","M","$","M","R","E","R","T","R","$","M","?","?","R","B"],"character_chosen":"DEFECT","items_purchased":["Conserve Battery","Loop","Self Repair","Coolheaded","War Paint","Bronze Scales","Loop","Chill","Barrage","Leap","Hologram"],"campfire_rested":4,"item_purchase_floors":[0,0,0,0,0,0,0,0,0,0,21],"current_hp_per_floor":[32,32,40,40,41,41,49,49,49,49,53,38,61,39,62,50,72,78,78,59,59,39,63,44,44,44,68,68,55,55,39,39,0,0],"gold":152,"neow_bonus":"","is_daily":false,"chose_seed":false,"campfire_upgraded":4,"win_rate":0.0,"timestamp":1613216059,"path_taken":["M","?","M","?","M","R","M","R","T","$","M","?","R","E","R","BOSS","M","?","M","$","M","R","E","R","T","R","?","?","?","?","R","BOSS"],"items_purchased_type":["Card","Card","Card","Card","Relic","Relic","Card","Card","Card","Card","Card"],"build_version":"2020-12-22","purchased_purges":5,"victory":false,"max_hp_per_floor":[71,71,72,73,74,74,75,75,75,75,76,77,77,78,78,79,79,80,80,81,81,82,82,83,83,83,83,83,84,84,85,85,85,85],"card_choices":[{"not_picked":["Streamline","Hologram"],"picked":"Force Field","floor":1.0},{"not_picked":["Reinforced Body","Compile Driver","Turbo"],"picked":"SKIP","floor":3.0},{"not_picked":["Steam","Hologram"],"picked":"Cold Snap","floor":4.0},{"not_picked":["Leap","Genetic Algorithm"],"picked":"Chill","floor":5.0},{"not_picked":["Fusion","Hologram"],"picked":"Consume","floor":7.0},{"not_picked":["Sweeping Beam","Steam"],"picked":"Ball Lightning","floor":11.0},{"not_picked":["Chill","Sweeping Beam"],"picked":"Blizzard","floor":12.0},{"not_picked":["Turbo","Echo Form"],"picked":"Sunder","floor":14.0},{"not_picked":["Barrage","Sunder"],"picked":"Storm","floor":15.0},{"not_picked":["Creative AI","Reboot"],"picked":"Core Surge","floor":16.0},{"not_picked":["Turbo+1","Lockon","Recycle+1"],"picked":"SKIP","floor":18.0},{"not_picked":["Sweeping Beam","Leap","Barrage"],"picked":"SKIP","floor":20.0},{"not_picked":["Hologram","Beam Cell","Rebound"],"picked":"SKIP","floor":22.0},{"not_picked":["Go for the Eyes","Leap+1","Reboot"],"picked":"SKIP","floor":24.0},{"not_picked":["Sweeping Beam","Cold Snap"],"picked":"Ball Lightning","floor":29.0},{"not_picked":["Sunder","Barrage"],"picked":"Defragment","floor":31}],"player_experience":995877,"relics_obtained":[{"floor":9.0,"key":"Dream Catcher"},{"floor":14.0,"key":"Centennial Puzzle"},{"floor":24.0,"key":"Toy Ornithopter"},{"floor":26.0,"key":"Blood Vial"},{"floor":31,"key":"Red Mask"}],"event_choices":[{"damage_healed":0.0,"max_hp_gain":0.0,"max_hp_loss":0.0,"gold_gain":0.0,"event_name":"FaceTrader","player_choice":"Trade","floor":2.0,"gold_loss":0.0,"damage_taken":0.0,"relics_obtained":["FaceOfCleric"]},{"damage_healed":0.0,"max_hp_gain":0.0,"max_hp_loss":0.0,"gold_gain":0.0,"event_name":"Match and Keep!","player_choice":"2 cards matched","floor":19.0,"gold_loss":0.0,"damage_taken":0.0,"cards_obtained":["Zap","Force Field"]},{"damage_healed":0.0,"max_hp_gain":0.0,"max_hp_loss":0.0,"gold_gain":50.0,"event_name":"Nest","player_choice":"Stole From Cult","floor":30.0,"gold_loss":0.0,"damage_taken":0.0},{"damage_healed":0,"gold_gain":0,"player_choice":"Fought Bandits","damage_taken":0,"max_hp_gain":0,"max_hp_loss":0,"event_name":"Masked Bandits","floor":31,"gold_loss":0}],"is_beta":false,"boss_relics":[{"not_picked":["Runic Pyramid","Velvet Choker"],"picked":"SacredBark"}],"items_purged_floors":[0,0,0,21,28],"is_endless":false,"potions_floor_spawned":[5,7,12,16,20,24],"killed_by":"Collector","ascension_level":20}}