{"host":"zjc1tzo4ovig5lll","time":1613203049,"event":{"mods":["AchievementEnabler","Aspiration","BaseMod","Beaked The Cultist","Better Altar","Better Match","Better Note","Better Sensory Stone","Colored Map","Colored Powertips","Conspire","Energized Spire","Friendly Minions","GifTheSpireLib","Halation","Hermit","Hubris","Minty Spire (QoL Compilation)","Rare Cards Sparkle","Reliquary","Replay The Spire","StSLib","The Blue Laboratory","The Bug Knight","The Construct","The Jungle","everything is the same but u backflip on backflip"],"gold_per_floor":[117,130,155,173,143,143,175,175,175,190,201,201,230,242,242,337,337,347,357,12,12,12,12,112,112],"floor_reached":24,"language":"ENG","playtime":1216,"items_purged":["hubris:Greed"],"score":268,"play_id":"96ddf8d5-64be-4f4f-b8a6-11ff2e1b0329","local_time":"20210213095729","is_ascension_mode":true,"campfire_choices":[{"floor":6.0,"key":"REST"},{"data":"beaked:BloodForTheGods","floor":8.0,"key":"SMITH"},{"floor":15.0,"key":"REST"},{"floor":23.0,"key":"RECALL"}],"circlet_count":0,"master_deck":["beaked:Strike_Y+1","beaked:Strike_Y","beaked:Strike_Y","beaked:Strike_Y","beaked:Strike_Y","beaked:Strike_Y","beaked:Defend_Y","beaked:Defend_Y","beaked:Defend_Y","beaked:Defend_Y","beaked:Ceremony","beaked:Ceremony","beaked:Ceremony","Flash of Steel+1","beaked:Insight","beaked:Insight","beaked:BloodForTheGods+1","beaked:Insight","beaked:VigorBurst","beaked:HuntressSpirit","CurseOfTheBell","beaked:BraceForImpact+1","beaked:AwakenedForm","beaked:TuckingFeathers"],"relics":["beaked:MendingPlumage","ReplayTheSpireMod:CursedCoin","Whetstone","hubris:Icosahedron","hubris:OldNail","Calling Bell","Orichalcum","hubris:DeckOfHolding","Du-Vu Doll","Medical Kit","Oddly Smooth Stone","Blood Vial"],"acts_visited":["Exordium","TheCity"],"potions_floor_usage":[24],"damage_taken":[{"damage":16.0,"enemies":"Jaw Worm","floor":1.0,"turns":6.0},{"damage":17.0,"enemies":"2 Louse","floor":2.0,"turns":3.0},{"damage":10.0,"enemies":"Small Slimes","floor":4.0,"turns":4.0},{"damage":12.0,"enemies":"Looter","floor":5.0,"turns":4.0},{"damage":40.0,"enemies":"Lagavulin","floor":7.0,"turns":9.0},{"damage":40.0,"enemies":"3 Louse","floor":10.0,"turns":8.0},{"damage":25.0,"enemies":"Large Slime","floor":11.0,"turns":7.0},{"damage":36.0,"enemies":"Gremlin Nob","floor":13.0,"turns":5.0},{"damage":33.0,"enemies":"Red Slaver","floor":14.0,"turns":7.0},{"damage":105.0,"enemies":"Hexaghost","floor":16.0,"turns":11.0},{"damage":146.0,"enemies":"Shell Parasite","floor":18.0,"turns":12.0},{"damage":82.0,"enemies":"Spheric Guardian","floor":19.0,"turns":7.0},{"damage":94,"enemies":"Slavers","floor":24,"turns":4}],"seed_played":"-978526690525770315","potions_obtained":[{"floor":2.0,"key":"blueLaboratory:BottleOfRum"},{"floor":14.0,"key":"Toxic Potion"}],"is_trial":false,"path_per_floor":["M","M","$","M","M","R","E","R","T","M","M","?","E","M","R","B",null,"M","M","$","?","?","R","E"],"character_chosen":"BEAKED_THE_CULTIST","items_purchased":["ReplayTheSpireMod:CursedCoin","beaked:Insight","beaked:AwakenedForm","beaked:TuckingFeathers","Medical Kit"],"campfire_rested":2,"item_purchase_floors":[3,3,20,20,20],"current_hp_per_floor":[43,33,33,34,35,50,26,26,26,39,50,50,27,25,41,39,51,55,55,55,55,41,41,0,0],"gold":112,"neow_bonus":"RANDOM_COLORLESS","is_daily":false,"chose_seed":false,"campfire_upgraded":1,"win_rate":0.0,"timestamp":1613203049,"path_taken":["M","M","$","M","M","R","E","R","T","M","M","?","E","M","R","BOSS","M","M","$","?","?","R","E"],"items_purchased_type":["Relic","Card","Card","Card","Relic"],"build_version":"2020-12-22","purchased_purges":1,"victory":false,"max_hp_per_floor":[50,50,50,50,50,50,50,50,50,50,50,50,55,55,55,55,55,55,55,55,55,55,55,55,55],"card_choices":[{"not_picked":["Mind Blast","Trip"],"picked":"Flash of Steel","floor":0.0},{"not_picked":["beaked:Overexert","beaked:FeelMyPain","beaked:Tradeoff"],"picked":"SKIP","floor":1.0},{"not_picked":["beaked:FeelMyPain","beaked:Windmill"],"picked":"beaked:Insight","floor":2.0},{"not_picked":["beaked:WindBringer","beaked:DigDeep","beaked:Roost"],"picked":"SKIP","floor":4.0},{"not_picked":["beaked:Tweet","beaked:Windmill","beaked:Overexert"],"picked":"SKIP","floor":5.0},{"not_picked":["beaked:StunningBlow","beaked:Sacrifice"],"picked":"beaked:BloodForTheGods","floor":7.0},{"not_picked":["beaked:Brace","beaked:Poke","beaked:CursingBlood"],"picked":"SKIP","floor":10.0},{"not_picked":["beaked:Devastation","beaked:Roost"],"picked":"beaked:Insight","floor":11.0},{"not_picked":["beaked:SurvivalInstinct","beaked:TuckingFeathers"],"picked":"beaked:VigorBurst","floor":13.0},{"not_picked":["beaked:BarbedWire","beaked:CursingBlood"],"picked":"beaked:HuntressSpirit","floor":14.0},{"not_picked":["beaked:Evade","beaked:Brace"],"picked":"beaked:BraceForImpact+1","floor":18.0},{"not_picked":["beaked:Brace","beaked:Struggle","ReplayTheSpireMod:Wings of Steel"],"picked":"SKIP","floor":19.0}],"player_experience":731313,"relics_obtained":[{"floor":7.0,"key":"Whetstone"},{"floor":13.0,"key":"hubris:OldNail"},{"floor":17.0,"key":"Orichalcum"},{"floor":17.0,"key":"hubris:DeckOfHolding"},{"floor":17.0,"key":"Du-Vu Doll"}],"event_choices":[{"damage_healed":0.0,"max_hp_gain":55.0,"max_hp_loss":41.0,"gold_gain":0.0,"event_name":"betterAltar:BetterAltar","player_choice":" Vial ","floor":22.0,"potions_obtained":[],"relics_lost":[],"gold_loss":0.0,"damage_taken":14.0,"relics_obtained":["Blood Vial"]}],"is_beta":false,"boss_relics":[{"not_picked":["aspiration:FutureDiary","Kintsugi"],"picked":"Calling Bell"}],"items_purged_floors":[3],"is_endless":false,"potions_floor_spawned":[2,11,14,19],"killed_by":"Slavers","ascension_level":6}}