{"host":"mvy2rmdvyttjfm6x","time":1613240058,"event":{"mods":["AchievementEnabler","BaseMod","Keyboard Shortcuts","Lobotomy","Minty Spire (QoL Compilation)","Quick Restart","StSLib"],"gold_per_floor":[118,118,135,146,164,164,36,36,36,36,55,74,90,106,106,201,201,218,218,218],"floor_reached":19,"language":"KOR","playtime":668,"items_purged":[],"score":163,"play_id":"a38b276d-d0e1-438f-b2f7-6e357a7865f1","local_time":"20210214031418","is_ascension_mode":false,"campfire_choices":[{"data":"Shrug It Off","floor":6,"key":"SMITH"},{"data":"Perfected Strike","floor":15,"key":"SMITH"}],"circlet_count":0,"master_deck":["Strike_R","Strike_R","Strike_R","Strike_R","Defend_R","Defend_R","Defend_R","Bash","Scorched","Shrug It Off+1","OSAHOGD","Twin Strike","CrumblingArmor","SpiderBud","Ghostly Armor","Offering","WallGazer","Pommel Strike","Funeral","OldLady","FairyFestival","HappyTeddy","Reaper","BlackSwan","Pommel Strike"],"relics":["Black Blood","CogitoBucket","Vajra","Pantograph","AdjustmentMirror"],"acts_visited":["Exordium","TheCity"],"potions_floor_usage":[13,16,18,19],"damage_taken":[{"damage":6,"enemies":"Jaw Worm","floor":1,"turns":5},{"damage":0,"enemies":"Small Slimes","floor":3,"turns":1},{"damage":6,"enemies":"Cultist","floor":4,"turns":3},{"damage":11,"enemies":"Large Slime","floor":5,"turns":3},{"damage":0,"enemies":"2 Fungi Beasts","floor":11,"turns":1},{"damage":16,"enemies":"Blue Slaver","floor":12,"turns":3},{"damage":2,"enemies":"Exordium Wildlife","floor":13,"turns":3},{"damage":4,"enemies":"Looter","floor":14,"turns":2},{"damage":18,"enemies":"Slime Boss","floor":16,"turns":5},{"damage":9,"enemies":"Shell Parasite","floor":18,"turns":5},{"damage":87,"enemies":"3 Byrds","floor":19,"turns":2}],"seed_played":"6855175509845534263","potions_obtained":[{"floor":3,"key":"Regen Potion"},{"floor":5,"key":"DuplicationPotion"},{"floor":11,"key":"BloodPotion"},{"floor":13,"key":"Energy Potion"},{"floor":18,"key":"BlessingOfTheForge"}],"is_trial":false,"path_per_floor":["M","?","M","M","M","R","$","?","T","?","M","M","M","M","R","B",null,"M","M"],"character_chosen":"IRONCLAD","items_purchased":["Offering","Perfected Strike"],"campfire_rested":0,"item_purchase_floors":[7,7],"current_hp_per_floor":[80,73,79,79,74,74,74,74,74,74,80,70,80,80,80,70,80,80,0,0],"gold":218,"neow_bonus":"","is_daily":false,"chose_seed":false,"campfire_upgraded":2,"win_rate":0.0,"timestamp":1613240058,"path_taken":["M","?","M","M","M","R","$","?","T","?","?","M","M","M","R","BOSS","M","M"],"items_purchased_type":["Card","Card"],"build_version":"2020-12-22","purchased_purges":0,"victory":false,"max_hp_per_floor":[80,80,80,80,80,80,80,80,80,80,80,80,80,80,80,80,80,80,80,80],"card_choices":[{"not_picked":["UniverseFragment","Bloodbath"],"picked":"Scorched","floor":1},{"not_picked":["Inflame","Fire Breathing"],"picked":"Shrug It Off","floor":1},{"not_picked":["HeroicMonk","LittleHelper"],"picked":"OSAHOGD","floor":3},{"not_picked":["Body Slam","Carnage"],"picked":"Twin Strike","floor":3},{"not_picked":["BeautyBeast","Murderer"],"picked":"CrumblingArmor","floor":4},{"not_picked":["Perfected Strike","Sword Boomerang","Reckless Charge"],"picked":"SKIP","floor":4},{"not_picked":["BlackSwan","WallGazer"],"picked":"SpiderBud","floor":5},{"not_picked":["Dark Embrace","Rampage"],"picked":"Ghostly Armor","floor":5},{"not_picked":["MHz","Bloodbath"],"picked":"WallGazer","floor":11},{"not_picked":["Perfected Strike","Warcry"],"picked":"Pommel Strike","floor":11},{"not_picked":["MeatLantern","PunishingBird"],"picked":"Funeral","floor":12},{"not_picked":["Warcry","Heavy Blade","Rampage"],"picked":"SKIP","floor":12},{"not_picked":["Porccubus","BeautyBeast"],"picked":"OldLady","floor":13},{"not_picked":["Sword Boomerang","Warcry","Wild Strike"],"picked":"SKIP","floor":13},{"not_picked":["Mercenary","Woodsman"],"picked":"FairyFestival","floor":14},{"not_picked":["Entrench","Spot Weakness","Searing Blow"],"picked":"SKIP","floor":14},{"not_picked":["PunishingBird","CherryBlossoms","BeautyBeast"],"picked":"Singing Bowl","floor":16},{"not_picked":["ShyLook","MeatLantern"],"picked":"HappyTeddy","floor":16},{"not_picked":["Brutality","Demon Form"],"picked":"Reaper","floor":16},{"not_picked":["QueenBee","CherryBlossoms"],"picked":"BlackSwan","floor":18},{"not_picked":["Clash","Twin Strike"],"picked":"Pommel Strike","floor":18}],"player_experience":116037,"relics_obtained":[{"floor":9,"key":"Pantograph"}],"event_choices":[{"damage_healed":0,"gold_gain":0,"player_choice":"Success","damage_taken":7,"relics_obtained":["Vajra"],"max_hp_gain":0,"max_hp_loss":0,"event_name":"Scrap Ooze","floor":2,"gold_loss":0},{"damage_healed":0,"gold_gain":0,"player_choice":"Leave","damage_taken":0,"max_hp_gain":0,"max_hp_loss":0,"event_name":"The Cleric","floor":8,"gold_loss":0},{"cards_removed":["Defend_R"],"damage_healed":0,"gold_gain":0,"player_choice":"Purged","damage_taken":0,"max_hp_gain":0,"max_hp_loss":0,"event_name":"Purifier","floor":10,"gold_loss":0}],"is_beta":false,"boss_relics":[{"not_picked":["Tiny House","Runic Cube"],"picked":"Black Blood"}],"items_purged_floors":[],"is_endless":false,"potions_floor_spawned":[3,5,11,13,18],"killed_by":"3 Byrds","ascension_level":0}}