{"host":"eeeqmyc7a1933jos","time":1613219408,"event":{"mods":["2.2 Compatiblity","Act Like it!","BaseMod","CapriCore","Colored Powertips","Conspire","Downfall","Elementarium","Friendly Minions","Gensokyo","GifTheSpireLib","Gremlin Mod","Hallownest","Hermit","Hubris","Infinite Spire","Jorbs\u0027s Wanderer Trilogy","Marisa????????","Mimic Mod","Minty Spire (QoL Compilation)","Pale of the Ancients","Random Character Button","Random Character Mod","Rare Cards Sparkle","Reimu??????","Relic Sorter","Relic Stats","SIMod","StSLib","The Administrix","The Bug Knight","The Disciple","The Dragon Tamer","The Hierophant","The Immortal","The Marked","The Mystic","The Runesmith","The Senshi","The Servant 0.9.4","The Vixen","TheFirefly","Wandering Minibosses"],"gold_per_floor":[99,111,121,140,151,170,170,186,186,186,19,39,39,53,67,163,163,163,180,180,195,36,54,93,93,104,104,143,156,156,156,176,176,176,176],"floor_reached":33,"language":"ENG","playtime":1849,"items_purged":["Clumsy","bronze:Strike"],"score":245,"play_id":"e2e146d9-4a22-4051-9bd4-bf20a721a732","local_time":"20210213133008","is_ascension_mode":false,"campfire_choices":[{"data":"bronze:Break","floor":1,"key":"SMITH"},{"data":"bronze:ItsAFeature","floor":9,"key":"SMITH"},{"data":"bronze:Goto","floor":18,"key":"SMITH"},{"data":"bronze:MaxOutput","floor":27,"key":"SMITH"},{"floor":30,"key":"REST"}],"circlet_count":0,"master_deck":["bronze:Strike","bronze:Defend","bronze:Defend","bronze:Defend","bronze:Replicate","bronze:Goto+1","bronze:Break+1","bronze:ItsAFeature+1","bronze:Allocate","bronze:BugBarrage","bronze:WildBeam","bronze:CutThrough","bronze:HyperBeam","bronze:ShipIt","bronze:ChosenStrike","bronze:BugBarrage","infinitespire:Fortify","bronze:Branch+1","bronze:BitShift+1","bronze:MaxOutput+1","bronze:BitShift+1","bronze:Branch","bronze:Shield","bronze:BronzeOrb"],"relics":["bronze:BronzeCore","Nunchaku","infinitespire:Cupcake","Bottled Tornado","infinitespire:Eraser","infinitespire:PuzzleCube","HornCleat","hubris:BottledHeart"],"acts_visited":["Exordium","TheCity"],"potions_floor_usage":[16,16],"damage_taken":[{"damage":0,"enemies":"Cultist","floor":2,"turns":2},{"damage":0,"enemies":"Small Slimes","floor":3,"turns":2},{"damage":1,"enemies":"Jaw Worm","floor":4,"turns":3},{"damage":1,"enemies":"3 Louse","floor":5,"turns":3},{"damage":7,"enemies":"2 Fungi Beasts","floor":6,"turns":2},{"damage":10,"enemies":"Exordium Thugs","floor":8,"turns":4},{"damage":5,"enemies":"downfall:FleeingMerchant","floor":11,"turns":4},{"damage":15,"enemies":"Lots of Slimes","floor":12,"turns":5},{"damage":6,"enemies":"Exordium Wildlife","floor":14,"turns":2},{"damage":5,"enemies":"3 Louse","floor":15,"turns":2},{"damage":13,"enemies":"SI_SHIV_ARCHETYPE","floor":16,"turns":5},{"damage":8,"enemies":"conspire:FuzzyDice","floor":19,"turns":3},{"damage":10,"enemies":"3 Byrds","floor":21,"turns":3},{"damage":0,"enemies":"downfall:FleeingMerchant","floor":22,"turns":4},{"damage":13,"enemies":"Snake Plant","floor":23,"turns":4},{"damage":11,"enemies":"conspire:HollyBat","floor":24,"turns":4},{"damage":2,"enemies":"conspire:HollyBat","floor":26,"turns":4},{"damage":0,"enemies":"conspire:MimicChest","floor":28,"turns":4},{"damage":0,"enemies":"Cultist and Chosen","floor":29,"turns":3},{"damage":0,"enemies":"3 Cultists","floor":32,"turns":4},{"damage":2,"enemies":"IC_MUSHROOM_ARCHETYPE","floor":33,"turns":6}],"seed_played":"-4194339886963748527","potions_obtained":[{"floor":3,"key":"ZuzhouPotion:ReiMu"},{"floor":4,"key":"sneckomod:MuddlingPotion"},{"floor":5,"key":"ZuzhouPotion:ReiMu"},{"floor":12,"key":"DistilledChaos"},{"floor":14,"key":"Fire Potion"},{"floor":15,"key":"infinitespire:BlackPotion"},{"floor":16,"key":"SpeedPotion"},{"floor":21,"key":"SneckoOil"}],"is_trial":false,"path_per_floor":["R","M","M","M","M","M","T","M","R","?","$","M","?","M","M","B",null,"R","M","AVR","M","$","M","MIM","T","M","R","?","M","R","?","M","B"],"character_chosen":"THE_AUTOMATON","items_purchased":["bronze:HyperBeam","bronze:MaxOutput"],"campfire_rested":1,"item_purchase_floors":[11,22],"current_hp_per_floor":[70,70,70,69,68,61,61,51,51,51,46,31,31,25,20,7,70,70,62,62,52,52,39,28,28,26,26,26,26,47,1,1,0,0,0],"gold":176,"neow_bonus":"ONE_RANDOM_RARE_CARD","is_daily":false,"chose_seed":false,"campfire_upgraded":4,"win_rate":0.0,"timestamp":1613219408,"path_taken":["R","M","M","?","M","M","T","M","R","?","$","?","?","M","M","BOSS","R","M","AVR","M","$","M","MIM","?","M","R","?","M","R","?","M","BOSS"],"items_purchased_type":["Card","Card"],"build_version":"2020-12-22","purchased_purges":2,"victory":false,"max_hp_per_floor":[70,70,70,70,70,70,70,70,70,70,70,70,70,70,70,70,70,70,70,70,70,70,70,70,70,70,70,70,70,70,1,1,1,1,1],"relic_stats":{"Nunchaku":[15],"counters":[21,73],"obtain_stats":[{"Nunchaku":7,"bronze:BronzeCore":0,"HornCleat":28,"hubris:BottledHeart":31,"Bottled Tornado":20,"infinitespire:Eraser":24,"infinitespire:PuzzleCube":25,"infinitespire:Cupcake":17},{"Nunchaku":5,"bronze:BronzeCore":0,"HornCleat":18,"hubris:BottledHeart":19,"Bottled Tornado":12,"infinitespire:Eraser":16,"infinitespire:PuzzleCube":16,"infinitespire:Cupcake":11},{"Nunchaku":12,"bronze:BronzeCore":0,"HornCleat":60,"hubris:BottledHeart":63,"Bottled Tornado":37,"infinitespire:Eraser":52,"infinitespire:PuzzleCube":52,"infinitespire:Cupcake":34}]},"card_choices":[{"not_picked":["bronze:DarkDash","bronze:DelayedSlice","bronze:DelayedGuard"],"picked":"SKIP","floor":2},{"not_picked":["bronze:Safeguard","bronze:Iterate"],"picked":"bronze:ItsAFeature","floor":3},{"not_picked":["bronze:WhirlingStrike","bronze:Boost"],"picked":"bronze:Allocate","floor":4},{"not_picked":["bronze:DelayedGuard","bronze:ClassDefault","bronze:BitShift"],"picked":"SKIP","floor":5},{"not_picked":["bronze:Iterate","bronze:CutThrough"],"picked":"bronze:BugBarrage","floor":6},{"not_picked":["bronze:Turbo","bronze:ChosenStrike"],"picked":"bronze:WildBeam","floor":8},{"not_picked":["bronze:FollowUp","bronze:CloningBeam"],"picked":"bronze:CutThrough","floor":11},{"not_picked":["bronze:DigitalCarnage","bronze:WhirlingStrike"],"picked":"bronze:ShipIt","floor":12},{"not_picked":["bronze:DelayedSlice","bronze:Shell"],"picked":"bronze:ChosenStrike","floor":14},{"not_picked":["bronze:Optimize","bronze:Philosophize","bronze:CutThrough"],"picked":"SKIP","floor":15},{"not_picked":["bronze:Shield","bronze:DarkDash"],"picked":"bronze:BugBarrage","floor":19},{"not_picked":["bronze:Iterate","bronze:BuggyMess"],"picked":"bronze:Branch+1","floor":21},{"not_picked":["bronze:Optimize","bronze:Flail+1"],"picked":"bronze:BitShift+1","floor":22},{"not_picked":["bronze:Deprecate+1","bronze:OilSpill"],"picked":"bronze:BitShift+1","floor":23},{"not_picked":["bronze:CleanCode","bronze:Branch","bronze:Invalidate"],"picked":"SKIP","floor":26},{"not_picked":["bronze:CleanCode","bronze:Invalidate"],"picked":"bronze:Branch","floor":26},{"not_picked":["bronze:Optimize+1","bronze:BitShift"],"picked":"bronze:Shield","floor":28},{"not_picked":["bronze:Philosophize+1","bronze:Invalidate+1","bronze:WhirlingStrike"],"picked":"SKIP","floor":29},{"not_picked":["bronze:Invalidate","bronze:OilSpill+1"],"picked":"bronze:BronzeOrb","floor":32}],"player_experience":1652780,"relics_obtained":[{"floor":7,"key":"Nunchaku"},{"floor":24,"key":"infinitespire:Eraser"},{"floor":25,"key":"infinitespire:PuzzleCube"},{"floor":28,"key":"HornCleat"}],"event_choices":[],"is_beta":false,"boss_relics":[{"not_picked":["Runic Pyramid","Empty Cage"],"picked":"infinitespire:Cupcake"}],"items_purged_floors":[20,22],"is_endless":false,"potions_floor_spawned":[3,4,5,12,14,15,16,21,23,26],"killed_by":"IC_MUSHROOM_ARCHETYPE","ascension_level":0}}