{"host":"y0i0tbisecj7yjyn","time":1613187869,"event":{"mods":["AchievementEnabler","AlwaysNeverKeys","BaseMod","BetterRewards","Colored Map","Colored Powertips","Curses Come First","Disable Question Mark Monsters","Displayed Cursed Tome","Highlight Path","Keyboard Shortcuts","Minty Spire (QoL Compilation)","Quick Restart","Random Character Button","Rare Cards Sparkle","StSLib","SuperFastMode","Transform Curses","Weighted Paths"],"gold_per_floor":[109,129,129,129,129,129,140,171,171,171,191,366,215,247,247,350,350,368,380,360,370,385,385,415,415,415,415,415],"floor_reached":27,"language":"ENG","playtime":1346,"items_purged":[],"score":290,"play_id":"50e82fa5-e845-4931-9dd1-ca862ad4978d","local_time":"20210212214429","is_ascension_mode":true,"campfire_choices":[{"data":"Neutralize","floor":6.0,"key":"SMITH"},{"data":"Poisoned Stab","floor":10.0,"key":"SMITH"},{"floor":15.0,"key":"REST"},{"floor":23.0,"key":"REST"}],"circlet_count":0,"master_deck":["Strike_G","Strike_G","Strike_G","Strike_G","Strike_G","Defend_G","Defend_G","Defend_G","Defend_G","Survivor+1","Neutralize+1","Poisoned Stab","Poisoned Stab","Bane+1","Poisoned Stab+1","Bane","Bane","Crippling Poison","Distraction","Bane+1","Noxious Fumes","Flying Knee+1","Pain"],"relics":["Ring of the Snake","Kunai","Paper Crane","Lantern","Anchor","Empty Cage","Molten Egg 2","WarpedTongs","Boot"],"acts_visited":["Exordium","TheCity"],"potions_floor_usage":[],"damage_taken":[{"damage":5.0,"enemies":"Cultist","floor":1.0,"turns":4.0},{"damage":2.0,"enemies":"Jaw Worm","floor":2.0,"turns":3.0},{"damage":0.0,"enemies":"Small Slimes","floor":7.0,"turns":3.0},{"damage":4.0,"enemies":"Gremlin Nob","floor":8.0,"turns":3.0},{"damage":15.0,"enemies":"Exordium Wildlife","floor":11.0,"turns":2.0},{"damage":3.0,"enemies":"Lagavulin","floor":14.0,"turns":5.0},{"damage":13.0,"enemies":"Slime Boss","floor":16.0,"turns":10.0},{"damage":10.0,"enemies":"Spheric Guardian","floor":18.0,"turns":4.0},{"damage":2.0,"enemies":"Chosen","floor":19.0,"turns":3.0},{"damage":19.0,"enemies":"Centurion and Healer","floor":21.0,"turns":6.0},{"damage":14.0,"enemies":"Snake Plant","floor":22.0,"turns":4.0},{"damage":36.0,"enemies":"Gremlin Leader","floor":24.0,"turns":6.0},{"damage":26,"enemies":"Book of Stabbing","floor":27,"turns":3}],"seed_played":"-1910700184227298773","potions_obtained":[{"floor":1.0,"key":"AttackPotion"},{"floor":11.0,"key":"FearPotion"},{"floor":18.0,"key":"ColorlessPotion"},{"floor":20.0,"key":"Strength Potion"},{"floor":21.0,"key":"DuplicationPotion"},{"floor":24,"key":"DistilledChaos"}],"is_trial":false,"path_per_floor":["M","M","$","?","?","R","M","E","T","R","M","?","$","E","R","B",null,"M","M","?","M","M","R","E","?","T","E"],"character_chosen":"THE_SILENT","items_purchased":["Lantern"],"campfire_rested":2,"item_purchase_floors":[13],"current_hp_per_floor":[72,70,70,70,70,70,70,66,66,66,51,51,51,48,71,58,77,67,65,65,46,32,55,19,19,19,0,0],"gold":415,"neow_bonus":"TEN_PERCENT_HP_BONUS","is_daily":false,"chose_seed":false,"campfire_upgraded":2,"win_rate":0.0,"timestamp":1613187869,"path_taken":["M","M","$","?","?","R","?","E","T","R","M","?","?","E","R","BOSS","M","M","?","M","?","R","E","?","T","E"],"items_purchased_type":["Relic"],"build_version":"2020-12-22","purchased_purges":0,"victory":false,"max_hp_per_floor":[77,77,77,77,77,77,77,77,77,77,77,77,77,77,77,77,77,77,77,77,77,77,77,77,77,77,77,77],"card_choices":[{"not_picked":["Predator","Prepared"],"picked":"Poisoned Stab","floor":1.0},{"not_picked":["Predator","Prepared"],"picked":"Poisoned Stab","floor":1.0},{"not_picked":["Acrobatics","Dagger Spray"],"picked":"Bane","floor":2.0},{"not_picked":["Prepared","Bane"],"picked":"Poisoned Stab","floor":7.0},{"not_picked":["Prepared","Sucker Punch"],"picked":"Bane","floor":8.0},{"not_picked":["Poisoned Stab","Cloak And Dagger"],"picked":"Bane","floor":11.0},{"not_picked":["Underhanded Strike","Night Terror"],"picked":"Crippling Poison","floor":14.0},{"not_picked":["Crippling Poison","Finisher+1","Prepared"],"picked":"SKIP","floor":18.0},{"not_picked":["Masterful Stab","Dagger Throw"],"picked":"Distraction","floor":19.0},{"not_picked":["Distraction","Concentrate"],"picked":"Bane+1","floor":21.0},{"not_picked":["Tactician+1","Sucker Punch"],"picked":"Noxious Fumes","floor":22.0},{"not_picked":["Concentrate+1","Malaise"],"picked":"Flying Knee+1","floor":24}],"player_experience":439787,"relics_obtained":[{"floor":8.0,"key":"Kunai"},{"floor":9.0,"key":"Paper Crane"},{"floor":14.0,"key":"Anchor"},{"floor":24,"key":"Molten Egg 2"},{"floor":26,"key":"Boot"}],"event_choices":[{"damage_healed":0.0,"max_hp_gain":0.0,"max_hp_loss":0.0,"gold_gain":0.0,"event_name":"Living Wall","player_choice":"Grow","floor":4.0,"gold_loss":0.0,"damage_taken":0.0,"cards_upgraded":["Bane"]},{"damage_healed":0.0,"max_hp_gain":0.0,"max_hp_loss":0.0,"gold_gain":0.0,"event_name":"Upgrade Shrine","player_choice":"Upgraded","floor":5.0,"gold_loss":0.0,"damage_taken":0.0,"cards_upgraded":["Survivor"]},{"damage_healed":0.0,"max_hp_gain":0.0,"max_hp_loss":0.0,"gold_gain":175.0,"event_name":"Liars Game","player_choice":"AGREE","floor":12.0,"gold_loss":0.0,"damage_taken":0.0,"cards_obtained":["Doubt"]},{"damage_healed":0.0,"max_hp_gain":0.0,"max_hp_loss":0.0,"gold_gain":0.0,"event_name":"The Woman in Blue","player_choice":"Bought 1 Potion","floor":20.0,"gold_loss":0.0,"damage_taken":0.0},{"damage_healed":0,"gold_gain":0,"player_choice":"Rummage","damage_taken":0,"relics_obtained":["WarpedTongs"],"max_hp_gain":0,"max_hp_loss":0,"event_name":"Accursed Blacksmith","floor":25,"gold_loss":0,"cards_obtained":["Pain"]}],"is_beta":false,"boss_relics":[{"not_picked":["Pandora\u0027s Box","Sozu"],"picked":"Empty Cage"}],"items_purged_floors":[],"is_endless":false,"potions_floor_spawned":[1,11,18,21,24],"killed_by":"Book of Stabbing","ascension_level":2}}