{"host":"31srvgftwd43oumg","time":1613203657,"event":{"mods":["BaseMod","BetterRewards","Card Forge","Downfall","Hubris","Infinite Spire","Koishi","Luminous","Marisa????????","Minty Spire (QoL Compilation)","Remilia??????","Replay The Spire","Shop Mod","StSLib","The Bug Knight","The Cursed","The Death Knight","The Exalted","The Hierophant","The Mystic","The Necromancer"],"gold_per_floor":[116,116,134,41,61,61,76,104,127,158,173,183,198,55,150,252,252,272,272,286,296,311,311,346,346,346,378,392,410,410,421,421,516,516,528,528,543,23,36,64,64,83,83,110,129,129,141,157,157,157],"floor_reached":51,"language":"ENG","playtime":1435,"items_purged":[],"score":942,"play_id":"3c16434e-30a9-4c0e-ac1b-57c549340c98","local_time":"20210213020737","daily_mods":["SealedDeck","Heirloom"],"is_ascension_mode":false,"campfire_choices":[{"data":"Gash","floor":6,"key":"SMITH"},{"data":"FTL","floor":23,"key":"SMITH"},{"data":"Gash","floor":25,"key":"SMITH"},{"floor":30,"key":"REST"},{"floor":32,"key":"REST"},{"floor":46,"key":"REST"},{"floor":49,"key":"REST"}],"circlet_count":0,"master_deck":["Coolheaded+1","Coolheaded+1","Beam Cell+1","Beam Cell+1","Beam Cell+1","Sunder+1","BootSequence+1","Gash+1","Gash+1","Capacitor+1","Scrape+1","Steam Power+1","Go for the Eyes+1","FTL+1","Gash+1","Scrape+1"],"relics":["Cracked Core","Hammer of Thor","Seething Fire","Anvil of the Gods","hubris:64BitClover","Happy Flower","hubris:BottledRain","hubris:BallOfYels","Guardian:PocketSentry","Art of War","Guide Book","hubris:CrackedHourglass","Gremlin Food","Pondfish Scales","Iron Hammer","Cursed Key","TungstenRod","Nunchaku","Blood Vial","hubris:Towel","White Beast Statue","Onion Ring","infinitespire:WardingShard"],"acts_visited":["Exordium","TheCity","TheBeyond"],"potions_floor_usage":[42,50,50],"damage_taken":[{"damage":0,"enemies":"Cultist","floor":1,"turns":2},{"damage":0,"enemies":"Small Slimes","floor":3,"turns":3},{"damage":0,"enemies":"2 Louse","floor":5,"turns":3},{"damage":0,"enemies":"Large Slime","floor":7,"turns":2},{"damage":10,"enemies":"Lagavulin","floor":8,"turns":5},{"damage":7,"enemies":"Gremlin Nob","floor":10,"turns":3},{"damage":0,"enemies":"2 Fungi Beasts","floor":11,"turns":2},{"damage":0,"enemies":"Exordium Thugs","floor":12,"turns":1},{"damage":0,"enemies":"Red Slaver","floor":13,"turns":1},{"damage":6,"enemies":"The Guardian","floor":16,"turns":4},{"damage":0,"enemies":"Spheric Guardian","floor":18,"turns":2},{"damage":0,"enemies":"3 Byrds","floor":20,"turns":2},{"damage":0,"enemies":"Cultist and Chosen","floor":21,"turns":2},{"damage":0,"enemies":"Shelled Parasite and Fungi","floor":22,"turns":2},{"damage":0,"enemies":"Gremlin Leader","floor":24,"turns":2},{"damage":0,"enemies":"Replay:Snechameleon","floor":27,"turns":3},{"damage":0,"enemies":"Snecko","floor":28,"turns":2},{"damage":4,"enemies":"Centurion and Healer","floor":29,"turns":2},{"damage":0,"enemies":"Sentry and Sphere","floor":31,"turns":2},{"damage":0,"enemies":"Collector","floor":33,"turns":3},{"damage":0,"enemies":"Orb Walker","floor":35,"turns":2},{"damage":4,"enemies":"3 Darklings","floor":37,"turns":3},{"damage":11,"enemies":"Maw","floor":39,"turns":3},{"damage":16,"enemies":"R_Hoarder","floor":40,"turns":4},{"damage":0,"enemies":"3 Darklings","floor":42,"turns":2},{"damage":31,"enemies":"Nemesis","floor":44,"turns":4},{"damage":0,"enemies":"Maw","floor":45,"turns":3},{"damage":0,"enemies":"Transient","floor":47,"turns":5},{"damage":0,"enemies":"Jaw Worm Horde","floor":48,"turns":2},{"damage":52,"enemies":"Time Eater","floor":50,"turns":6}],"seed_played":"2754636489986418584","potions_obtained":[{"floor":5,"key":"Reflective Coating"},{"floor":7,"key":"ColorlessPotion"},{"floor":10,"key":"Toxic Potion"},{"floor":42,"key":"Fruit Juice"},{"floor":45,"key":"SpeedPotion"}],"is_trial":true,"path_per_floor":["M","?","M","?","M","R","M","E","T","E","M","M","M","$","R","B",null,"M","?","M","M","M","R","E","R","T","E","M","M","R","M","R","B",null,"M","?","M","$","M","E","?","M","T","E","M","R","M","M","R","B",null],"character_chosen":"DEFECT","items_purchased":["Guide Book","TungstenRod","Nunchaku","Scrape"],"campfire_rested":4,"item_purchase_floors":[14,38,38,38],"current_hp_per_floor":[75,75,75,75,75,75,75,65,65,58,58,58,58,58,58,52,75,75,75,75,75,75,75,75,75,75,75,75,71,75,75,75,75,75,75,75,71,71,60,44,44,51,51,22,24,48,50,52,76,26],"gold":157,"neow_bonus":"","is_daily":false,"chose_seed":false,"campfire_upgraded":3,"win_rate":0.0,"timestamp":1613203657,"path_taken":["M","?","M","?","M","R","M","E","T","E","M","M","M","$","R","BOSS","M","?","M","M","M","R","E","R","T","E","M","M","R","M","R","BOSS","M","?","M","$","M","E","?","?","T","E","M","R","M","M","R","BOSS"],"items_purchased_type":["Relic","Relic","Relic","Card"],"build_version":"2020-12-22","purchased_purges":0,"victory":true,"max_hp_per_floor":[75,75,75,75,75,75,75,75,75,75,75,75,75,75,75,75,75,75,75,75,75,75,75,75,75,75,75,75,75,75,75,75,75,75,75,75,75,75,75,75,75,80,80,80,80,80,80,80,80,80],"card_choices":[{"not_picked":["ReplayTheSpireMod:System Scan","ReplayTheSpireMod:Repulse"],"picked":"Gash","floor":1},{"not_picked":["Go for the Eyes","Rebound","Heatsinks"],"picked":"SKIP","floor":3},{"not_picked":["Rebound","Fusion","Time Bomb"],"picked":"SKIP","floor":5},{"not_picked":["Time Bomb","Streamline"],"picked":"Gash","floor":7},{"not_picked":["Barrage","Lockon"],"picked":"Capacitor","floor":8},{"not_picked":["ReplaySolidLightProjector","Chill"],"picked":"Scrape","floor":10},{"not_picked":["Consume","Reinforced Body"],"picked":"Steam Power","floor":11},{"not_picked":["Coolheaded","Streamline","Redo"],"picked":"SKIP","floor":12},{"not_picked":["ReplayTheSpireMod:GoodbyeWorld","Undo","Rebound"],"picked":"SKIP","floor":13},{"not_picked":["Coolheaded","Double Energy+1"],"picked":"Go for the Eyes+1","floor":18},{"not_picked":["Hologram","Sweeping Beam+1","Redo"],"picked":"SKIP","floor":20},{"not_picked":["Heatsinks","Melter+1","Turbo"],"picked":"SKIP","floor":21},{"not_picked":["Undo","Darkness+1","ReplayTheSpireMod:Repulse"],"picked":"SKIP","floor":22},{"not_picked":["Sweeping Beam","BasicCrystalCard"],"picked":"Gash","floor":24},{"not_picked":["Redo","Consume","hubris:Prefetch"],"picked":"SKIP","floor":27},{"not_picked":["Fusion","Stack","Streamline"],"picked":"SKIP","floor":28},{"not_picked":["Hello World","Redo","Tempest"],"picked":"SKIP","floor":29},{"not_picked":["Rip and Tear","Conserve Battery+1","Capacitor"],"picked":"SKIP","floor":31},{"not_picked":["Sweeping Beam","Hologram+1","FIFO Queue"],"picked":"SKIP","floor":35},{"not_picked":["Double Energy+1","Steam","Streamline+1"],"picked":"SKIP","floor":37},{"not_picked":["Hologram+1","Capacitor","Steam Power+1"],"picked":"SKIP","floor":39},{"not_picked":["Reinforced Body","Hologram","Mirror Shield"],"picked":"SKIP","floor":40},{"not_picked":["Ball Lightning+1","Conserve Battery","Glacier"],"picked":"SKIP","floor":42},{"not_picked":["Double Energy+1","Darkness+1","Barrage"],"picked":"SKIP","floor":44},{"not_picked":["Hologram+1","Melter+1","Turbo"],"picked":"SKIP","floor":45},{"not_picked":["Genetic Algorithm","Streamline+1","Doom and Gloom+1"],"picked":"SKIP","floor":47},{"not_picked":["Turbo+1","Compile Driver","BasicCrystalCard"],"picked":"SKIP","floor":48}],"player_experience":1024798,"relics_obtained":[{"floor":8,"key":"hubris:BottledRain"},{"floor":9,"key":"hubris:BallOfYels"},{"floor":10,"key":"Guardian:PocketSentry"},{"floor":13,"key":"Art of War"},{"floor":24,"key":"Gremlin Food"},{"floor":26,"key":"Pondfish Scales"},{"floor":27,"key":"Iron Hammer"},{"floor":40,"key":"Blood Vial"},{"floor":43,"key":"White Beast Statue"},{"floor":44,"key":"Onion Ring"},{"floor":45,"key":"infinitespire:WardingShard"}],"event_choices":[{"damage_healed":0,"gold_gain":0,"player_choice":"Paid Gold","damage_taken":0,"relics_obtained":["Happy Flower"],"max_hp_gain":0,"max_hp_loss":0,"event_name":"WeMeetAgain","floor":4,"gold_loss":93},{"damage_healed":0,"gold_gain":0,"player_choice":"Read","damage_taken":0,"max_hp_gain":0,"max_hp_loss":0,"event_name":"The Library","floor":19,"gold_loss":0,"cards_obtained":["FTL"]}],"is_beta":false,"boss_relics":[{"not_picked":["Astrolabe","Replay:Drink Me"],"picked":"hubris:CrackedHourglass"},{"not_picked":["hubris:BlackHole","hubris:VirtuousBlindfold"],"picked":"Cursed Key"}],"items_purged_floors":[],"is_endless":false,"potions_floor_spawned":[5,7,10,11,13,18,21,22,24,28,35,40,42,44,45,47,48],"ascension_level":0}}