{"host":"rdkn868dy8jmb7gs","time":1613200359,"event":{"mods":["Act Like it!","Arknights","BaseMod","BetterRewards","Colored Map","Colored Powertips","Custom Start","Gensokyo","Hubris","Marisa£®ÏF”Í°°ƒß¿Ì…≥£©","Minty Spire (QoL Compilation)","Reimu£®≤©¿ˆ¡È√Œ£©","Remilia£®¿Ÿ√◊¿Ú—«£©","Replay The Spire","Spicy Shops","StSLib","The Servant 0.9.4","Youmu£®ªÍ∆«—˝√Œ£©","°æ“≈ŒÔø®≈∆°øREMEMod","ÛÙª÷∏ƒœ"],"gold_per_floor":[34,34,34,34,34,68,80,109,109,122,136,153,153,183,183,287,287,303,317,317,567,567,567,592,592,592,618,638,15,43,61,61,157,157,173,184,184,234,234,260,260,286,286,320,332,355,367,393,55,67],"floor_reached":51,"language":"ZHS","playtime":2583,"items_purged":["ats:Strike C","ats:Defend","Writhe","ats:Dogmatic Field"],"score":1297,"play_id":"69af7bc6-b8a4-42df-a965-68472af56730","local_time":"20210213151239","is_ascension_mode":true,"campfire_choices":[{"data":"REME_Shoggoth","floor":15.0,"key":"SMITH"},{"data":"ats:Literary Storm","floor":23.0,"key":"SMITH"},{"data":"ats:Shadow Assault","floor":25.0,"key":"SMITH"},{"data":"hubris:EnhanceAbility","floor":32.0,"key":"SMITH"},{"data":"ats:Disruption Kick","floor":41,"key":"SMITH"},{"data":"ats:Red Shift","floor":47,"key":"SMITH"}],"circlet_count":0,"master_deck":["ScarletCoffin+1","ats:Defend","ats:Defend","ats:Defend","REME_Shoggoth+1","ats:Chain Hook+1","ats:Shell Defense","ats:Thermite Blade","ats:Literary Storm+1","ats:Sashimi Platter","ats:Closed Bolt Burst Fire","ats:Song Of Battle+1","ats:Healing Drone","ats:Apocalypse","ats:Curse Doll","ats:Demon Strength","ats:Shadow Assault+1","ats:Shadow Raid","hubris:EnhanceAbility+1","ats:Nebulous Foxfire","ats:Disruption Kick+1","ats:Healing Strengthening+1","ats:Automatic Cover","hubris:DuctTapeCard","ats:Wolf Pack","Purity+1","ats:Red Shift+1","ats:Shadow Raid","ats:Serious Mode","ats:Serious Mode","ats:Sword Rain","REME_FirmDetermination+1"],"relics":["ats:Sanity","REME_ComplimentaryCards","Membership Card","Shuriken","Sling","PreservedInsect","Juzu Bracelet","hubris:DuctTape","ats:Emergency Defibrillator","Gremlin Food","Onion Ring","ats:Originium","InkBottle","hubris:CrystalStatue","RuthlessExorcism:ReiMu","Dream Catcher","MealTicket","Pear","StrikeDummy","ReplayTheSpireMod:Ninjato","REME_ChargedStone","Mastiff:ReiMu","Tea:ReiMu","hubris:MedicalManual","ats:Remnant Ash","Akabeko","HandDrill","Replay:Ringing Soul","REME_LowDesire","Nunchaku","Vajra","ats:Berate","Gensokyo:EmptyGrave","Quantum Egg","hubris:SlimyHat","Blue Doll","MawBank","Strawberry","ats:Cure","Boot"],"acts_visited":["Exordium","Gensokyo:Gensokyo","Gensokyo:Gensokyoer"],"potions_floor_usage":[42,50,50],"damage_taken":[{"damage":8.0,"enemies":"Gensokyo:Gryphon","floor":1.0,"turns":2.0},{"damage":40.0,"enemies":"Gensokyo:Cirno","floor":6.0,"turns":8.0},{"damage":0.0,"enemies":"Gensokyo:3_Fairies","floor":7.0,"turns":6.0},{"damage":0.0,"enemies":"Gensokyo:Aya","floor":8.0,"turns":2.0},{"damage":0.0,"enemies":"Gensokyo:Python","floor":10.0,"turns":1.0},{"damage":0.0,"enemies":"Gensokyo:VengefulSpirit","floor":11.0,"turns":3.0},{"damage":0.0,"enemies":"Gensokyo:3_Kodama","floor":12.0,"turns":2.0},{"damage":3.0,"enemies":"Gensokyo:Cirno","floor":14.0,"turns":6.0},{"damage":5.0,"enemies":"Gensokyo:Kokoro","floor":16.0,"turns":6.0},{"damage":0.0,"enemies":"Gensokyo:3_Dogs","floor":18.0,"turns":5.0},{"damage":0.0,"enemies":"Gensokyo:CosmicMonolith","floor":19.0,"turns":3.0},{"damage":8.0,"enemies":"Gensokyo:Koishi","floor":24.0,"turns":3.0},{"damage":0.0,"enemies":"Gensokyo:Tenshi","floor":27.0,"turns":1.0},{"damage":18.0,"enemies":"Gensokyo:Swordslinger","floor":28.0,"turns":3.0},{"damage":0.0,"enemies":"Gensokyo:Koishi","floor":30.0,"turns":6.0},{"damage":22.0,"enemies":"Gensokyo:3_Gloops","floor":31.0,"turns":5.0},{"damage":91.0,"enemies":"Gensokyo:Kaguya","floor":33.0,"turns":12.0},{"damage":0.0,"enemies":"Gensokyo:3_Bats","floor":35.0,"turns":1.0},{"damage":28.0,"enemies":"Gensokyo:AncientGuardian","floor":36.0,"turns":7.0},{"damage":12,"enemies":"Gensokyo:Kasen","floor":40,"turns":4},{"damage":6,"enemies":"Gensokyo:Doremy","floor":42,"turns":5},{"damage":41,"enemies":"Gensokyo:Marisa","floor":44,"turns":7},{"damage":9,"enemies":"Gensokyo:AtlasGolem","floor":46,"turns":6},{"damage":31,"enemies":"Gensokyo:Sharpion","floor":48,"turns":3},{"damage":30,"enemies":"Gensokyo:Shinki","floor":50,"turns":6}],"seed_played":"-9213054774449403665","potions_obtained":[{"floor":1.0,"key":"ColorlessPotion"},{"floor":7.0,"key":"AttackPotion"},{"floor":8.0,"key":"EssenceOfSteel"},{"floor":11.0,"key":"Block Potion"},{"floor":12.0,"key":"DuplicationPotion"},{"floor":18.0,"key":"DistilledChaos"},{"floor":19.0,"key":"Death Potion"},{"floor":28.0,"key":"REME_GoldPotion"},{"floor":35.0,"key":"Doom Potion"},{"floor":35.0,"key":"ats:Emergency Sanity Potion"},{"floor":36.0,"key":"Elixir"},{"floor":40,"key":"DistilledChaos"},{"floor":44,"key":"ats:Emergency Sanity Potion"},{"floor":46,"key":"BlessingOfTheForge"}],"is_trial":false,"path_per_floor":["M","?","?","T","?","E","M","E","T","M","M","M","?","E","R","B",null,"M","M","?","?","?","R","E","R","T","E","M","$","E","M","R","B",null,"M","M","?","T","?","E","R","E","T","E","?","M","R","M","R","B",null],"character_chosen":"DOCTOR_CLASS","items_purchased":["Membership Card","ats:Chain Hook","ats:Shell Defense","Shuriken","Sling","Master of Strategy","PreservedInsect","Juzu Bracelet","hubris:DuctTape","ats:Emergency Defibrillator","ats:Thermite Blade","ats:Remnant Ash","Akabeko","HandDrill","hubris:EnhanceAbility","ats:Nebulous Foxfire","ats:Automatic Cover","REME_GoldPotion","Strawberry","ats:Serious Mode","ats:Cure","Boot","ats:Sword Rain","REME_FirmDetermination+1"],"campfire_rested":0,"item_purchase_floors":[0,0,0,0,0,0,0,0,0,0,0,29,29,29,29,29,29,29,49,49,49,49,49,49],"current_hp_per_floor":[25,18,25,25,25,59,73,79,79,79,79,79,74,89,89,84,89,89,89,89,84,84,84,79,79,79,79,61,76,84,72,72,62,87,90,83,86,86,86,92,92,95,95,87,87,101,101,104,114,93],"gold":79,"neow_bonus":"","is_daily":false,"chose_seed":false,"campfire_upgraded":6,"win_rate":0.0,"timestamp":1613200359,"path_taken":["M","?","?","?","?","E","M","E","T","M","M","M","?","E","R","BOSS","M","M","?","?","?","R","E","R","T","E","M","$","E","M","R","BOSS","M","M","?","?","?","E","R","E","T","E","?","M","R","M","R","BOSS"],"items_purchased_type":["Relic","Card","Card","Relic","Relic","Card","Relic","Relic","Relic","Relic","Card","Relic","Relic","Relic","Card","Card","Card","Potion","Relic","Card","Relic","Relic","Card","Card"],"build_version":"2020-12-22","purchased_purges":4,"victory":true,"max_hp_per_floor":[72,72,79,79,79,79,79,79,79,79,79,79,89,89,89,89,89,89,89,89,84,84,84,84,84,84,84,84,84,84,84,84,87,87,90,93,96,96,89,92,92,95,95,98,98,101,101,104,114,114],"card_choices":[{"not_picked":["ats:Chain Hook","ats:Leaping Hammer"],"picked":"ats:Literary Storm","floor":1.0},{"not_picked":["ats:Mental Burst","ats:Hammer On"],"picked":"ats:Sashimi Platter","floor":6.0},{"not_picked":["ats:Guard Mode","ats:Shell Defense"],"picked":"ats:Closed Bolt Burst Fire","floor":7.0},{"not_picked":["ats:Mental Burst","ats:Chain Hook"],"picked":"ats:Song Of Battle","floor":8.0},{"not_picked":["ats:Directed Diagnosis","ats:Thermite Blade"],"picked":"ats:Healing Drone","floor":10.0},{"not_picked":["ats:Cat Scratch","ats:Flexible Camouflage"],"picked":"ats:Apocalypse","floor":11.0},{"not_picked":["ats:Soul Rend","ats:Explosion Area Strengthen"],"picked":"ats:Curse Doll","floor":12.0},{"not_picked":["ats:Closed Bolt Burst Fire","ats:Absolute Focus"],"picked":"ats:Demon Strength","floor":14.0},{"not_picked":["ats:Ambush","ats:Dogmatic Field"],"picked":"ats:Shadow Assault","floor":16.0},{"not_picked":["ats:Curse Doll","ats:Beaten Up","ats:Assault Order"],"picked":"SKIP","floor":18.0},{"not_picked":["ats:Apocalypse","ats:Very Hot Blade+1","ats:Hook Shot"],"picked":"SKIP","floor":19.0},{"not_picked":["ats:Poison Spread","ats:Sunburst","ats:Charging Defense"],"picked":"SKIP","floor":24.0},{"not_picked":["ats:Guard Mode","ats:Explosion Area Strengthen","ats:Revitalization+1"],"picked":"SKIP","floor":27.0},{"not_picked":["ats:Thorns","ats:Sunburst"],"picked":"ats:Shadow Raid","floor":28.0},{"not_picked":["ats:Cat Scratch","ats:Closed Bolt Burst Fire","ats:Automatic Cover"],"picked":"SKIP","floor":30.0},{"not_picked":["ats:Revitalization","ats:Shell Defense","ats:Consecutive Shot Auto"],"picked":"SKIP","floor":31.0},{"not_picked":["ats:Ambush","ats:Fractured Body"],"picked":"ats:Disruption Kick","floor":33.0},{"not_picked":["ats:Absolute Focus","ats:Curse Doll+1","Metamorphosis"],"picked":"ats:Healing Strengthening+1","floor":35.0},{"not_picked":["ats:Ignite+1","ats:Apocalypse","ReplayTheSpireMod:Uncanny Aura"],"picked":"ats:Automatic Cover","floor":36.0},{"not_picked":["ats:Leaping Hammer","ats:Thorns+1","ReplayTheSpireMod:Uncanny Aura"],"picked":"ats:Charging Defense+1","floor":40},{"not_picked":["ats:Closed Bolt Burst Fire","ats:Neurotoxin+1","Transmutation"],"picked":"ats:Wolf Pack","floor":42},{"not_picked":["ats:Neurotoxin+1","ats:Mental Burst","ats:Cat Scratch+1"],"picked":"Purity+1","floor":44},{"not_picked":["ats:Rapid Magazine+1","ats:Curse Doll","Dramatic Entrance+1"],"picked":"ats:Red Shift","floor":46},{"not_picked":["ats:Leaping Hammer","ats:Red Shift","hubris:Insight+1"],"picked":"ats:Shadow Raid","floor":48}],"player_experience":450904,"relics_obtained":[{"floor":1.0,"key":"Gremlin Food"},{"floor":4.0,"key":"Onion Ring"},{"floor":6.0,"key":"ats:Originium"},{"floor":6.0,"key":"InkBottle"},{"floor":8.0,"key":"ats:Originium"},{"floor":8.0,"key":"hubris:CrystalStatue"},{"floor":9.0,"key":"RuthlessExorcism:ReiMu"},{"floor":10.0,"key":"Dream Catcher"},{"floor":11.0,"key":"MealTicket"},{"floor":14.0,"key":"ats:Originium"},{"floor":14.0,"key":"StrikeDummy"},{"floor":16.0,"key":"ReplayTheSpireMod:Ninjato"},{"floor":24.0,"key":"ats:Originium"},{"floor":24.0,"key":"Mastiff:ReiMu"},{"floor":26.0,"key":"Tea:ReiMu"},{"floor":27.0,"key":"hubris:MedicalManual"},{"floor":30.0,"key":"Replay:Ringing Soul"},{"floor":34.0,"key":"Nunchaku"},{"floor":34.0,"key":"Vajra"},{"floor":38,"key":"ats:Berate"},{"floor":40,"key":"Quantum Egg"},{"floor":42,"key":"hubris:SlimyHat"},{"floor":43,"key":"Blue Doll"},{"floor":44,"key":"MawBank"}],"event_choices":[],"is_beta":false,"boss_relics":[{"not_picked":["hubris:BlackHole","Coffee Dripper"],"picked":"REME_ChargedStone"},{"not_picked":["REME_DuelDisc","hubris:HollowSoul"],"picked":"REME_LowDesire"}],"items_purged_floors":[0,0,29,49],"is_endless":false,"potions_floor_spawned":[1,7,8,11,12,18,19,28,35,40,44,46,48],"ascension_level":2}}