{"host":"nsc6ozq3atyrdr3m","time":1613216226,"event":{"mods":["BaseMod","Colored Map","Minty Spire (QoL Compilation)"],"gold_per_floor":[109,184,184,197,197,231,251,294,320,379,379,379,394,408,408,501,501,514,514,397,447,46,46,60,60,60,60,81,81,27,365,365,458,458,472,492,512,274,274,274,299,362,362,362,382,382,115,139,139,139,139,139],"floor_reached":51,"language":"FRA","playtime":1202,"items_purged":["Strike_R","Strike_R+1"],"score":1346,"play_id":"c988f8f2-a0b1-4035-af3c-079c0d3ea79c","local_time":"20210213123706","is_ascension_mode":true,"campfire_choices":[{"data":"Clothesline","floor":11,"key":"SMITH"},{"data":"Immolate","floor":15,"key":"SMITH"},{"data":"Shrug It Off","floor":23,"key":"SMITH"},{"data":"Shockwave","floor":25,"key":"SMITH"},{"data":"Pommel Strike","floor":27,"key":"SMITH"},{"data":"Sword Boomerang","floor":32,"key":"SMITH"},{"data":"Fiend Fire","floor":40,"key":"SMITH"},{"floor":46,"key":"REST"},{"floor":49,"key":"REST"}],"circlet_count":0,"master_deck":["AscendersBane","Strike_R+1","Strike_R+1","Strike_R+1","Defend_R+1","Defend_R+1","Defend_R+1","Defend_R+1","Bash+1","Pommel Strike+1","Twin Strike","Clothesline+1","Shockwave+1","Shrug It Off+1","Immolate+1","Spot Weakness","Impervious","True Grit+1","J.A.X.","Feel No Pain","Spot Weakness","Cleave+1","Headbutt","Sword Boomerang+1","Flame Barrier","Fiend Fire+1","Spot Weakness","Impervious"],"relics":["Burning Blood","NeowsBlessing","Golden Idol","Dream Catcher","Potion Belt","Bag of Marbles","Busted Crown","Red Skull","Akabeko","Self Forming Clay","Old Coin","Runic Pyramid","Mango","Frozen Egg 2","Meat on the Bone"],"acts_visited":["Exordium","TheCity","TheBeyond"],"potions_floor_usage":[16,16,33,33,33,42,50,50,50,50],"damage_taken":[{"damage":0,"enemies":"Small Slimes","floor":1,"turns":1},{"damage":0,"enemies":"2 Louse","floor":4,"turns":1},{"damage":0,"enemies":"3 Sentries","floor":6,"turns":2},{"damage":6,"enemies":"Cultist","floor":7,"turns":3},{"damage":24,"enemies":"Gremlin Nob","floor":8,"turns":4},{"damage":13,"enemies":"Large Slime","floor":13,"turns":5},{"damage":3,"enemies":"Looter","floor":14,"turns":3},{"damage":51,"enemies":"Hexaghost","floor":16,"turns":10},{"damage":3,"enemies":"Spheric Guardian","floor":18,"turns":4},{"damage":1,"enemies":"Chosen","floor":24,"turns":4},{"damage":0,"enemies":"3 Cultists","floor":28,"turns":2},{"damage":10,"enemies":"Book of Stabbing","floor":31,"turns":5},{"damage":26,"enemies":"Champ","floor":33,"turns":9},{"damage":26,"enemies":"3 Darklings","floor":35,"turns":4},{"damage":0,"enemies":"Orb Walker","floor":36,"turns":2},{"damage":11,"enemies":"Maw","floor":37,"turns":6},{"damage":3,"enemies":"Spire Growth","floor":41,"turns":3},{"damage":10,"enemies":"2 Orb Walkers","floor":42,"turns":4},{"damage":15,"enemies":"3 Darklings","floor":45,"turns":6},{"damage":26,"enemies":"Transient","floor":48,"turns":6},{"damage":83,"enemies":"Donu and Deca","floor":50,"turns":10},{"damage":27,"enemies":"Time Eater","floor":51,"turns":1}],"seed_played":"1196725601508571211","potions_obtained":[{"floor":1,"key":"SkillPotion"},{"floor":7,"key":"ColorlessPotion"},{"floor":8,"key":"BloodPotion"},{"floor":14,"key":"EssenceOfSteel"},{"floor":28,"key":"Fire Potion"},{"floor":33,"key":"DuplicationPotion"},{"floor":42,"key":"Dexterity Potion"},{"floor":45,"key":"BloodPotion"}],"is_trial":false,"path_per_floor":["M","?","?","M","?","E","M","E","T","?","R","?","M","M","R","B",null,"M","?","$","?","$","R","M","R","T","R","M","?","$","E","R","B",null,"M","M","M","$","?","R","M","?","T","?","M","R","$","M","R","B","B"],"character_chosen":"IRONCLAD","items_purchased":["Feel No Pain","Spot Weakness","Red Skull","Akabeko","Sword Boomerang","LiquidBronze","SkillPotion","Meat on the Bone"],"campfire_rested":2,"item_purchase_floors":[20,22,22,22,30,38,38,47],"current_hp_per_floor":[74,63,63,69,68,68,68,50,50,50,50,50,43,46,46,14,55,58,58,58,58,58,58,63,63,63,63,68,68,68,64,64,44,62,42,48,43,43,43,43,46,56,56,56,47,70,70,50,73,23,0,0],"gold":139,"neow_bonus":"THREE_ENEMY_KILL","is_daily":false,"chose_seed":false,"campfire_upgraded":7,"win_rate":0.0,"timestamp":1613216226,"path_taken":["M","?","?","?","?","E","M","E","T","?","R","?","M","M","R","BOSS","M","?","$","?","$","R","M","R","T","R","?","?","?","E","R","BOSS","M","M","M","$","?","R","?","?","T","?","M","R","$","M","R","BOSS","BOSS"],"items_purchased_type":["Card","Card","Relic","Relic","Card","Potion","Potion","Relic"],"build_version":"2020-12-22","purchased_purges":2,"victory":false,"max_hp_per_floor":[75,75,75,75,68,68,68,68,68,68,68,68,68,68,68,68,68,68,68,68,68,68,68,68,68,68,68,68,68,68,68,68,68,68,68,68,68,68,68,68,68,82,82,78,78,78,78,78,78,78,78,78],"card_choices":[{"not_picked":["Rage","True Grit"],"picked":"Pommel Strike","floor":1},{"not_picked":["Thunderclap","Clash"],"picked":"Twin Strike","floor":4},{"not_picked":["Clash","Wild Strike"],"picked":"Clothesline","floor":6},{"not_picked":["Twin Strike","Body Slam"],"picked":"Shockwave","floor":7},{"not_picked":["Armaments","Seeing Red"],"picked":"Shrug It Off","floor":8},{"not_picked":["Reckless Charge","True Grit"],"picked":"Immolate","floor":13},{"not_picked":["Wild Strike","Perfected Strike"],"picked":"Spot Weakness","floor":14},{"not_picked":["Brutality","Reaper"],"picked":"Impervious","floor":16},{"not_picked":[],"picked":"True Grit+1","floor":18},{"not_picked":[],"picked":"Cleave+1","floor":24},{"not_picked":[],"picked":"Headbutt","floor":28},{"not_picked":[],"picked":"Flame Barrier","floor":31},{"not_picked":[],"picked":"Fiend Fire","floor":33},{"not_picked":["Clash"],"picked":"SKIP","floor":35},{"not_picked":["Warcry"],"picked":"SKIP","floor":36},{"not_picked":[],"picked":"Spot Weakness","floor":37},{"not_picked":["Anger"],"picked":"SKIP","floor":41},{"not_picked":["Carnage"],"picked":"SKIP","floor":45},{"not_picked":["Anger"],"picked":"SKIP","floor":48}],"player_experience":404588,"relics_obtained":[{"floor":6,"key":"Dream Catcher"},{"floor":8,"key":"Potion Belt"},{"floor":9,"key":"Bag of Marbles"},{"floor":26,"key":"Self Forming Clay"},{"floor":31,"key":"Old Coin"},{"floor":42,"key":"Mango"},{"floor":43,"key":"Frozen Egg 2"}],"event_choices":[{"damage_healed":0,"gold_gain":75,"player_choice":"Gather Gold","damage_taken":11,"max_hp_gain":0,"max_hp_loss":0,"event_name":"World of Goop","floor":2,"gold_loss":0},{"damage_healed":0,"gold_gain":0,"player_choice":"Forge","damage_taken":0,"max_hp_gain":0,"max_hp_loss":0,"event_name":"Accursed Blacksmith","floor":3,"gold_loss":0,"cards_upgraded":["Bash"]},{"damage_healed":0,"gold_gain":0,"player_choice":"Lose Max HP","damage_taken":0,"relics_obtained":["Golden Idol"],"max_hp_gain":0,"max_hp_loss":7,"event_name":"Golden Idol","floor":5,"gold_loss":0},{"damage_healed":0,"gold_gain":59,"player_choice":"Gained Gold","damage_taken":0,"max_hp_gain":0,"max_hp_loss":0,"event_name":"Golden Wing","floor":10,"gold_loss":0},{"damage_healed":0,"gold_gain":0,"player_choice":"Searched \u00271\u0027 times","damage_taken":0,"max_hp_gain":0,"max_hp_loss":0,"event_name":"Dead Adventurer","floor":12,"gold_loss":0},{"damage_healed":0,"gold_gain":0,"player_choice":"Obtain J.A.X.","damage_taken":0,"max_hp_gain":0,"max_hp_loss":0,"event_name":"Drug Dealer","floor":19,"gold_loss":0,"cards_obtained":["J.A.X."]},{"damage_healed":0,"gold_gain":50,"player_choice":"Pray","damage_taken":0,"max_hp_gain":0,"max_hp_loss":0,"event_name":"Golden Shrine","floor":21,"gold_loss":0},{"damage_healed":0,"gold_gain":0,"player_choice":"Simplicity","damage_taken":0,"max_hp_gain":0,"max_hp_loss":0,"event_name":"Back to Basics","floor":29,"gold_loss":0,"cards_upgraded":["Strike_R","Strike_R","Strike_R","Strike_R","Defend_R","Defend_R","Defend_R","Defend_R"]},{"damage_healed":0,"gold_gain":0,"player_choice":"Copied","damage_taken":0,"max_hp_gain":0,"max_hp_loss":0,"event_name":"Duplicator","floor":39,"gold_loss":0,"cards_obtained":["Impervious"]},{"damage_healed":0,"gold_gain":0,"player_choice":"Fight","damage_taken":0,"max_hp_gain":0,"max_hp_loss":0,"event_name":"Mysterious Sphere","floor":42,"gold_loss":0},{"damage_healed":0,"gold_gain":0,"player_choice":"Max HP","damage_taken":0,"max_hp_gain":0,"max_hp_loss":4,"event_name":"Winding Halls","floor":44,"gold_loss":0}],"is_beta":false,"boss_relics":[{"not_picked":["Empty Cage","Astrolabe"],"picked":"Busted Crown"},{"not_picked":["Philosopher\u0027s Stone","Calling Bell"],"picked":"Runic Pyramid"}],"items_purged_floors":[20,38],"is_endless":false,"potions_floor_spawned":[1,7,8,14,28,33,42,45],"killed_by":"Time Eater","ascension_level":20}}