{"host":"tetq3wi5anb97imq","time":1613181220,"event":{"mods":["BaseMod","Block Reminder","Minty Spire (QoL Compilation)","Quick Restart","StSLib","SuperFastMode"],"gold_per_floor":[116,91,91,91,106,106,132,132,207,207,235,250,278,328,328,407,407,418,418,428,447,460,460,492,29,53,86,86,96,96,112,112,186,186,198,216,216,216,61,0,29,29,29,29,79,105,135,154,154,154,154,154],"floor_reached":51,"language":"ENG","playtime":1276,"items_purged":["Strike_G"],"score":1568,"play_id":"4cfc0d93-b62d-47e1-b90d-3aa8e62299f0","local_time":"20210212235340","is_ascension_mode":true,"campfire_choices":[{"data":"Dagger Spray","floor":8.0,"key":"SMITH"},{"data":"Blade Dance","floor":10.0,"key":"SMITH"},{"data":"Cloak And Dagger","floor":15.0,"key":"SMITH"},{"floor":23.0,"key":"REST"},{"data":"Cloak And Dagger","floor":30.0,"key":"SMITH"},{"data":"Caltrops","floor":32.0,"key":"SMITH"},{"data":"Envenom","floor":44.0,"key":"SMITH"},{"floor":49,"key":"RECALL"}],"circlet_count":0,"master_deck":["AscendersBane","Strike_G+1","Strike_G","Strike_G+1","Defend_G","Defend_G","Defend_G","Defend_G","Defend_G","Survivor","Neutralize+1","Blade Dance+1","Deflect","Flying Knee","Blur","Cloak And Dagger+1","Cloak And Dagger+1","Die Die Die","CurseOfTheBell","Outmaneuver","Choke+1","PiercingWail","Backstab","Cloak And Dagger","Glass Knife","Riddle With Holes","Footwork+1","Cloak And Dagger+1","Dodge and Roll+1","Caltrops+1","Envenom+1","Masterful Stab","Noxious Fumes","Discovery","Infinite Blades","Poisoned Stab+1","Dash","Terror"],"relics":["Ring of the Snake","NeowsBlessing","Shuriken","Ice Cream","Mummified Hand","Regal Pillow","Eternal Feather","Calling Bell","Juzu Bracelet","Kunai","Calipers","Happy Flower","PreservedInsect","Blood Vial","Omamori","Philosopher\u0027s Stone","Red Mask","Anchor","Du-Vu Doll","StoneCalendar","MealTicket"],"acts_visited":["Exordium","TheCity","TheBeyond"],"potions_floor_usage":[50],"damage_taken":[{"damage":0.0,"enemies":"2 Louse","floor":1.0,"turns":1.0},{"damage":0.0,"enemies":"Jaw Worm","floor":5.0,"turns":1.0},{"damage":0.0,"enemies":"3 Sentries","floor":7.0,"turns":1.0},{"damage":4.0,"enemies":"Gremlin Nob","floor":11.0,"turns":3.0},{"damage":0.0,"enemies":"Cultist","floor":12.0,"turns":3.0},{"damage":19.0,"enemies":"Lagavulin","floor":13.0,"turns":6.0},{"damage":25.0,"enemies":"Slime Boss","floor":16.0,"turns":7.0},{"damage":15.0,"enemies":"Shell Parasite","floor":18.0,"turns":4.0},{"damage":4.0,"enemies":"3 Byrds","floor":20.0,"turns":5.0},{"damage":5.0,"enemies":"Centurion and Healer","floor":21.0,"turns":5.0},{"damage":16.0,"enemies":"Snake Plant","floor":22.0,"turns":5.0},{"damage":0.0,"enemies":"Gremlin Leader","floor":24.0,"turns":5.0},{"damage":3.0,"enemies":"Slavers","floor":27.0,"turns":3.0},{"damage":0.0,"enemies":"Cultist and Chosen","floor":29.0,"turns":4.0},{"damage":8.0,"enemies":"Centurion and Healer","floor":31.0,"turns":5.0},{"damage":26.0,"enemies":"Collector","floor":33.0,"turns":10.0},{"damage":21.0,"enemies":"3 Darklings","floor":35.0,"turns":4.0},{"damage":9.0,"enemies":"Orb Walker","floor":36.0,"turns":3.0},{"damage":55.0,"enemies":"Giant Head","floor":41.0,"turns":7.0},{"damage":0.0,"enemies":"2 Orb Walkers","floor":45.0,"turns":3.0},{"damage":25.0,"enemies":"Nemesis","floor":47.0,"turns":3.0},{"damage":0.0,"enemies":"3 Darklings","floor":48.0,"turns":4.0},{"damage":26,"enemies":"Donu and Deca","floor":50,"turns":10},{"damage":36,"enemies":"Awakened One","floor":51,"turns":3}],"seed_played":"-801931532722146614","potions_obtained":[{"floor":5.0,"key":"Ancient Potion"},{"floor":12.0,"key":"Explosive Potion"},{"floor":16.0,"key":"SteroidPotion"},{"floor":20.0,"key":"Energy Potion"},{"floor":21.0,"key":"Explosive Potion"},{"floor":24.0,"key":"SteroidPotion"},{"floor":27.0,"key":"Energy Potion"},{"floor":31.0,"key":"Fruit Juice"},{"floor":41.0,"key":"LiquidMemories"},{"floor":48,"key":"DuplicationPotion"}],"is_trial":false,"path_per_floor":["M","$","?","?","M","T","E","R","T","R","E","M","E","?","R","B",null,"M","?","M","M","M","R","E","$","T","E","?","M","R","M","R","B",null,"M","M","?","?","$","?","E","?","T","R","?","T","E","M","R","B","B"],"character_chosen":"THE_SILENT","items_purchased":["Deflect","PreservedInsect","Glass Knife","Dexterity Potion","Riddle With Holes","Infinite Blades","FairyPotion"],"campfire_rested":1,"item_purchase_floors":[2,25,25,25,25,39,39],"current_hp_per_floor":[59,59,39,39,39,39,39,39,39,39,35,35,16,16,28,3,50,35,35,31,26,10,59,59,59,59,58,58,60,66,63,71,45,65,46,39,39,39,39,39,8,22,22,43,45,45,22,24,45,21,0,0],"gold":154,"neow_bonus":"THREE_ENEMY_KILL","is_daily":false,"chose_seed":false,"campfire_upgraded":6,"win_rate":0.0,"timestamp":1613181220,"path_taken":["M","$","?","?","M","?","E","R","T","R","E","?","E","?","R","BOSS","M","?","M","M","M","R","E","?","T","E","?","M","R","M","R","BOSS","M","M","?","?","$","?","E","?","T","R","?","?","E","M","R","BOSS","BOSS"],"items_purchased_type":["Card","Relic","Card","Potion","Card","Card","Potion"],"build_version":"2020-12-22","purchased_purges":1,"victory":false,"max_hp_per_floor":[66,66,66,66,66,66,66,66,66,66,66,66,66,66,66,66,66,66,66,66,66,66,66,66,66,66,66,66,66,66,71,71,71,71,71,71,71,71,71,71,71,71,71,71,71,71,71,71,71,71,71,71],"card_choices":[{"not_picked":["PiercingWail","Dodge and Roll"],"picked":"Blade Dance","floor":1.0},{"not_picked":["Catalyst","Flechettes"],"picked":"Flying Knee","floor":5.0},{"not_picked":["Dagger Throw","Caltrops"],"picked":"Dagger Spray","floor":7.0},{"not_picked":["Skewer","Escape Plan"],"picked":"Blur","floor":11.0},{"not_picked":["Dash","Dagger Throw"],"picked":"Cloak And Dagger","floor":12.0},{"not_picked":["Venomology","Deadly Poison"],"picked":"Cloak And Dagger","floor":13.0},{"not_picked":["Phantasmal Killer","Corpse Explosion"],"picked":"Die Die Die","floor":16.0},{"not_picked":["Prepared","Expertise","Dagger Spray"],"picked":"SKIP","floor":18.0},{"not_picked":["Dagger Throw","Well Laid Plans"],"picked":"Choke+1","floor":20.0},{"not_picked":["Poisoned Stab","Flying Knee"],"picked":"PiercingWail","floor":21.0},{"not_picked":["Deadly Poison","Underhanded Strike"],"picked":"Backstab","floor":22.0},{"not_picked":["Prepared+1","Dash"],"picked":"Cloak And Dagger","floor":24.0},{"not_picked":["Flying Knee","Sucker Punch"],"picked":"Footwork+1","floor":27.0},{"not_picked":["Deflect+1","Dagger Throw"],"picked":"Dodge and Roll+1","floor":29.0},{"not_picked":["Prepared","Grand Finale"],"picked":"Caltrops","floor":31.0},{"not_picked":["Night Terror","A Thousand Cuts"],"picked":"Envenom","floor":33.0},{"not_picked":["Deadly Poison","Well Laid Plans"],"picked":"Masterful Stab","floor":35.0},{"not_picked":["Sucker Punch","Acrobatics"],"picked":"Noxious Fumes","floor":36.0},{"not_picked":["Thinking Ahead","Enlightenment"],"picked":"Discovery","floor":37.0},{"not_picked":["Expertise","Reflex"],"picked":"Poisoned Stab+1","floor":41.0},{"not_picked":["Dagger Throw+1","Bane"],"picked":"Dash","floor":45.0},{"not_picked":["All Out Attack","Well Laid Plans","Underhanded Strike"],"picked":"SKIP","floor":47.0},{"not_picked":["Blade Dance","Sucker Punch"],"picked":"Terror","floor":48}],"player_experience":1670177,"relics_obtained":[{"floor":6.0,"key":"Shuriken"},{"floor":7.0,"key":"Ice Cream"},{"floor":9.0,"key":"Mummified Hand"},{"floor":11.0,"key":"Regal Pillow"},{"floor":13.0,"key":"Eternal Feather"},{"floor":17.0,"key":"Juzu Bracelet"},{"floor":17.0,"key":"Kunai"},{"floor":17.0,"key":"Calipers"},{"floor":24.0,"key":"Happy Flower"},{"floor":26.0,"key":"Blood Vial"},{"floor":27.0,"key":"Omamori"},{"floor":41.0,"key":"Anchor"},{"floor":43.0,"key":"Du-Vu Doll"},{"floor":45.0,"key":"StoneCalendar"},{"floor":47.0,"key":"MealTicket"}],"event_choices":[{"damage_healed":0.0,"max_hp_gain":0.0,"max_hp_loss":0.0,"gold_gain":0.0,"event_name":"Shining Light","player_choice":"Entered Light","floor":3.0,"gold_loss":0.0,"damage_taken":20.0,"cards_upgraded":["Strike_G","Strike_G"]},{"damage_healed":0.0,"max_hp_gain":0.0,"max_hp_loss":0.0,"gold_gain":0.0,"event_name":"Living Wall","player_choice":"Grow","floor":4.0,"gold_loss":0.0,"damage_taken":0.0,"cards_upgraded":["Neutralize"]},{"damage_healed":0.0,"max_hp_gain":0.0,"max_hp_loss":0.0,"gold_gain":50.0,"event_name":"Golden Shrine","player_choice":"Pray","floor":14.0,"gold_loss":0.0,"damage_taken":0.0},{"damage_healed":0.0,"max_hp_gain":0.0,"max_hp_loss":0.0,"gold_gain":0.0,"cards_transformed":["Strike_G"],"event_name":"Transmorgrifier","player_choice":"Transformed","floor":19.0,"gold_loss":0.0,"damage_taken":0.0,"cards_obtained":["Outmaneuver"]},{"damage_healed":0.0,"max_hp_gain":0.0,"max_hp_loss":0.0,"gold_gain":0.0,"event_name":"Duplicator","player_choice":"Copied","floor":28.0,"gold_loss":0.0,"damage_taken":0.0,"cards_obtained":["Cloak And Dagger"]},{"damage_healed":0.0,"max_hp_gain":0.0,"max_hp_loss":0.0,"gold_gain":0.0,"event_name":"SensoryStone","player_choice":"Memory 1","floor":37.0,"gold_loss":0.0,"damage_taken":0.0},{"cards_removed":["Dagger Spray"],"damage_healed":0.0,"max_hp_gain":0.0,"max_hp_loss":0.0,"gold_gain":0.0,"event_name":"Falling","player_choice":"Removed Attack","floor":38.0,"gold_loss":0.0,"damage_taken":0.0},{"damage_healed":0.0,"max_hp_gain":0.0,"max_hp_loss":0.0,"gold_gain":0.0,"event_name":"Tomb of Lord Red Mask","player_choice":"Paid","floor":40.0,"gold_loss":61.0,"damage_taken":0.0,"relics_obtained":["Red Mask"]},{"damage_healed":14.0,"max_hp_gain":0.0,"max_hp_loss":0.0,"gold_gain":0.0,"event_name":"Winding Halls","player_choice":"Writhe","floor":42.0,"gold_loss":0.0,"damage_taken":0.0,"cards_obtained":["Writhe"]},{"damage_healed":0.0,"max_hp_gain":0.0,"max_hp_loss":0.0,"gold_gain":0.0,"event_name":"Mysterious Sphere","player_choice":"Fight","floor":45.0,"gold_loss":0.0,"damage_taken":0.0}],"is_beta":false,"boss_relics":[{"not_picked":["Coffee Dripper","Velvet Choker"],"picked":"Calling Bell"},{"not_picked":["Ring of the Serpent","Empty Cage"],"picked":"Philosopher\u0027s Stone"}],"items_purged_floors":[25],"is_endless":false,"potions_floor_spawned":[5,12,16,20,21,24,27,31,41,48],"killed_by":"Awakened One","ascension_level":20}}