{"host":"abdxwahegzejqccj","time":1613176329,"event":{"mods":["BaseMod","Better Note","BetterRewards","Colored Powertips","Downfall","Hermit","Minty Spire (QoL Compilation)","StSLib","The Cursed"],"gold_per_floor":[99,91,9,9,9,39,66,66,100,126,178,178,229,257,283,283,283,283],"floor_reached":16,"language":"ENG","playtime":760,"items_purged":[],"score":158,"play_id":"fd42304a-9215-4195-bcf4-6bde2e5e4004","local_time":"20210213113209","is_ascension_mode":true,"campfire_choices":[{"data":"hexamod:Sear","floor":1,"key":"SMITH"}],"circlet_count":0,"master_deck":["hexamod:Strike","hexamod:Strike+1","hexamod:Strike","hexamod:Strike","hexamod:Defend","hexamod:Defend+1","hexamod:Defend","hexamod:Defend","hexamod:Sear+1","hexamod:Float","hexamod:FirstSeal","hexamod:SecondSeal","hexamod:EmpoweredFlame","hexamod:Incineration+1","hexamod:CatchUp","hexamod:SuperheatedStrike","hexamod:ShieldOfDarkness","hexamod:GhostShield","hexamod:ParanormalForm","hexamod:SuperheatedStrike","hexamod:FourthSeal"],"relics":["hexamod:SpiritBrand","downfall:HeartsMalice","Shovel","Sundial","Lantern","Bird Faced Urn","CeramicFish","Spirit Poop","CaptainsWheel"],"acts_visited":["Exordium"],"potions_floor_usage":[11,11,13],"damage_taken":[{"damage":0,"enemies":"downfall:FleeingMerchant","floor":3,"turns":1},{"damage":0,"enemies":"Lagavulin","floor":6,"turns":1},{"damage":0,"enemies":"Jaw Worm","floor":8,"turns":1},{"damage":37,"enemies":"3 Sentries","floor":9,"turns":7},{"damage":5,"enemies":"2 Louse","floor":10,"turns":3},{"damage":6,"enemies":"Gremlin Nob","floor":11,"turns":3},{"damage":13,"enemies":"3 Sentries","floor":13,"turns":7},{"damage":0,"enemies":"Small Slimes","floor":14,"turns":3},{"damage":2,"enemies":"Gremlin Gang","floor":15,"turns":4},{"damage":98,"enemies":"WA_ARCHETYPE_RETAIN","floor":16,"turns":9}],"seed_played":"4584823411882915711","potions_obtained":[{"floor":9,"key":"DistilledChaos"},{"floor":10,"key":"hexamod:SoulburnPotion"},{"floor":11,"key":"LiquidMemories"},{"floor":13,"key":"Swift Potion"},{"floor":15,"key":"FairyPotion"}],"is_trial":false,"path_per_floor":["R","?","$","?","?","E","T","M","E","M","E","?","E","M","M","B"],"character_chosen":"THE_SPIRIT","items_purchased":["hexamod:Incineration"],"campfire_rested":0,"item_purchase_floors":[3],"current_hp_per_floor":[70,63,63,63,63,63,63,63,33,41,48,48,48,61,70,0,0,0],"gold":283,"neow_bonus":"THREE_ENEMY_KILL","is_daily":false,"chose_seed":false,"campfire_upgraded":1,"win_rate":0.0,"timestamp":1613176329,"path_taken":["R","?","$","?","?","E","T","M","E","M","E","?","E","M","M","BOSS"],"items_purchased_type":["Card"],"build_version":"2020-12-22","purchased_purges":0,"victory":false,"max_hp_per_floor":[70,70,70,70,70,70,70,70,70,70,70,70,70,70,70,70,70,70],"card_choices":[{"not_picked":["hexamod:GhostOfSpireFuture","hexamod:HeatMetal"],"picked":"hexamod:EmpoweredFlame","floor":3},{"not_picked":["hexamod:Rewind","hexamod:StepThrough"],"picked":"hexamod:CatchUp","floor":6},{"not_picked":["hexamod:GhostOfSpirePast","hexamod:FirstSeal"],"picked":"hexamod:SuperheatedStrike","floor":8},{"not_picked":["hexamod:ThermalTransfer","hexamod:SpectralAdrenaline","hexamod:GhostLash"],"picked":"SKIP","floor":9},{"not_picked":["hexamod:ChargedBarrage","hexamod:BurningTouch"],"picked":"hexamod:ShieldOfDarkness","floor":10},{"not_picked":["hexamod:RecurringNightmare","hexamod:InspiringFlames"],"picked":"hexamod:GhostShield","floor":11},{"not_picked":["hexamod:ShieldOfDarkness","hexamod:Firestarter"],"picked":"hexamod:ParanormalForm","floor":13},{"not_picked":["hexamod:EtherealExpedition","hexamod:NightmareStrike"],"picked":"hexamod:SuperheatedStrike","floor":14},{"not_picked":["hexamod:GhostflameBarrier","hexamod:NightmareStrike"],"picked":"hexamod:FourthSeal","floor":15}],"player_experience":405730,"relics_obtained":[{"floor":6,"key":"Sundial"},{"floor":7,"key":"Lantern"},{"floor":9,"key":"Bird Faced Urn"},{"floor":11,"key":"CeramicFish"},{"floor":13,"key":"CaptainsWheel"}],"event_choices":[{"cards_removed":["downfall:Malfunctioning"],"damage_healed":0,"gold_gain":0,"player_choice":"Offered Curse","damage_taken":0,"relics_obtained":["Spirit Poop"],"max_hp_gain":0,"max_hp_loss":0,"event_name":"Bonfire Elementals","floor":12,"gold_loss":0}],"is_beta":false,"boss_relics":[],"items_purged_floors":[],"is_endless":false,"potions_floor_spawned":[9,10,11,13,15],"killed_by":"WA_ARCHETYPE_RETAIN","ascension_level":1}}