{"host":"u8f6oqzdc7r6igag","time":1613192450,"event":{"mods":["BaseMod","Minty Spire (QoL Compilation)","Relic Stats"],"gold_per_floor":[113,128,138,154,221,247,247,274,310,322,362,401,426,458,470,482,482],"floor_reached":16,"language":"ENG","playtime":610,"items_purged":[],"score":165,"play_id":"a4ba7d3e-e78e-43ed-a258-ad974ca41200","local_time":"20210212230050","is_ascension_mode":true,"campfire_choices":[{"data":"True Grit","floor":7.0,"key":"SMITH"},{"data":"Uppercut","floor":10.0,"key":"SMITH"},{"floor":15,"key":"REST"}],"circlet_count":0,"master_deck":["Strike_R","Strike_R","Strike_R","Strike_R","Strike_R","Defend_R+1","Defend_R","Defend_R","Defend_R+1","Bash","Heavy Blade","Thunderclap","Twin Strike","Uppercut+1","True Grit+1","Feel No Pain","Shrug It Off","Shrug It Off"],"relics":["Burning Blood","NeowsBlessing","PreservedInsect","MawBank","Boot","War Paint","Odd Mushroom"],"acts_visited":["Exordium"],"potions_floor_usage":[12,12,12,16],"damage_taken":[{"damage":0.0,"enemies":"Small Slimes","floor":1.0,"turns":1.0},{"damage":2.0,"enemies":"2 Louse","floor":2.0,"turns":2.0},{"damage":0.0,"enemies":"Cultist","floor":3.0,"turns":1.0},{"damage":35.0,"enemies":"Large Slime","floor":4.0,"turns":8.0},{"damage":28.0,"enemies":"Gremlin Nob","floor":6.0,"turns":4.0},{"damage":20.0,"enemies":"Lagavulin","floor":8.0,"turns":5.0},{"damage":21.0,"enemies":"3 Sentries","floor":11.0,"turns":5.0},{"damage":2,"enemies":"The Mushroom Lair","floor":12,"turns":3},{"damage":0,"enemies":"3 Louse","floor":13,"turns":3},{"damage":5,"enemies":"Blue Slaver","floor":14,"turns":4},{"damage":45,"enemies":"Hexaghost","floor":16,"turns":9}],"seed_played":"3369622179332034566","potions_obtained":[{"floor":1.0,"key":"BloodPotion"},{"floor":3.0,"key":"SpeedPotion"},{"floor":6.0,"key":"EntropicBrew"},{"floor":8.0,"key":"ElixirPotion"},{"floor":11.0,"key":"SneckoOil"},{"floor":13,"key":"DuplicationPotion"}],"is_trial":false,"path_per_floor":["M","M","M","M","?","E","R","E","T","R","E","?","M","M","R","B"],"character_chosen":"IRONCLAD","items_purchased":[],"campfire_rested":1,"item_purchase_floors":[],"current_hp_per_floor":[78,80,80,51,51,45,45,31,31,31,16,20,26,27,51,6,6],"gold":482,"neow_bonus":"THREE_ENEMY_KILL","is_daily":false,"chose_seed":false,"campfire_upgraded":2,"win_rate":0.0,"timestamp":1613192450,"path_taken":["M","M","M","M","?","E","R","E","T","R","E","?","M","M","R","BOSS"],"items_purchased_type":[],"build_version":"2020-12-22","purchased_purges":0,"victory":false,"max_hp_per_floor":[80,80,80,80,80,80,80,80,80,80,80,80,80,80,80,80,80],"relic_stats":{"counters":[11,45],"PreservedInsect":61,"War Paint":["Defend_R","Defend_R"],"MawBank":96,"Boot":[13],"obtain_stats":[{"NeowsBlessing":0,"PreservedInsect":6,"War Paint":11,"Odd Mushroom":12,"MawBank":8,"Boot":9,"Burning Blood":0},{"NeowsBlessing":0,"PreservedInsect":5,"War Paint":7,"Odd Mushroom":8,"MawBank":6,"Boot":6,"Burning Blood":0},{"NeowsBlessing":0,"PreservedInsect":16,"War Paint":26,"Odd Mushroom":29,"MawBank":21,"Boot":21,"Burning Blood":0}],"Burning Blood":52},"card_choices":[{"not_picked":["Headbutt","Rupture"],"picked":"Heavy Blade","floor":1.0},{"not_picked":["Wild Strike","Infernal Blade"],"picked":"Thunderclap","floor":2.0},{"not_picked":["Flex","Headbutt"],"picked":"Twin Strike","floor":3.0},{"not_picked":["Havoc","Rupture"],"picked":"Uppercut","floor":4.0},{"not_picked":["Wild Strike","Limit Break"],"picked":"True Grit","floor":6.0},{"not_picked":["Clash","Rampage","Wild Strike"],"picked":"SKIP","floor":8.0},{"not_picked":["Havoc","Heavy Blade"],"picked":"Feel No Pain","floor":11.0},{"not_picked":["Entrench","Fire Breathing"],"picked":"Shrug It Off","floor":12},{"not_picked":["Wild Strike","Rampage"],"picked":"Shrug It Off","floor":13},{"not_picked":["Shrug It Off","Uppercut","Sword Boomerang"],"picked":"SKIP","floor":14}],"player_experience":182841,"relics_obtained":[{"floor":6.0,"key":"PreservedInsect"},{"floor":8.0,"key":"MawBank"},{"floor":9.0,"key":"Boot"},{"floor":11.0,"key":"War Paint"},{"floor":12,"key":"Odd Mushroom"}],"event_choices":[{"damage_healed":0.0,"max_hp_gain":0.0,"max_hp_loss":0.0,"gold_gain":67.0,"event_name":"Golden Wing","player_choice":"Gained Gold","floor":5.0,"gold_loss":0.0,"damage_taken":0.0},{"damage_healed":0,"gold_gain":0,"player_choice":"Fought Mushrooms","damage_taken":0,"max_hp_gain":0,"max_hp_loss":0,"event_name":"Mushrooms","floor":12,"gold_loss":0}],"is_beta":false,"boss_relics":[],"items_purged_floors":[],"is_endless":false,"potions_floor_spawned":[1,3,6,8,11,13],"killed_by":"Hexaghost","ascension_level":7}}