{"host":"prxrhpgaxnj4om9r","time":1613217808,"event":{"mods":["AchievementEnabler","BaseMod","DeckTracker","Minty Spire (QoL Compilation)"],"gold_per_floor":[139,152,166,166,177,188,228,228,228,254,254,280,299,12,12,117,426,452,461,482,511,511,511,305,305,332,351,391,391,412,435,435,435,435],"floor_reached":33,"language":"KOR","playtime":1721,"items_purged":[],"score":298,"play_id":"1262cd2d-7a88-4b84-b201-beae18307908","local_time":"20210213210328","is_ascension_mode":false,"campfire_choices":[{"floor":11,"key":"REST"},{"data":"Distraction","floor":15,"key":"SMITH"},{"floor":23,"key":"REST"},{"floor":25,"key":"RECALL"},{"floor":29,"key":"REST"},{"floor":32,"key":"REST"}],"circlet_count":0,"master_deck":["Strike_G","Strike_G","Strike_G","Strike_G","Strike_G","Defend_G","Defend_G","Defend_G","Defend_G+1","Defend_G","Survivor","Neutralize","Venomology+1","Concentrate+1","Masterful Stab","Escape Plan","Distraction+1","Wraith Form v2","Dagger Spray","Masterful Stab","Dash","Phantasmal Killer+1","CurseOfTheBell","All Out Attack+1","Neutralize","Quick Slash+1","Footwork","Finisher","After Image","Poisoned Stab+1","Flechettes+1","Deadly Poison+1","Backstab","Dagger Throw+1","Flying Knee","Die Die Die"],"relics":["Ring of the Snake","CeramicFish","Art of War","Oddly Smooth Stone","HandDrill","Calling Bell","War Paint","Question Card","Old Coin","Orrery","Snake Skull","Calipers"],"acts_visited":["Exordium","TheCity"],"potions_floor_usage":[3,6,7,7,7,7,12,13,16,18,20,20,24,27,27,28,28,31,31,33,33],"damage_taken":[{"damage":0.0,"enemies":"Jaw Worm","floor":1.0,"turns":3.0},{"damage":0,"enemies":"2 Louse","floor":2,"turns":3},{"damage":1,"enemies":"Cultist","floor":3,"turns":4},{"damage":2,"enemies":"Looter","floor":5,"turns":3},{"damage":4,"enemies":"Red Slaver","floor":6,"turns":3},{"damage":15,"enemies":"Lagavulin","floor":7,"turns":8},{"damage":7,"enemies":"Blue Slaver","floor":10,"turns":4},{"damage":3,"enemies":"2 Fungi Beasts","floor":12,"turns":3},{"damage":0,"enemies":"3 Louse","floor":13,"turns":2},{"damage":18,"enemies":"Slime Boss","floor":16,"turns":13},{"damage":6,"enemies":"Chosen","floor":18,"turns":6},{"damage":10,"enemies":"3 Byrds","floor":20,"turns":4},{"damage":16,"enemies":"Cultist and Chosen","floor":21,"turns":6},{"damage":18,"enemies":"Centurion and Healer","floor":27,"turns":6},{"damage":23,"enemies":"Slavers","floor":28,"turns":5},{"damage":0,"enemies":"Chosen and Byrds","floor":30,"turns":2},{"damage":21,"enemies":"Shelled Parasite and Fungi","floor":31,"turns":6},{"damage":53,"enemies":"Collector","floor":33,"turns":5}],"seed_played":"-7665685019593720385","potions_obtained":[{"floor":3,"key":"LiquidBronze"},{"floor":5,"key":"SkillPotion"},{"floor":10,"key":"Fire Potion"},{"floor":16,"key":"Swift Potion"},{"floor":21,"key":"ColorlessPotion"},{"floor":28,"key":"GhostInAJar"},{"floor":30,"key":"PowerPotion"}],"is_trial":false,"path_per_floor":["M","M","M","?","M","M","E","?","T","M","R","M","M","$","R","B",null,"M","?","M","M","?","R","$","R","T","M","E","R","M","M","R","B"],"character_chosen":"THE_SILENT","items_purchased":["Oddly Smooth Stone","HandDrill","Fruit Juice","Orrery"],"campfire_rested":4,"item_purchase_floors":[14,14,24,24],"current_hp_per_floor":[70,70,69,69,67,63,48,30,30,23,44,41,41,41,41,23,70,64,64,54,38,38,59,64,64,64,46,23,45,45,24,46,0,0],"gold":435,"neow_bonus":"ONE_RANDOM_RARE_CARD","is_daily":false,"chose_seed":false,"campfire_upgraded":1,"win_rate":0.0,"timestamp":1613217808,"path_taken":["M","M","M","?","M","M","E","?","T","M","R","M","M","$","R","BOSS","M","?","M","?","?","R","$","R","T","?","E","R","M","M","R","BOSS"],"items_purchased_type":["Relic","Relic","Potion","Relic"],"build_version":"2020-12-22","purchased_purges":0,"victory":false,"max_hp_per_floor":[70,70,70,70,70,70,70,70,70,70,70,70,70,70,70,70,70,70,70,70,70,70,70,75,75,75,75,75,75,75,75,75,75,75],"card_choices":[{"not_picked":["Prepared","Caltrops"],"picked":"Concentrate","floor":1},{"not_picked":["Underhanded Strike","Dagger Throw"],"picked":"Masterful Stab","floor":2},{"not_picked":["Underhanded Strike","Deadly Poison"],"picked":"Escape Plan","floor":3},{"not_picked":["Poisoned Stab","Deadly Poison"],"picked":"Distraction","floor":5},{"not_picked":["Outmaneuver","Well Laid Plans","Deflect"],"picked":"SKIP","floor":6},{"not_picked":["PiercingWail","Slice"],"picked":"Wraith Form v2","floor":7},{"not_picked":["Eviscerate","Prepared"],"picked":"Dagger Spray","floor":10},{"not_picked":["Prepared","Endless Agony"],"picked":"Masterful Stab","floor":12},{"not_picked":["Well Laid Plans","Noxious Fumes"],"picked":"Dash","floor":13},{"not_picked":["Glass Knife","Night Terror"],"picked":"Phantasmal Killer","floor":16},{"not_picked":["Prepared","Sucker Punch","Poisoned Stab"],"picked":"All Out Attack+1","floor":18},{"not_picked":["All Out Attack","Deflect","Concentrate"],"picked":"Quick Slash+1","floor":20},{"not_picked":["Caltrops","Tools of the Trade","Reflex"],"picked":"Footwork","floor":21},{"not_picked":["Dodge and Roll","Bane","PiercingWail"],"picked":"Finisher","floor":24},{"not_picked":["Calculated Gamble+1","Deflect+1","Acrobatics"],"picked":"After Image","floor":24},{"not_picked":["Riddle With Holes","Escape Plan","Terror"],"picked":"Poisoned Stab+1","floor":24},{"not_picked":["Underhanded Strike","Acrobatics","Flying Knee"],"picked":"Flechettes+1","floor":24},{"not_picked":["Dash","Glass Knife","Riddle With Holes"],"picked":"Deadly Poison+1","floor":24},{"not_picked":["Deflect","Deadly Poison+1","Leg Sweep"],"picked":"Backstab","floor":27},{"not_picked":["Acrobatics","Reflex","Tactician+1"],"picked":"Dagger Throw+1","floor":28},{"not_picked":["Prepared","Predator","Deadly Poison"],"picked":"Flying Knee","floor":30},{"not_picked":["Slice","Flying Knee","Outmaneuver"],"picked":"Die Die Die","floor":31}],"player_experience":427219,"relics_obtained":[{"floor":7,"key":"CeramicFish"},{"floor":17,"key":"War Paint"},{"floor":17,"key":"Question Card"},{"floor":17,"key":"Old Coin"},{"floor":26,"key":"Snake Skull"},{"floor":28,"key":"Calipers"}],"event_choices":[{"damage_healed":0,"gold_gain":0,"player_choice":"Grow","damage_taken":0,"max_hp_gain":0,"max_hp_loss":0,"event_name":"Living Wall","floor":4,"gold_loss":0,"cards_upgraded":["Venomology"]},{"damage_healed":0,"gold_gain":0,"player_choice":"Success","damage_taken":18,"relics_obtained":["Art of War"],"max_hp_gain":0,"max_hp_loss":0,"event_name":"Scrap Ooze","floor":8,"gold_loss":0},{"damage_healed":0,"gold_gain":0,"player_choice":"1 cards matched","damage_taken":0,"max_hp_gain":0,"max_hp_loss":0,"event_name":"Match and Keep!","floor":19,"gold_loss":0,"cards_obtained":["Neutralize"]},{"damage_healed":0,"gold_gain":0,"player_choice":"Upgraded","damage_taken":0,"max_hp_gain":0,"max_hp_loss":0,"event_name":"Upgrade Shrine","floor":22,"gold_loss":0,"cards_upgraded":["Phantasmal Killer"]}],"is_beta":false,"boss_relics":[{"not_picked":["Pandora\u0027s Box","Empty Cage"],"picked":"Calling Bell"}],"items_purged_floors":[],"is_endless":false,"potions_floor_spawned":[3,5,10,16,21,28,30],"killed_by":"Collector","ascension_level":0}}