{"host":"ul3z8ex5o8l5j7mh","time":1613246587,"event":{"mods":["AchievementEnabler","BaseMod","Bestiary","Colored Map","Colored Powertips","DeckTracker","Keyboard Shortcuts","Minty Spire (QoL Compilation)","Relic Sorter","Relic Stats","SuperFastMode"],"gold_per_floor":[114,114,128,138,158,158,158,158,158,158,192,225,225,241,241,362,362,377,393,393,77,102,102,140,159,159,159,180,180,95,111,111,111,111],"floor_reached":33,"language":"ENG","playtime":1257,"items_purged":["Regret"],"score":350,"play_id":"97d1a801-d39a-4b3b-869a-2928d6c8eb69","local_time":"20210213210307","is_ascension_mode":true,"campfire_choices":[{"data":"Whirlwind","floor":6.0,"key":"SMITH"},{"data":"Wild Strike","floor":8.0,"key":"SMITH"},{"data":"Shrug It Off","floor":10.0,"key":"SMITH"},{"data":"Berserk","floor":15.0,"key":"SMITH"},{"floor":23,"key":"REST"},{"floor":29,"key":"REST"},{"floor":32,"key":"REST"}],"circlet_count":0,"master_deck":["Strike_R","Strike_R","Strike_R","Strike_R","Strike_R","Defend_R","Defend_R","Defend_R","Defend_R","Bash","Wild Strike+1","Rage","Shrug It Off+1","Whirlwind+1","Berserk+1","Dark Embrace","Pommel Strike","Barricade","Forethought","Armaments"],"relics":["Burning Blood","Lantern","Champion Belt","Golden Idol","Magic Flower","Pear","Odd Mushroom","Bottled Lightning","Busted Crown","Nilry\u0027s Codex","PreservedInsect","Mummified Hand","Oddly Smooth Stone","Happy Flower"],"acts_visited":["Exordium","TheCity"],"potions_floor_usage":[22,24,25],"damage_taken":[{"damage":6.0,"enemies":"Cultist","floor":1.0,"turns":3.0},{"damage":3.0,"enemies":"Jaw Worm","floor":3.0,"turns":3.0},{"damage":6.0,"enemies":"Small Slimes","floor":4.0,"turns":3.0},{"damage":0.0,"enemies":"Looter","floor":5.0,"turns":2.0},{"damage":2.0,"enemies":"Gremlin Nob","floor":11.0,"turns":2.0},{"damage":0.0,"enemies":"The Mushroom Lair","floor":12.0,"turns":1.0},{"damage":0.0,"enemies":"2 Fungi Beasts","floor":14.0,"turns":2.0},{"damage":68.0,"enemies":"The Guardian","floor":16.0,"turns":11.0},{"damage":9.0,"enemies":"Chosen","floor":18.0,"turns":5.0},{"damage":29.0,"enemies":"Shell Parasite","floor":19.0,"turns":7.0},{"damage":27,"enemies":"Centurion and Healer","floor":22,"turns":7},{"damage":30,"enemies":"Gremlin Leader","floor":24,"turns":3},{"damage":12,"enemies":"Shelled Parasite and Fungi","floor":25,"turns":5},{"damage":49,"enemies":"Chosen and Byrds","floor":28,"turns":6},{"damage":37,"enemies":"Snake Plant","floor":31,"turns":6},{"damage":89,"enemies":"Automaton","floor":33,"turns":6}],"seed_played":"-5828989404071576777","potions_obtained":[{"floor":5.0,"key":"DuplicationPotion"},{"floor":12.0,"key":"DuplicationPotion"},{"floor":16.0,"key":"SteroidPotion"},{"floor":18.0,"key":"PowerPotion"},{"floor":19.0,"key":"GamblersBrew"},{"floor":24,"key":"Weak Potion"}],"is_trial":false,"path_per_floor":["M","?","M","M","M","R","?","R","T","R","E","?","T","M","R","B",null,"M","M","?","$","M","R","E","M","T","?","M","R","?","M","R","B"],"character_chosen":"IRONCLAD","items_purchased":["PreservedInsect","Forethought"],"campfire_rested":3,"item_purchase_floors":[21,21],"current_hp_per_floor":[80,80,80,80,80,80,60,60,60,60,77,86,86,90,90,31,90,90,70,54,54,36,63,42,39,39,69,29,56,56,28,55,0,0],"gold":111,"neow_bonus":"RANDOM_COMMON_RELIC","is_daily":false,"chose_seed":false,"campfire_upgraded":4,"win_rate":0.0,"timestamp":1613246587,"path_taken":["M","?","M","M","M","R","?","R","T","R","E","?","?","M","R","BOSS","M","M","?","$","M","R","E","M","T","?","M","R","?","?","R","BOSS"],"items_purchased_type":["Relic","Card"],"build_version":"2020-12-22","purchased_purges":1,"victory":false,"max_hp_per_floor":[80,80,80,80,80,80,80,80,80,80,90,90,90,90,90,90,90,90,90,90,90,90,90,90,90,90,90,90,90,90,90,90,90,90],"relic_stats":{"Busted Crown":14,"Happy Flower":[4],"counters":[16,72],"Golden Idol":71,"Mummified Hand":[19],"Magic Flower":[30],"PreservedInsect":46,"Champion Belt":[11],"obtain_stats":[{"Lantern":0,"Pear":11,"Happy Flower":30,"Golden Idol":7,"Nilry\u0027s Codex":20,"Magic Flower":9,"Oddly Smooth Stone":26,"PreservedInsect":21,"Odd Mushroom":12,"Burning Blood":0,"Busted Crown":17,"Mummified Hand":24,"Champion Belt":2,"Bottled Lightning":13},{"Lantern":0,"Pear":5,"Happy Flower":14,"Golden Idol":4,"Nilry\u0027s Codex":10,"Magic Flower":4,"Oddly Smooth Stone":13,"PreservedInsect":10,"Odd Mushroom":6,"Burning Blood":0,"Busted Crown":8,"Mummified Hand":12,"Champion Belt":1,"Bottled Lightning":6},{"Lantern":0,"Pear":13,"Happy Flower":60,"Golden Idol":11,"Nilry\u0027s Codex":39,"Magic Flower":11,"Oddly Smooth Stone":54,"PreservedInsect":39,"Odd Mushroom":14,"Burning Blood":0,"Busted Crown":27,"Mummified Hand":49,"Champion Belt":3,"Bottled Lightning":14}],"Burning Blood":109},"card_choices":[{"not_picked":["Warcry","Clash"],"picked":"Wild Strike","floor":1.0},{"not_picked":["True Grit","Warcry"],"picked":"Rage","floor":3.0},{"not_picked":["Flame Barrier","Heavy Blade"],"picked":"Shrug It Off","floor":4.0},{"not_picked":["Havoc","Clothesline"],"picked":"Whirlwind","floor":5.0},{"not_picked":["Anger","Cleave"],"picked":"Berserk","floor":11.0},{"not_picked":["Battle Trance","Iron Wave"],"picked":"Dark Embrace","floor":12.0},{"not_picked":["Havoc","Perfected Strike"],"picked":"Pommel Strike","floor":14.0},{"not_picked":["Offering","Limit Break"],"picked":"Barricade","floor":16.0},{"not_picked":["Sword Boomerang"],"picked":"SKIP","floor":18.0},{"not_picked":["True Grit"],"picked":"SKIP","floor":19.0},{"not_picked":["Sword Boomerang"],"picked":"SKIP","floor":22},{"not_picked":["Intimidate+1"],"picked":"SKIP","floor":24},{"not_picked":["Pommel Strike"],"picked":"SKIP","floor":25},{"not_picked":[],"picked":"Armaments","floor":28},{"not_picked":["True Grit"],"picked":"SKIP","floor":31}],"player_experience":363284,"relics_obtained":[{"floor":9.0,"key":"Magic Flower"},{"floor":11.0,"key":"Pear"},{"floor":12.0,"key":"Odd Mushroom"},{"floor":13.0,"key":"Bottled Lightning"},{"floor":20,"key":"Nilry\u0027s Codex"},{"floor":24,"key":"Mummified Hand"},{"floor":26,"key":"Oddly Smooth Stone"}],"event_choices":[{"damage_healed":0.0,"max_hp_gain":0.0,"max_hp_loss":0.0,"gold_gain":0.0,"event_name":"Big Fish","player_choice":"Box","floor":2.0,"gold_loss":0.0,"damage_taken":0.0,"relics_obtained":["Champion Belt"],"cards_obtained":["Regret"]},{"damage_healed":0.0,"max_hp_gain":0.0,"max_hp_loss":0.0,"gold_gain":0.0,"event_name":"Golden Idol","player_choice":"Take Damage","floor":7.0,"gold_loss":0.0,"damage_taken":20.0,"relics_obtained":["Golden Idol"]},{"damage_healed":0.0,"max_hp_gain":0.0,"max_hp_loss":0.0,"gold_gain":0.0,"event_name":"Mushrooms","player_choice":"Fought Mushrooms","floor":12.0,"gold_loss":0.0,"damage_taken":0.0},{"damage_healed":0,"gold_gain":0,"player_choice":"Obtained Book","damage_taken":16,"max_hp_gain":0,"max_hp_loss":0,"event_name":"Cursed Tome","floor":20,"gold_loss":0},{"damage_healed":30,"gold_gain":0,"player_choice":"Heal","damage_taken":0,"max_hp_gain":0,"max_hp_loss":0,"event_name":"The Library","floor":27,"gold_loss":0},{"damage_healed":0,"gold_gain":0,"player_choice":"Obtained Relic","damage_taken":0,"relics_obtained":["Happy Flower"],"max_hp_gain":0,"max_hp_loss":0,"event_name":"Addict","floor":30,"gold_loss":85}],"is_beta":false,"boss_relics":[{"not_picked":["Astrolabe","Runic Pyramid"],"picked":"Busted Crown"}],"items_purged_floors":[21],"is_endless":false,"potions_floor_spawned":[5,12,16,18,19,24],"killed_by":"Automaton","ascension_level":4}}