{"host":"p9vmbvw2hh2n16dn","time":1613221833,"event":{"mods":["AchievementEnabler","BaseMod","Block Reminder","Minty Spire (QoL Compilation)","Relic Stats","SuperFastMode"],"gold_per_floor":[114,64,64,83,83,119,140,180,180,200,243,262,262,280,280,409,409,425,438,457,481,481,481,481,481],"floor_reached":24,"language":"ENG","playtime":932,"items_purged":[],"score":368,"play_id":"eb5ebe25-b06d-498a-afd1-84d4cf854626","local_time":"20210213141033","is_ascension_mode":true,"campfire_choices":[{"floor":13,"key":"REST"},{"floor":15,"key":"REST"},{"floor":23,"key":"REST"}],"circlet_count":0,"master_deck":["AscendersBane","Strike_B","Strike_B","Strike_B","Defend_B","Defend_B","Defend_B","Defend_B","Zap","Dualcast","Sweeping Beam","Cold Snap","Pain","Sunder","Skim","Machine Learning","Machine Learning","Conserve Battery","Leap","Core Surge","Leap+1","Ball Lightning"],"relics":["Cracked Core","NeowsBlessing","Golden Idol","WarpedTongs","Emotion Chip","Symbiotic Virus","Blue Candle","Ginger","Black Star","Omamori"],"acts_visited":["Exordium","TheCity"],"potions_floor_usage":[10,11,16,21,24],"damage_taken":[{"damage":0,"enemies":"Jaw Worm","floor":1,"turns":1},{"damage":0,"enemies":"2 Louse","floor":4,"turns":1},{"damage":0,"enemies":"Gremlin Nob","floor":6,"turns":1},{"damage":1,"enemies":"Cultist","floor":7,"turns":2},{"damage":25,"enemies":"Lagavulin","floor":8,"turns":7},{"damage":14,"enemies":"Gremlin Gang","floor":10,"turns":3},{"damage":17,"enemies":"Gremlin Nob","floor":11,"turns":3},{"damage":1,"enemies":"Large Slime","floor":12,"turns":3},{"damage":13,"enemies":"2 Fungi Beasts","floor":14,"turns":3},{"damage":22,"enemies":"The Guardian","floor":16,"turns":9},{"damage":7,"enemies":"Shell Parasite","floor":18,"turns":5},{"damage":19,"enemies":"Spheric Guardian","floor":19,"turns":4},{"damage":17,"enemies":"Snake Plant","floor":20,"turns":4},{"damage":2,"enemies":"Snecko","floor":21,"turns":6},{"damage":44,"enemies":"Gremlin Leader","floor":24,"turns":5}],"seed_played":"-7668769281358985507","potions_obtained":[{"floor":4,"key":"Fire Potion"},{"floor":10,"key":"DistilledChaos"},{"floor":14,"key":"AttackPotion"},{"floor":18,"key":"Energy Potion"},{"floor":21,"key":"SneckoOil"}],"is_trial":false,"path_per_floor":["M","?","?","M","?","E","M","E","T","M","E","M","R","M","R","B",null,"M","M","M","M","?","R","E"],"character_chosen":"DEFECT","items_purchased":[],"campfire_rested":3,"item_purchase_floors":[],"current_hp_per_floor":[68,68,68,68,68,68,67,42,42,28,11,10,30,17,37,15,56,49,30,13,11,11,31,0,0],"gold":481,"neow_bonus":"THREE_ENEMY_KILL","is_daily":false,"chose_seed":false,"campfire_upgraded":0,"win_rate":0.0,"timestamp":1613221833,"path_taken":["M","?","?","?","?","E","M","E","T","M","E","?","R","M","R","BOSS","M","?","M","M","?","R","E"],"items_purchased_type":[],"build_version":"2020-12-22","purchased_purges":0,"victory":false,"max_hp_per_floor":[75,75,69,69,69,69,69,69,69,69,69,69,69,69,69,69,69,69,69,69,69,69,69,69,69],"relic_stats":{"Emotion Chip":[50,23,10,17,0],"counters":[15,57],"Golden Idol":85,"Blue Candle":[10],"Black Star":0,"Ginger":[2],"obtain_stats":[{"Emotion Chip":6,"NeowsBlessing":0,"Golden Idol":3,"Blue Candle":9,"Black Star":17,"Omamori":22,"Ginger":11,"Cracked Core":0,"Symbiotic Virus":8,"WarpedTongs":5},{"Emotion Chip":3,"NeowsBlessing":0,"Golden Idol":1,"Blue Candle":5,"Black Star":10,"Omamori":14,"Ginger":7,"Cracked Core":0,"Symbiotic Virus":5,"WarpedTongs":2},{"Emotion Chip":3,"NeowsBlessing":0,"Golden Idol":1,"Blue Candle":12,"Black Star":33,"Omamori":52,"Ginger":18,"Cracked Core":0,"Symbiotic Virus":12,"WarpedTongs":2}],"WarpedTongs":[55]},"card_choices":[{"not_picked":["Redo","Conserve Battery"],"picked":"Sweeping Beam","floor":1},{"not_picked":["Steam","Hologram"],"picked":"Cold Snap","floor":4},{"not_picked":["Glacier","Stack"],"picked":"Sunder","floor":6},{"not_picked":["Cold Snap","Reprogram"],"picked":"Skim","floor":7},{"not_picked":["Gash","Force Field","Go for the Eyes"],"picked":"SKIP","floor":8},{"not_picked":["Compile Driver","Redo"],"picked":"Machine Learning","floor":10},{"not_picked":["Steam Power","Compile Driver"],"picked":"Machine Learning","floor":11},{"not_picked":["Auto Shields","Consume"],"picked":"Conserve Battery","floor":12},{"not_picked":["Machine Learning","Conserve Battery"],"picked":"Leap","floor":14},{"not_picked":["Biased Cognition","Thunder Strike"],"picked":"Core Surge","floor":16},{"not_picked":["Blizzard","Turbo+1"],"picked":"Leap+1","floor":18},{"not_picked":["Rebound","Gash","Leap"],"picked":"SKIP","floor":19},{"not_picked":["Lockon","Doom and Gloom"],"picked":"Ball Lightning","floor":20},{"not_picked":["Steam","Sweeping Beam","Blizzard"],"picked":"SKIP","floor":21}],"player_experience":324218,"relics_obtained":[{"floor":6,"key":"Emotion Chip"},{"floor":8,"key":"Symbiotic Virus"},{"floor":9,"key":"Blue Candle"},{"floor":11,"key":"Ginger"}],"event_choices":[{"cards_removed":["Strike_B"],"damage_healed":0,"gold_gain":0,"player_choice":"Card Removal","damage_taken":0,"max_hp_gain":0,"max_hp_loss":0,"event_name":"The Cleric","floor":2,"gold_loss":50},{"damage_healed":0,"gold_gain":0,"player_choice":"Lose Max HP","damage_taken":0,"relics_obtained":["Golden Idol"],"max_hp_gain":0,"max_hp_loss":6,"event_name":"Golden Idol","floor":3,"gold_loss":0},{"damage_healed":0,"gold_gain":0,"player_choice":"Rummage","damage_taken":0,"relics_obtained":["WarpedTongs"],"max_hp_gain":0,"max_hp_loss":0,"event_name":"Accursed Blacksmith","floor":5,"gold_loss":0,"cards_obtained":["Pain"]},{"damage_healed":0,"gold_gain":0,"player_choice":"Opened","damage_taken":0,"relics_obtained":["Omamori"],"max_hp_gain":0,"max_hp_loss":0,"event_name":"The Mausoleum","floor":22,"gold_loss":0}],"is_beta":false,"boss_relics":[{"not_picked":["SlaversCollar","Busted Crown"],"picked":"Black Star"}],"items_purged_floors":[],"is_endless":false,"potions_floor_spawned":[4,10,14,18,21],"killed_by":"Gremlin Leader","ascension_level":10}}