{"host":"Kdaddybrian","time":1613181523,"event":{"mods":["AchievementEnabler","BaseMod","Bestiary","Colored Map","Colored Powertips","Minty Spire (QoL Compilation)","Potion Indicator Mod","Quick Restart","Rare Cards Sparkle","Relic Stats","StSLib","Uncapped","Weighted Paths"],"gold_per_floor":[117,128,138,138,138,138,179,179,205,248,260,286,311,348,360,495,507,542,574,611,658,670,682,707,719,719],"floor_reached":25,"language":"ENG","playtime":1302,"items_purged":[],"score":333,"play_id":"c5a74025-62a9-4089-84b2-2ecaa2c2d25e","local_time":"20210212205843","is_ascension_mode":true,"campfire_choices":[{"floor":6,"key":"RECALL"},{"floor":8,"key":"REST"},{"floor":15,"key":"REST"},{"floor":23,"key":"REST"}],"circlet_count":0,"master_deck":["AscendersBane","Eruption","Vigilance","Adaptation","FlyingSleeves","FollowUp","InnerPeace","WheelKick","WindmillStrike","InnerPeace","Consecrate","Vault","WreathOfFlame","Vengeance","Fasting2","WindmillStrike","ThirdEye","Ragnarok","Perseverance+1","ThirdEye+1","ClearTheMind+1","EmptyBody+1","LessonLearned","Protect"],"relics":["Fusion Hammer","Golden Idol","Vajra","MawBank","Gremlin Horn","Bag of Preparation","Pandora\u0027s Box","Red Mask"],"acts_visited":["Exordium","TheCity"],"potions_floor_usage":[7,16,18,25],"damage_taken":[{"damage":0,"enemies":"2 Louse","floor":1,"turns":2},{"damage":0,"enemies":"Small Slimes","floor":2,"turns":3},{"damage":0,"enemies":"Cultist","floor":3,"turns":2},{"damage":21,"enemies":"3 Sentries","floor":7,"turns":7},{"damage":12,"enemies":"Gremlin Nob","floor":10,"turns":3},{"damage":12,"enemies":"Gremlin Gang","floor":12,"turns":3},{"damage":5,"enemies":"Exordium Thugs","floor":13,"turns":3},{"damage":0,"enemies":"Looter","floor":14,"turns":2},{"damage":25,"enemies":"The Guardian","floor":16,"turns":11},{"damage":6,"enemies":"3 Byrds","floor":18,"turns":4},{"damage":0,"enemies":"Spheric Guardian","floor":19,"turns":2},{"damage":18,"enemies":"Snake Plant","floor":20,"turns":4},{"damage":27,"enemies":"Masked Bandits","floor":21,"turns":6},{"damage":15,"enemies":"Snecko","floor":24,"turns":6},{"damage":9,"enemies":"Chosen and Byrds","floor":25,"turns":4}],"seed_played":"9175328758516312535","potions_obtained":[{"floor":2,"key":"Explosive Potion"},{"floor":7,"key":"FearPotion"},{"floor":10,"key":"LiquidBronze"},{"floor":14,"key":"StancePotion"},{"floor":16,"key":"BottledMiracle"},{"floor":21,"key":"Energy Potion"}],"is_trial":false,"path_per_floor":["M","M","M","?","?","R","E","R","T","E","?","M","M","M","R","B",null,"M","M","M","?","?","R","M","M"],"character_chosen":"WATCHER","items_purchased":[],"campfire_rested":3,"item_purchase_floors":[],"current_hp_per_floor":[65,65,65,65,52,52,31,51,51,39,39,27,22,22,42,17,55,49,49,31,4,4,24,9,0,0],"gold":719,"neow_bonus":"BOSS_RELIC","is_daily":false,"chose_seed":false,"campfire_upgraded":0,"win_rate":0.0,"timestamp":1613181523,"path_taken":["M","M","M","?","?","R","E","R","T","E","?","?","M","?","R","BOSS","M","M","M","?","?","R","M","?"],"items_purchased_type":[],"build_version":"2020-12-18","purchased_purges":0,"victory":false,"max_hp_per_floor":[72,72,72,67,67,67,67,67,67,67,67,67,67,67,67,67,67,67,67,67,67,67,67,67,67,67],"relic_stats":{"Gremlin Horn":[8,8],"counters":[15,62],"Golden Idol":74,"Pandora\u0027s Box":["WreathOfFlame","Vengeance","Collect","Fasting2","WindmillStrike","ThirdEye","Ragnarok","Perseverance"],"Bag of Preparation":[20],"MawBank":192,"obtain_stats":[{"Gremlin Horn":10,"Golden Idol":4,"Vajra":7,"Pandora\u0027s Box":17,"Fusion Hammer":0,"Bag of Preparation":11,"Red Mask":21,"PureWater":0,"MawBank":9},{"Gremlin Horn":5,"Golden Idol":3,"Vajra":4,"Pandora\u0027s Box":9,"Fusion Hammer":0,"Bag of Preparation":5,"Red Mask":13,"PureWater":0,"MawBank":4},{"Gremlin Horn":17,"Golden Idol":7,"Vajra":14,"Pandora\u0027s Box":36,"Fusion Hammer":0,"Bag of Preparation":17,"Red Mask":52,"PureWater":0,"MawBank":14}]},"card_choices":[{"not_picked":["BowlingBash","Meditate"],"picked":"Adaptation","floor":1},{"not_picked":["Study","CutThroughFate"],"picked":"FlyingSleeves","floor":2},{"not_picked":["CutThroughFate","Crescendo"],"picked":"FollowUp","floor":3},{"not_picked":["ThirdEye","Nirvana"],"picked":"InnerPeace","floor":7},{"not_picked":["Consecrate","CrushJoints"],"picked":"WheelKick","floor":10},{"not_picked":["Crescendo","Meditate"],"picked":"WindmillStrike","floor":12},{"not_picked":["Vengeance","SashWhip"],"picked":"InnerPeace","floor":13},{"not_picked":["ClearTheMind","Halt"],"picked":"Consecrate","floor":14},{"not_picked":["MasterReality","DeusExMachina"],"picked":"Vault","floor":16},{"not_picked":["Weave","LikeWater"],"picked":"ThirdEye+1","floor":18},{"not_picked":["BowlingBash","Crescendo"],"picked":"ClearTheMind+1","floor":19},{"not_picked":["FollowUp+1","Vengeance+1"],"picked":"EmptyBody+1","floor":20},{"not_picked":["InnerPeace+1","FollowUp+1"],"picked":"LessonLearned","floor":21},{"not_picked":["EmptyMind","SandsOfTime+1"],"picked":"Protect","floor":24}],"player_experience":3033999,"relics_obtained":[{"floor":7,"key":"Vajra"},{"floor":9,"key":"MawBank"},{"floor":10,"key":"Gremlin Horn"},{"floor":21,"key":"Red Mask"}],"event_choices":[{"damage_healed":0,"gold_gain":0,"player_choice":"Lose Max HP","damage_taken":0,"relics_obtained":["Golden Idol"],"max_hp_gain":0,"max_hp_loss":5,"event_name":"Golden Idol","floor":4,"gold_loss":0},{"damage_healed":0,"gold_gain":0,"player_choice":"Entered Light","damage_taken":13,"max_hp_gain":0,"max_hp_loss":0,"event_name":"Shining Light","floor":5,"gold_loss":0,"cards_upgraded":["Strike_P","Defend_P"]},{"damage_healed":0,"gold_gain":0,"player_choice":"Gave Potion","damage_taken":0,"relics_obtained":["Bag of Preparation"],"max_hp_gain":0,"max_hp_loss":0,"event_name":"WeMeetAgain","floor":11,"gold_loss":0},{"damage_healed":0,"gold_gain":0,"player_choice":"Fought Bandits","damage_taken":0,"max_hp_gain":0,"max_hp_loss":0,"event_name":"Masked Bandits","floor":21,"gold_loss":0},{"cards_removed":["Collect"],"damage_healed":0,"gold_gain":0,"player_choice":"Elegance","damage_taken":0,"max_hp_gain":0,"max_hp_loss":0,"event_name":"Back to Basics","floor":22,"gold_loss":0}],"is_beta":true,"boss_relics":[{"not_picked":["Velvet Choker","Coffee Dripper"],"picked":"Pandora\u0027s Box"}],"items_purged_floors":[],"is_endless":false,"potions_floor_spawned":[2,7,10,14,16,21],"killed_by":"Chosen and Byrds","ascension_level":11}}