{"host":"je4rgfex33y123xe","time":1613192482,"event":{"mods":["BaseMod","Minty Spire (QoL Compilation)","StSLib"],"gold_per_floor":[118,129,129,129,129,129,161,176,200,200,220,234,184,195,195,293,293,312,9,9,9,24,52,52,52,52],"floor_reached":25,"language":"ENG","playtime":976,"items_purged":[],"score":337,"play_id":"694e0d37-beb9-4998-9e4a-26508fa9dc09","local_time":"20210212230122","is_ascension_mode":true,"campfire_choices":[{"data":"Immolate","floor":6.0,"key":"SMITH"},{"data":"Clothesline","floor":10.0,"key":"SMITH"},{"data":"Feed","floor":15.0,"key":"SMITH"},{"data":"Impervious","floor":24,"key":"SMITH"}],"circlet_count":0,"master_deck":["Strike_R","Strike_R","Strike_R+1","Strike_R","Defend_R","Defend_R+1","Defend_R+1","Defend_R","Bash","Shame","Clothesline+1","Flame Barrier","Immolate+1","Bash","Armaments+1","Cleave","Feed+1","Impervious+1","Uppercut+1","Entrench+1"],"relics":["Burning Blood","Mango","War Paint","Orichalcum","Black Star","Torii","Pear","Bronze Scales"],"acts_visited":["Exordium","TheCity"],"potions_floor_usage":[23,23,25],"damage_taken":[{"damage":9.0,"enemies":"2 Louse","floor":1.0,"turns":3.0},{"damage":10.0,"enemies":"Small Slimes","floor":2.0,"turns":3.0},{"damage":6.0,"enemies":"3 Sentries","floor":7.0,"turns":5.0},{"damage":1.0,"enemies":"Cultist","floor":8.0,"turns":3.0},{"damage":4.0,"enemies":"Exordium Wildlife","floor":11.0,"turns":2.0},{"damage":12.0,"enemies":"Large Slime","floor":12.0,"turns":3.0},{"damage":2.0,"enemies":"Red Slaver","floor":14.0,"turns":2.0},{"damage":44.0,"enemies":"Slime Boss","floor":16.0,"turns":11.0},{"damage":0.0,"enemies":"3 Byrds","floor":18.0,"turns":4.0},{"damage":15.0,"enemies":"Spheric Guardian","floor":22.0,"turns":7.0},{"damage":38,"enemies":"Slavers","floor":23,"turns":6},{"damage":62,"enemies":"Gremlin Leader","floor":25,"turns":8}],"seed_played":"6894403360817701873","potions_obtained":[{"floor":2.0,"key":"EntropicBrew"},{"floor":8.0,"key":"Energy Potion"},{"floor":16.0,"key":"EssenceOfSteel"},{"floor":23,"key":"Block Potion"}],"is_trial":false,"path_per_floor":["M","M","?","?","?","R","E","M","T","R","M","M","?","M","R","B",null,"M","$","?","?","M","E","R","E"],"character_chosen":"IRONCLAD","items_purchased":["Torii"],"campfire_rested":0,"item_purchase_floors":[19],"current_hp_per_floor":[83,79,60,60,60,60,60,65,65,65,67,61,61,68,68,30,80,86,86,86,77,68,50,50,0,0],"gold":52,"neow_bonus":"ONE_RARE_RELIC","is_daily":false,"chose_seed":false,"campfire_upgraded":4,"win_rate":0.0,"timestamp":1613192482,"path_taken":["M","M","?","?","?","R","E","M","T","R","?","M","?","M","R","BOSS","M","$","?","?","M","E","R","E"],"items_purchased_type":["Relic"],"build_version":"2020-12-22","purchased_purges":0,"victory":false,"max_hp_per_floor":[94,94,94,94,94,94,94,94,94,94,94,94,94,97,97,97,97,97,97,97,97,97,111,111,111,111],"card_choices":[{"not_picked":["Searing Blow","Seeing Red"],"picked":"Clothesline","floor":1.0},{"not_picked":["Pommel Strike","Heavy Blade"],"picked":"Flame Barrier","floor":2.0},{"not_picked":["Blood for Blood","Burning Pact"],"picked":"Armaments","floor":7.0},{"not_picked":["Clothesline","Body Slam"],"picked":"Cleave","floor":8.0},{"not_picked":["Dual Wield","Iron Wave"],"picked":"Feed","floor":11.0},{"not_picked":["Rage","Sword Boomerang","Hemokinesis"],"picked":"SKIP","floor":12.0},{"not_picked":["Headbutt","Armaments","True Grit"],"picked":"SKIP","floor":14.0},{"not_picked":["Feed","Barricade"],"picked":"Impervious","floor":16.0},{"not_picked":["Warcry","Wild Strike","Metallicize"],"picked":"SKIP","floor":18.0},{"not_picked":["Rampage","True Grit+1"],"picked":"Uppercut+1","floor":22.0},{"not_picked":["Thunderclap","Body Slam+1"],"picked":"Entrench+1","floor":23}],"player_experience":441021,"relics_obtained":[{"floor":7.0,"key":"War Paint"},{"floor":9.0,"key":"Orichalcum"},{"floor":23,"key":"Pear"},{"floor":23,"key":"Bronze Scales"}],"event_choices":[{"damage_healed":0.0,"max_hp_gain":0.0,"max_hp_loss":0.0,"gold_gain":0.0,"event_name":"Shining Light","player_choice":"Entered Light","floor":3.0,"gold_loss":0.0,"damage_taken":19.0,"cards_upgraded":["Strike_R","Defend_R"]},{"damage_healed":0.0,"max_hp_gain":0.0,"max_hp_loss":0.0,"gold_gain":0.0,"event_name":"Liars Game","player_choice":"Ignored","floor":4.0,"gold_loss":0.0,"damage_taken":0.0},{"damage_healed":0.0,"max_hp_gain":0.0,"max_hp_loss":0.0,"gold_gain":0.0,"event_name":"Match and Keep!","player_choice":"2 cards matched","floor":5.0,"gold_loss":0.0,"damage_taken":0.0,"cards_obtained":["Immolate","Bash"]},{"cards_removed":["Strike_R"],"damage_healed":0.0,"max_hp_gain":0.0,"max_hp_loss":0.0,"gold_gain":0.0,"event_name":"The Cleric","player_choice":"Card Removal","floor":13.0,"gold_loss":50.0,"damage_taken":0.0},{"damage_healed":0.0,"max_hp_gain":0.0,"max_hp_loss":0.0,"gold_gain":0.0,"event_name":"Vampires","player_choice":"Ignored","floor":20.0,"gold_loss":0.0,"damage_taken":0.0},{"damage_healed":0.0,"max_hp_gain":0.0,"max_hp_loss":0.0,"gold_gain":0.0,"event_name":"Wheel of Change","player_choice":"Damaged","floor":21.0,"gold_loss":0.0,"damage_taken":9.0}],"is_beta":false,"boss_relics":[{"not_picked":["Busted Crown","Philosopher\u0027s Stone"],"picked":"Black Star"}],"items_purged_floors":[],"is_endless":false,"potions_floor_spawned":[2,8,11,16,23],"killed_by":"Gremlin Leader","ascension_level":6}}