{"host":"eeeqmyc7a1933jos","time":1613217533,"event":{"mods":["2.2 Compatiblity","Act Like it!","BaseMod","CapriCore","Colored Powertips","Conspire","Downfall","Elementarium","Friendly Minions","Gensokyo","GifTheSpireLib","Gremlin Mod","Hallownest","Hermit","Hubris","Infinite Spire","Jorbs\u0027s Wanderer Trilogy","Marisa????????","Mimic Mod","Minty Spire (QoL Compilation)","Pale of the Ancients","Random Character Button","Random Character Mod","Rare Cards Sparkle","Reimu??????","Relic Sorter","Relic Stats","SIMod","StSLib","The Administrix","The Bug Knight","The Disciple","The Dragon Tamer","The Hierophant","The Immortal","The Marked","The Mystic","The Runesmith","The Senshi","The Servant 0.9.4","The Vixen","TheFirefly","Wandering Minibosses"],"gold_per_floor":[99,113,127,139,239,239,239,265,265,103,121,139,152,165,179,179,179,179],"floor_reached":16,"language":"ENG","playtime":1053,"items_purged":["bronze:Defend"],"score":106,"play_id":"038f14a5-d4a6-44a5-87d3-d603dde355f4","local_time":"20210213125853","is_ascension_mode":false,"campfire_choices":[{"data":"bronze:CleanCode","floor":1,"key":"SMITH"},{"floor":6,"key":"REST"},{"data":"bronze:Goto","floor":9,"key":"SMITH"}],"circlet_count":0,"master_deck":["bronze:Strike","bronze:Strike","bronze:Strike","bronze:Strike","bronze:Defend","bronze:Defend","bronze:Defend","bronze:Replicate","bronze:Goto","bronze:CleanCode+1","bronze:Branch","bronze:Invalidate","bronze:Goto+1","bronze:Shield","bronze:ForceShield","bronze:HardenedForm","Purity","bronze:GetLatest","bronze:Branch","bronze:ForceShield","bronze:DarkDash","bronze:GetLatest","bronze:Philosophize","bronze:AlphaBuild","bronze:Repair"],"relics":["bronze:BronzeCore","downfall:GremlinSack","bronze:ProtectiveGoggles","hubris:MedicalManual"],"acts_visited":["Exordium"],"potions_floor_usage":[15,16],"damage_taken":[{"damage":0,"enemies":"Small Slimes","floor":2,"turns":3},{"damage":1,"enemies":"Cultist","floor":3,"turns":4},{"damage":0,"enemies":"2 Louse","floor":4,"turns":3},{"damage":45,"enemies":"2 Louse","floor":5,"turns":7},{"damage":19,"enemies":"3 Sentries","floor":8,"turns":8},{"damage":0,"enemies":"downfall:FleeingMerchant","floor":10,"turns":4},{"damage":0,"enemies":"2 Fungi Beasts","floor":11,"turns":3},{"damage":0,"enemies":"Red Slaver","floor":12,"turns":2},{"damage":11,"enemies":"Exordium Wildlife","floor":13,"turns":3},{"damage":3,"enemies":"2 Fungi Beasts","floor":14,"turns":4},{"damage":1,"enemies":"Gremlin Gang","floor":15,"turns":7},{"damage":35,"enemies":"WA_ARCHETYPE_RETAIN","floor":16,"turns":7}],"seed_played":"-7029835736400201304","potions_obtained":[{"floor":2,"key":"Energy Potion"},{"floor":3,"key":"Dexterity Potion"},{"floor":8,"key":"SteroidPotion"},{"floor":15,"key":"hexamod:SoulburnPotion"}],"is_trial":false,"path_per_floor":["R","M","M","M","?","R","T","E","R","$","M","M","M","M","M","B"],"character_chosen":"THE_AUTOMATON","items_purchased":["bronze:DarkDash"],"campfire_rested":1,"item_purchase_floors":[10],"current_hp_per_floor":[70,70,69,69,24,45,45,26,26,26,26,26,15,12,18,0,0,0],"gold":179,"neow_bonus":"ONE_RANDOM_RARE_CARD","is_daily":false,"chose_seed":false,"campfire_upgraded":2,"win_rate":0.0,"timestamp":1613217533,"path_taken":["R","M","M","M","?","R","T","E","R","$","M","M","M","?","M","BOSS"],"items_purchased_type":["Card"],"build_version":"2020-12-22","purchased_purges":1,"victory":false,"max_hp_per_floor":[70,70,70,70,70,70,70,70,70,70,70,70,70,70,70,70,70,70],"relic_stats":{"counters":[12,55],"obtain_stats":[{"bronze:BronzeCore":0,"downfall:GremlinSack":5,"bronze:ProtectiveGoggles":7,"hubris:MedicalManual":8},{"bronze:BronzeCore":0,"downfall:GremlinSack":4,"bronze:ProtectiveGoggles":4,"hubris:MedicalManual":5},{"bronze:BronzeCore":0,"downfall:GremlinSack":17,"bronze:ProtectiveGoggles":17,"hubris:MedicalManual":25}]},"card_choices":[{"not_picked":["bronze:MaxOutput","bronze:Allocate"],"picked":"bronze:Branch","floor":2},{"not_picked":["bronze:Turbo","bronze:BugBarrage","bronze:Shield"],"picked":"SKIP","floor":3},{"not_picked":["bronze:Overload","bronze:CutThrough"],"picked":"bronze:Invalidate","floor":4},{"not_picked":["bronze:Branch","bronze:DigitalCarnage"],"picked":"bronze:GetLatest","floor":5},{"not_picked":["bronze:Repair","bronze:HyperBeam"],"picked":"bronze:Branch","floor":8},{"not_picked":["bronze:CutThrough","bronze:DelayedSlice"],"picked":"bronze:ForceShield","floor":10},{"not_picked":["bronze:Deprecate","bronze:ChildClass"],"picked":"bronze:GetLatest","floor":11},{"not_picked":["bronze:Branch","bronze:Fortify"],"picked":"bronze:Philosophize","floor":12},{"not_picked":["bronze:DelayedSlice","bronze:Turbo"],"picked":"bronze:AlphaBuild","floor":13},{"not_picked":["bronze:Deprecate","bronze:ClassDefault"],"picked":"bronze:Repair","floor":14},{"not_picked":["bronze:Turbo","bronze:Deprecate","bronze:ThunderWave"],"picked":"SKIP","floor":15}],"player_experience":1651727,"relics_obtained":[{"floor":5,"key":"downfall:GremlinSack"},{"floor":7,"key":"bronze:ProtectiveGoggles"},{"floor":8,"key":"hubris:MedicalManual"}],"event_choices":[],"is_beta":false,"boss_relics":[],"items_purged_floors":[10],"is_endless":false,"potions_floor_spawned":[2,3,8,13,14,15],"killed_by":"WA_ARCHETYPE_RETAIN","ascension_level":0}}