{"host":"8e35oykb3je6g7ng","time":1613187844,"event":{"mods":["Act Like it!","Ascension Unlocker","BaseMod","Better Altar","Better Match","Better Note","Better Sensory Stone","Better Third Choice","BetterRewards","Block Reminder","Card Forge","Clockwork Mod","Colored Map","Curses Come First","Dota2Spire","GifTheSpireLib","Jedi Mod","Minty Spire (QoL Compilation)","Permanent Neow","Quick Restart","StSLib","Stuff the Spire","The Blue Laboratory","The Forsaken","UnlockEverythingMod"],"gold_per_floor":[109,122,139,155,175,175,150,150,150],"floor_reached":8,"language":"ENG","playtime":860,"items_purged":[],"score":88,"play_id":"044c21d7-a7bf-433b-80b5-407c58680ea4","local_time":"20210212224404","is_ascension_mode":true,"campfire_choices":[{"data":"Defragment","floor":6.0,"key":"SMITH"}],"circlet_count":0,"master_deck":["AscendersBane","Strike_B","Strike_B","Strike_B","Strike_B","Defend_B","Defend_B","Defend_B","Defend_B","Zap","Dualcast","Impatience","Coolheaded","StuffTheSpire:SnapShoot","Defragment+1","Reinforced Body","Doom and Gloom","jedi:spotbugs"],"relics":["Cracked Core","Hammer of Thor","Seething Fire","Anvil of the Gods"],"acts_visited":["Exordium"],"potions_floor_usage":[],"damage_taken":[{"damage":0.0,"enemies":"Cultist","floor":1.0,"turns":4.0},{"damage":7.0,"enemies":"Jaw Worm","floor":2.0,"turns":3.0},{"damage":0.0,"enemies":"2 Louse","floor":3.0,"turns":2.0},{"damage":7.0,"enemies":"Looter","floor":4.0,"turns":3.0},{"damage":0.0,"enemies":"Blue Slaver","floor":5.0,"turns":7.0},{"damage":28.0,"enemies":"Exordium Thugs","floor":7.0,"turns":5.0},{"damage":22,"enemies":"3 Sentries","floor":8,"turns":4}],"seed_played":"8849712385214966210","potions_obtained":[{"floor":1.0,"key":"blueLaboratory:ForbiddenFruitJuice"},{"floor":3.0,"key":"PotionOfCapacity"}],"is_trial":false,"path_per_floor":["M","M","M","M","M","R","M","E"],"character_chosen":"DEFECT","items_purchased":[],"campfire_rested":0,"item_purchase_floors":[],"current_hp_per_floor":[64,57,57,50,50,50,22,0,0],"gold":150,"neow_bonus":"RANDOM_COLORLESS","is_daily":false,"chose_seed":false,"campfire_upgraded":1,"win_rate":0.0,"timestamp":1613187844,"path_taken":["M","M","M","M","M","R","M","E"],"items_purchased_type":[],"build_version":"2020-12-22","purchased_purges":0,"victory":false,"max_hp_per_floor":[71,71,71,71,71,71,71,71,71],"card_choices":[{"not_picked":["Purity","Swift Strike"],"picked":"Impatience","floor":0.0},{"not_picked":["Gash","Sweeping Beam"],"picked":"Coolheaded","floor":1.0},{"not_picked":["Beam Cell","Gash"],"picked":"StuffTheSpire:SnapShoot","floor":2.0},{"not_picked":["Steam","StuffTheSpire:SnapShoot"],"picked":"Defragment","floor":3.0},{"not_picked":["Cold Snap","Sweeping Beam"],"picked":"Reinforced Body","floor":4.0},{"not_picked":["StuffTheSpire:CleanHardDrive","Go for the Eyes"],"picked":"Doom and Gloom","floor":5.0},{"not_picked":["Beam Cell","jedi:BurstLightning"],"picked":"jedi:spotbugs","floor":7}],"player_experience":535495,"relics_obtained":[],"event_choices":[],"is_beta":false,"boss_relics":[],"items_purged_floors":[],"is_endless":false,"potions_floor_spawned":[1,3],"killed_by":"3 Sentries","ascension_level":14}}