{"host":"w7pthw6r6331n954","time":1613253649,"event":{"mods":["AchievementEnabler","Act Like it!","BaseMod","BetterRewards","Colored Map","Colored Powertips","Custom Start","Downfall","Hallownest","Hermit","Jorbs\u0027s Wanderer Trilogy","Minty Spire (QoL Compilation)","Replay The Spire","Shop Mod","StSLib","SuperFastMode"],"gold_per_floor":[118,172,188,188,202,231,249,249,249,313,313,334,17,38,38,38,38],"floor_reached":16,"language":"ENG","playtime":1326,"items_purged":[],"score":127,"play_id":"d11adfbc-54db-4f50-8a92-80e53be3e6b1","local_time":"20210213170049","is_ascension_mode":false,"campfire_choices":[{"floor":8,"key":"RECALL"},{"floor":15,"key":"REST"}],"circlet_count":0,"master_deck":["hermit:Strike_Hermit","hermit:Strike_Hermit","hermit:Strike_Hermit","hermit:Strike_Hermit","hermit:Defend_Hermit","hermit:Defend_Hermit","hermit:Defend_Hermit","hermit:Defend_Hermit","hermit:Snapshot","hermit:Covet","champ:Strike","hermit:Snipe","ReplayTheSpireMod:Splinters","hermit:Glare","hermit:SprayPray","hermit:Snipe","hermit:Malice","hermit:Coalescence","hermit:ShadowCloak","hermit:PistolWhip","hermit:NoHoldsBarred+1","hermit:TakeAim","hermit:Deadeye","hermit:ShadowCloak"],"relics":["hermit:Momento","Counterbalance","FaceOfCleric","Replay:Bottled Flurry","CeramicFish","MerchantsRug"],"acts_visited":["Exordium"],"potions_floor_usage":[5,6,7,14,16],"damage_taken":[{"damage":7,"enemies":"Jaw Worm","floor":1,"turns":4},{"damage":0,"enemies":"Cultist","floor":3,"turns":3},{"damage":2,"enemies":"Small Slimes","floor":5,"turns":2},{"damage":0,"enemies":"Gremlin Nob","floor":6,"turns":4},{"damage":1,"enemies":"Blue Slaver","floor":7,"turns":3},{"damage":43,"enemies":"Lagavulin Event","floor":10,"turns":6},{"damage":3,"enemies":"Red Slaver","floor":12,"turns":3},{"damage":5,"enemies":"3 Louse","floor":14,"turns":2},{"damage":49,"enemies":"Slime Boss","floor":16,"turns":9}],"seed_played":"3132493323755807462","potions_obtained":[{"floor":1,"key":"Fire Potion"},{"floor":2,"key":"Swift Potion"},{"floor":2,"key":"PowerPotion"},{"floor":2,"key":"Dexterity Potion"},{"floor":5,"key":"hermit:Tonic"},{"floor":10,"key":"Fire Potion"},{"floor":12,"key":"ColorlessPotion"}],"is_trial":false,"path_per_floor":["M","?","M","?","M","E","M","R","T","?","?","M","$","M","R","B"],"character_chosen":"HERMIT","items_purchased":["MerchantsRug","hermit:NoHoldsBarred+1","hermit:TakeAim","hermit:Deadeye"],"campfire_rested":1,"item_purchase_floors":[13,13,13,13],"current_hp_per_floor":[68,68,68,68,67,68,68,68,68,26,26,24,24,20,44,0,0],"gold":38,"neow_bonus":"ONE_RARE_RELIC","is_daily":false,"chose_seed":false,"campfire_upgraded":0,"win_rate":0.0,"timestamp":1613253649,"path_taken":["M","?","M","?","M","E","?","R","T","?","?","M","?","M","R","BOSS"],"items_purchased_type":["Relic","Card","Card","Card"],"build_version":"2020-12-22","purchased_purges":0,"victory":false,"max_hp_per_floor":[75,75,75,75,76,77,78,78,78,79,79,80,80,81,81,81,81],"card_choices":[{"not_picked":["hermit:Spite","hermit:CursedWeapon"],"picked":"hermit:Snipe","floor":1},{"not_picked":["hermit:HoleUp","hermit:HighCaliber"],"picked":"hermit:Glare","floor":2},{"not_picked":["hermit:Midnight","hermit:Spite"],"picked":"hermit:SprayPray","floor":3},{"not_picked":["hermit:LowProfile","hermit:LuckOfTheDraw"],"picked":"hermit:Snipe","floor":5},{"not_picked":["hermit:HighNoon","hermit:Showdown"],"picked":"hermit:Malice","floor":6},{"not_picked":["hermit:Maintenance","hermit:CalledShot"],"picked":"hermit:Coalescence","floor":7},{"not_picked":["hermit:NoHoldsBarred","hermit:Spite"],"picked":"hermit:ShadowCloak","floor":10},{"not_picked":["hermit:Malice","hermit:WideOpen"],"picked":"hermit:PistolWhip","floor":12},{"not_picked":["hermit:LowProfile","hermit:FullyLoaded"],"picked":"hermit:ShadowCloak","floor":14}],"player_experience":1232598,"relics_obtained":[{"floor":6,"key":"Replay:Bottled Flurry"},{"floor":10,"key":"CeramicFish"}],"event_choices":[{"damage_healed":0,"gold_gain":0,"player_choice":"Trade","damage_taken":0,"relics_obtained":["FaceOfCleric"],"max_hp_gain":0,"max_hp_loss":0,"event_name":"FaceTrader","floor":4,"gold_loss":0},{"damage_healed":0,"gold_gain":0,"player_choice":"Searched \u00271\u0027 times","damage_taken":0,"max_hp_gain":0,"max_hp_loss":0,"event_name":"Dead Adventurer","floor":10,"gold_loss":0},{"damage_healed":0,"gold_gain":0,"player_choice":"Ignored","damage_taken":0,"max_hp_gain":0,"max_hp_loss":0,"event_name":"Shining Light","floor":11,"gold_loss":0}],"is_beta":false,"boss_relics":[],"items_purged_floors":[],"is_endless":false,"potions_floor_spawned":[1,5,10,12],"killed_by":"Slime Boss","ascension_level":0}}