{"host":"xo0glkmxta74xh34","time":1613251111,"event":{"mods":["BaseMod","Downfall","Minty Spire (QoL Compilation)","Reliquary","Replay The Spire","StSLib"],"gold_per_floor":[0,14,14,70,55,55,55,55,75,109,109,109,209,221,233,332,332,332,343,353,363,363,363,363,463,124,124,109,109,125,247,259,357,357,357,369,21,21,71,87,87,106,120,120,150,2,2,2,17,17],"floor_reached":51,"language":"ENG","playtime":3579,"items_purged":["sneckomod:Strike"],"score":782,"play_id":"eea4ff12-83ab-4865-bef2-c36af045967d","local_time":"20210213151831","is_ascension_mode":true,"campfire_choices":[{"data":"1","floor":1.0,"key":"LIFT"},{"floor":6.0,"key":"REST"},{"floor":8.0,"key":"REST"},{"data":"2","floor":12.0,"key":"LIFT"},{"data":"3","floor":18.0,"key":"LIFT"},{"floor":23.0,"key":"REST"},{"data":"sneckomod:MorePower","floor":29.0,"key":"SMITH"},{"data":"sneckomod:UnknownRarePower","floor":35.0,"key":"SMITH"},{"floor":44,"key":"REST"},{"floor":47,"key":"REST"}],"circlet_count":0,"master_deck":["sneckomod:Defend","sneckomod:Defend","sneckomod:Defend+1","sneckomod:TailWhip","sneckomod:SnekBite","sneckomod:Unknown","sneckomod:Unknown","sneckomod:Nope","sneckomod:WideSting+1","sneckomod:UnknownBoss+1","sneckomod:SlitherStrike","sneckomod:UnknownStrength","sneckomod:ImprovisedGuard","sneckomod:Unknown3Cost","sneckomod:Memorize","sneckomod:UnknownRarePower+1","sneckomod:UnknownClassRED","sneckomod:UnknownClassRED","sneckomod:UnknownClassRED+1","sneckomod:UnknownClassRED","sneckomod:UnknownClassRED","Hemogenesis+1","sneckomod:MorePower+1","sneckomod:CheapStock","sneckomod:UnknownRareSkill+1","Feed","Eclipse","Immolate+1","sneckomod:TrashToTreasure","sneckomod:Transmogrify","Juggernaut","Barricade","Feel No Pain","Juggernaut"],"relics":["sneckomod:SneckoSoul","downfall:ShatteredFragment","Replay:Towering Pillar of Hats","Replay:Bottled Eggs","sneckomod:SneckoBoss","Shuriken","StoneCalendar","Blue Doll","Cursed Key","sneckomod:ConfusingCodex","reliquary:Buckler","Girya","FossilizedHelix","Membership Card","War Paint","reliquary:PorcupineQuills","reliquary:Firecrackers"],"acts_visited":["Exordium","TheCity","TheBeyond"],"potions_floor_usage":[42,43,50,50,50],"damage_taken":[{"damage":3.0,"enemies":"2 Louse","floor":2.0,"turns":3.0},{"damage":0.0,"enemies":"downfall:FleeingMerchant","floor":5.0,"turns":4.0},{"damage":7.0,"enemies":"Small Slimes","floor":9.0,"turns":2.0},{"damage":5.0,"enemies":"Replay:BlueRogue","floor":10.0,"turns":5.0},{"damage":21.0,"enemies":"downfall:Heads","floor":13.0,"turns":4.0},{"damage":1.0,"enemies":"Jaw Worm","floor":14.0,"turns":2.0},{"damage":0.0,"enemies":"Exordium Wildlife","floor":15.0,"turns":2.0},{"damage":0.0,"enemies":"WA_ARCHETYPE_RETAIN","floor":16.0,"turns":6.0},{"damage":26.0,"enemies":"Shell Parasite","floor":19.0,"turns":5.0},{"damage":1.0,"enemies":"Chosen","floor":20.0,"turns":4.0},{"damage":28.0,"enemies":"Centurion and Healer","floor":21.0,"turns":5.0},{"damage":0.0,"enemies":"downfall:FleeingMerchant","floor":26.0,"turns":4.0},{"damage":18.0,"enemies":"downfall:FleeingMerchant","floor":28.0,"turns":4.0},{"damage":24.0,"enemies":"Shelled Parasite and Fungi","floor":30.0,"turns":5.0},{"damage":0.0,"enemies":"downfall:FleeingMerchant","floor":31.0,"turns":2.0},{"damage":24.0,"enemies":"3 Cultists","floor":32.0,"turns":4.0},{"damage":26.0,"enemies":"SI_MIRROR_ARCHETYPE","floor":33.0,"turns":6.0},{"damage":21.0,"enemies":"3 Shapes","floor":36.0,"turns":4.0},{"damage":14.0,"enemies":"3 Shapes","floor":39.0,"turns":4.0},{"damage":0.0,"enemies":"3 Darklings","floor":40.0,"turns":2.0},{"damage":2,"enemies":"Spire Growth","floor":42,"turns":4},{"damage":22,"enemies":"Sphere and 2 Shapes","floor":43,"turns":5},{"damage":8,"enemies":"Nemesis","floor":45,"turns":7},{"damage":20,"enemies":"Maw","floor":49,"turns":7},{"damage":41,"enemies":"IC_BLOCK_ARCHETYPE","floor":50,"turns":10}],"seed_played":"-6840234933989284553","potions_obtained":[{"floor":4.0,"key":"bronze:BurnAndBuffPotion"},{"floor":9.0,"key":"Swift Potion"},{"floor":10.0,"key":"Explosive Potion"},{"floor":15.0,"key":"ColorlessPotion"},{"floor":16.0,"key":"FearPotion"},{"floor":19.0,"key":"Languid Potion"},{"floor":20.0,"key":"Fire Potion"},{"floor":30.0,"key":"Explosive Potion"},{"floor":32.0,"key":"SpeedPotion"},{"floor":39.0,"key":"Adrenaline Potion"},{"floor":40.0,"key":"DistilledChaos"},{"floor":43,"key":"AttackPotion"},{"floor":49,"key":"Dexterity Potion"}],"is_trial":false,"path_per_floor":["R","M","?","?","$","R","T","R","M","E","?","R","?","M","M","B",null,"R","M","M","M","?","R","T","?","$","?","$","R","M","$","M","B",null,"R","M","?","?","?","M","T","M","M","R","E","$","R","?","M","B",null],"character_chosen":"THE_SNECKO","items_purchased":["sneckomod:CheapStock","StoneCalendar","Blue Doll","Membership Card","sneckomod:ConfusingCodex","reliquary:Buckler","reliquary:PorcupineQuills","LifebloodPotion","sneckomod:SnakeSap"],"campfire_rested":5,"item_purchase_floors":[26,26,31,37,37,37,46,46,46],"current_hp_per_floor":[90,87,66,30,30,57,57,84,77,72,90,90,69,68,68,68,90,90,64,63,40,40,67,67,67,67,90,72,72,53,53,40,19,96,96,80,80,80,73,73,73,83,61,91,83,83,100,100,84,43],"gold":17,"neow_bonus":"ONE_RARE_RELIC","is_daily":false,"chose_seed":false,"campfire_upgraded":2,"win_rate":0.0,"timestamp":1613251111,"path_taken":["R","M","?","?","$","R","T","R","M","E","?","R","?","M","M","BOSS","R","M","M","M","?","R","T","?","$","?","$","R","M","$","M","BOSS","R","M","?","?","?","M","T","M","M","R","E","$","R","?","M","BOSS"],"items_purchased_type":["Card","Relic","Relic","Relic","Relic","Relic","Relic","Potion","Card"],"build_version":"2020-12-22","purchased_purges":1,"victory":true,"max_hp_per_floor":[90,90,90,90,90,90,90,90,90,90,90,90,90,90,90,90,90,90,90,90,90,90,90,90,90,90,90,90,90,90,90,96,96,96,96,96,96,96,96,96,96,100,100,100,100,100,100,100,100,100],"card_choices":[{"not_picked":["sneckomod:SoulRoll","sneckomod:Rotation"],"picked":"sneckomod:Nope","floor":2.0},{"not_picked":["sneckomod:QuickBite","sneckomod:UnknownDexterity"],"picked":"sneckomod:WideSting","floor":4.0},{"not_picked":["sneckomod:IronFang","sneckomod:UnknownBlock","sneckomod:UnknownUncommonAttack"],"picked":"SKIP","floor":5.0},{"not_picked":["sneckomod:UnknownCommonSkill","sneckomod:SnakeSap"],"picked":"sneckomod:UnknownBoss","floor":9.0},{"not_picked":["sneckomod:UnknownColorless","sneckomod:UnknownCommonSkill"],"picked":"sneckomod:SlitherStrike","floor":10.0},{"not_picked":["sneckomod:QuickBite","sneckomod:QuickMove"],"picked":"sneckomod:UnknownStrength","floor":13.0},{"not_picked":["sneckomod:UnknownX","sneckomod:UnknownVulnerable"],"picked":"sneckomod:Unknown3Cost","floor":14.0},{"not_picked":["sneckomod:QuickMove","sneckomod:Unknown1Cost"],"picked":"sneckomod:Memorize","floor":15.0},{"not_picked":["sneckomod:Unknown3Cost","sneckomod:UnknownRareAttack"],"picked":"sneckomod:UnknownRarePower","floor":16.0},{"not_picked":["sneckomod:SoulRoll+1","sneckomod:QuickMove","sneckomod:UnknownCommonAttack"],"picked":"SKIP","floor":19.0},{"not_picked":["Replay:Undeath\u0027s Touch","Intimidate"],"picked":"Hemogenesis","floor":20.0},{"not_picked":["sneckomod:Restock","sneckomod:SoulRoll","sneckomod:UnknownClassGREEN+1"],"picked":"SKIP","floor":20.0},{"not_picked":["sneckomod:UnknownClassSLIMEBOUND","sneckomod:DiceCrush","sneckomod:RainOfDice"],"picked":"SKIP","floor":21.0},{"not_picked":["sneckomod:QuickBite","sneckomod:UnknownColorless"],"picked":"sneckomod:MorePower","floor":26.0},{"not_picked":["sneckomod:UnknownCommonAttack+1","sneckomod:UnknownStrike+1"],"picked":"sneckomod:UnknownRareSkill+1","floor":28.0},{"not_picked":["sneckomod:UnknownClassGREEN+1","sneckomod:DiceBlock","sneckomod:UnknownBlock"],"picked":"SKIP","floor":28.0},{"not_picked":["Cleave","Dropkick"],"picked":"Feed","floor":30.0},{"not_picked":["sneckomod:QuickMove","sneckomod:UnknownClassSLIMEBOUND","sneckomod:UnknownBlock"],"picked":"SKIP","floor":30.0},{"not_picked":["Flame Barrier","Sentinel"],"picked":"Eclipse","floor":31.0},{"not_picked":["sneckomod:SoulRoll+1","sneckomod:CheapStock+1","sneckomod:UnknownUncommonSkill"],"picked":"SKIP","floor":31.0},{"not_picked":["Strike_R","Second Wind"],"picked":"Immolate","floor":32.0},{"not_picked":["sneckomod:UnknownClassRED+1","sneckomod:UnknownColorless"],"picked":"sneckomod:TrashToTreasure","floor":32.0},{"not_picked":["sneckomod:Unknown3Cost","sneckomod:GlitteringGambit"],"picked":"sneckomod:Transmogrify","floor":33.0},{"not_picked":["Dropkick","Clothesline"],"picked":"Juggernaut","floor":36.0},{"not_picked":["sneckomod:Nope","sneckomod:WideSting","sneckomod:QuickBite"],"picked":"SKIP","floor":36.0},{"not_picked":["m_Bronzebash","Fiend Fire"],"picked":"Barricade","floor":39.0},{"not_picked":["sneckomod:Unknown1Cost","sneckomod:SerpentIdol+1","sneckomod:SnekBeam+1"],"picked":"SKIP","floor":40.0},{"not_picked":["sneckomod:UnknownWeak+1","sneckomod:Memorize+1","sneckomod:DiceBoulder+1"],"picked":"SKIP","floor":42},{"not_picked":["Headbutt","Defend_R"],"picked":"Feel No Pain","floor":43},{"not_picked":["sneckomod:ImprovisedGuard+1","sneckomod:SerpentIdol","sneckomod:UnknownCommonAttack+1"],"picked":"SKIP","floor":43},{"not_picked":["sneckomod:UnknownClassRED+1","sneckomod:UnknownStrike","sneckomod:IronFang"],"picked":"SKIP","floor":45},{"not_picked":["Evolve","Shockwave"],"picked":"Juggernaut","floor":49},{"not_picked":["sneckomod:DiceBlock","sneckomod:UnknownUncommonPower","sneckomod:RainOfDice+1"],"picked":"SKIP","floor":49}],"player_experience":466503,"relics_obtained":[{"floor":4.0,"key":"reliquary:Firecrackers"},{"floor":7.0,"key":"Replay:Towering Pillar of Hats"},{"floor":10.0,"key":"Replay:Bottled Eggs"},{"floor":24.0,"key":"Shuriken"},{"floor":36.0,"key":"reliquary:Firecrackers"},{"floor":39.0,"key":"FossilizedHelix"},{"floor":42,"key":"Girya"},{"floor":43,"key":"FossilizedHelix"},{"floor":45,"key":"Membership Card"},{"floor":45,"key":"War Paint"},{"floor":49,"key":"reliquary:Firecrackers"}],"event_choices":[{"damage_healed":30.0,"max_hp_gain":0.0,"max_hp_loss":0.0,"gold_gain":0.0,"event_name":"Big Fish","player_choice":"Banana","floor":11.0,"gold_loss":0.0,"damage_taken":0.0},{"damage_healed":0.0,"max_hp_gain":0.0,"max_hp_loss":0.0,"gold_gain":0.0,"event_name":"Vampires","player_choice":"Ignored","floor":22.0,"gold_loss":0.0,"damage_taken":0.0},{"damage_healed":30.0,"max_hp_gain":0.0,"max_hp_loss":0.0,"gold_gain":0.0,"event_name":"The Library","player_choice":"Heal","floor":27.0,"gold_loss":0.0,"damage_taken":0.0},{"cards_removed":["sneckomod:SnakeSap"],"damage_healed":0,"gold_gain":0,"player_choice":"Removed Attack","damage_taken":0,"max_hp_gain":0,"max_hp_loss":0,"event_name":"Falling","floor":48,"gold_loss":0}],"is_beta":false,"boss_relics":[{"not_picked":["Honey Jar","Empty Cage"],"picked":"sneckomod:SneckoBoss"},{"not_picked":["SacredBark","Velvet Choker"],"picked":"Cursed Key"}],"items_purged_floors":[31],"is_endless":false,"potions_floor_spawned":[9,10,15,16,19,20,30,32,39,40,43,49],"ascension_level":1}}