{"host":"26mrfot5w7uj2ebc","time":1613222360,"event":{"mods":["AchievementEnabler","BaseMod","Colored Map","Curses Come First","Minty Spire (QoL Compilation)","StSLib"],"gold_per_floor":[116,126,126,76,76,101,101,0,0,0,19,30,30,48,48,147,147,162,177,177,189,114,114,114,114,140,140,140],"floor_reached":27,"language":"KOR","playtime":1251,"items_purged":[],"score":236,"play_id":"1ad72467-00a7-4fa1-a259-dbbc46bf6d50","local_time":"20210213221920","is_ascension_mode":false,"campfire_choices":[{"floor":7.0,"key":"REST"},{"data":"Poisoned Stab","floor":13.0,"key":"SMITH"},{"floor":15.0,"key":"REST"},{"floor":23.0,"key":"REST"},{"data":"Adrenaline","floor":25.0,"key":"SMITH"}],"circlet_count":0,"master_deck":["Strike_G","Strike_G","Defend_G","Defend_G","Defend_G","Survivor","Neutralize","Adrenaline+1","Distraction","Backflip","Poisoned Stab+1","Quick Slash","Bullet Time","Deadly Poison","Tools of the Trade","Prepared","Prepared","Ghostly","Ghostly","Ghostly","Ghostly","Ghostly"],"relics":["Peace Pipe","StoneCalendar","TungstenRod","WristBlade","Nloth\u0027s Gift","Boot"],"acts_visited":["Exordium","TheCity"],"potions_floor_usage":[],"damage_taken":[{"damage":5.0,"enemies":"Jaw Worm","floor":1.0,"turns":4.0},{"damage":0.0,"enemies":"Small Slimes","floor":2.0,"turns":5.0},{"damage":39.0,"enemies":"3 Sentries","floor":6.0,"turns":21.0},{"damage":0.0,"enemies":"2 Louse","floor":11.0,"turns":3.0},{"damage":0.0,"enemies":"Exordium Thugs","floor":12.0,"turns":3.0},{"damage":1.0,"enemies":"Lots of Slimes","floor":14.0,"turns":3.0},{"damage":14.0,"enemies":"The Guardian","floor":16.0,"turns":7.0},{"damage":0.0,"enemies":"Shell Parasite","floor":18.0,"turns":5.0},{"damage":18.0,"enemies":"Spheric Guardian","floor":19.0,"turns":6.0},{"damage":26.0,"enemies":"Chosen and Byrds","floor":21.0,"turns":7.0},{"damage":0,"enemies":"Cultist and Chosen","floor":27,"turns":2}],"seed_played":"3820565746297236616","potions_obtained":[{"floor":6.0,"key":"AttackPotion"},{"floor":11.0,"key":"SkillPotion"},{"floor":14.0,"key":"Explosive Potion"},{"floor":18.0,"key":"GamblersBrew"}],"is_trial":false,"path_per_floor":["M","M","?","?","?","E","R","$","T","?","M","M","R","M","R","B",null,"M","M","?","M","?","R","?","R","T","M"],"character_chosen":"THE_SILENT","items_purchased":["FairyPotion"],"campfire_rested":3,"item_purchase_floors":[8],"current_hp_per_floor":[65,65,65,65,53,14,35,35,35,35,35,35,35,34,55,41,70,70,52,52,26,26,47,35,35,35,35,35],"gold":140,"neow_bonus":"TRANSFORM_CARD","is_daily":false,"chose_seed":false,"campfire_upgraded":2,"win_rate":0.0,"timestamp":1613222360,"path_taken":["M","M","?","?","?","E","R","$","T","?","M","M","R","M","R","BOSS","M","M","?","?","?","R","?","R","T","M"],"items_purchased_type":["Potion"],"build_version":"2020-12-22","purchased_purges":0,"victory":false,"max_hp_per_floor":[70,70,70,70,70,70,70,70,70,70,70,70,70,70,70,70,70,70,70,70,70,70,70,35,35,35,35,35],"card_choices":[{"not_picked":["Outmaneuver","Dodge and Roll"],"picked":"Distraction","floor":1.0},{"not_picked":["Catalyst","Deflect"],"picked":"Backflip","floor":2.0},{"not_picked":["Reflex","Underhanded Strike"],"picked":"Poisoned Stab","floor":6.0},{"not_picked":["Slice","Cloak And Dagger","Reflex"],"picked":"SKIP","floor":11.0},{"not_picked":["Heel Hook","Accuracy"],"picked":"Bullet Time","floor":12.0},{"not_picked":["Backstab","Underhanded Strike"],"picked":"Deadly Poison","floor":14.0},{"not_picked":["Bullet Time","Storm of Steel"],"picked":"Tools of the Trade","floor":16.0},{"not_picked":["Poisoned Stab","Dodge and Roll+1"],"picked":"Prepared","floor":18.0},{"not_picked":["Heel Hook","Expertise"],"picked":"Prepared","floor":19.0},{"not_picked":["Acrobatics","Finisher","Dagger Throw+1"],"picked":"SKIP","floor":21.0}],"player_experience":235142,"relics_obtained":[{"floor":6.0,"key":"StoneCalendar"},{"floor":9.0,"key":"TungstenRod"},{"floor":26.0,"key":"Boot"}],"event_choices":[{"cards_removed":["Strike_G"],"damage_healed":0.0,"max_hp_gain":0.0,"max_hp_loss":0.0,"gold_gain":0.0,"event_name":"Living Wall","player_choice":"Forget","floor":3.0,"gold_loss":0.0,"damage_taken":0.0},{"cards_removed":["Strike_G"],"damage_healed":0.0,"max_hp_gain":0.0,"max_hp_loss":0.0,"gold_gain":0.0,"event_name":"The Cleric","player_choice":"Card Removal","floor":4.0,"gold_loss":50.0,"damage_taken":0.0},{"damage_healed":0.0,"max_hp_gain":0.0,"max_hp_loss":0.0,"gold_gain":0.0,"event_name":"Scrap Ooze","player_choice":"Success","floor":5.0,"gold_loss":0.0,"damage_taken":12.0,"relics_obtained":["Peace Pipe"]},{"damage_healed":0.0,"max_hp_gain":0.0,"max_hp_loss":0.0,"gold_gain":0.0,"cards_transformed":["Defend_G"],"event_name":"Transmorgrifier","player_choice":"Transformed","floor":10.0,"gold_loss":0.0,"damage_taken":0.0,"cards_obtained":["Quick Slash"]},{"damage_healed":0.0,"max_hp_gain":0.0,"max_hp_loss":0.0,"gold_gain":0.0,"event_name":"N\u0027loth","player_choice":"Traded Relic","floor":20.0,"relics_lost":["Ring of the Snake"],"gold_loss":0.0,"damage_taken":0.0,"relics_obtained":["Nloth\u0027s Gift"]},{"cards_removed":["Defend_G"],"damage_healed":0.0,"max_hp_gain":0.0,"max_hp_loss":0.0,"gold_gain":0.0,"event_name":"Beggar","player_choice":"Gave Gold","floor":22.0,"gold_loss":75.0,"damage_taken":0.0},{"damage_healed":0.0,"max_hp_gain":0.0,"max_hp_loss":35.0,"gold_gain":0.0,"event_name":"Ghosts","player_choice":"Became a Ghost","floor":24.0,"gold_loss":0.0,"damage_taken":0.0,"cards_obtained":["Ghostly","Ghostly","Ghostly","Ghostly","Ghostly"]}],"is_beta":false,"boss_relics":[{"not_picked":["Snecko Eye","Tiny House"],"picked":"WristBlade"}],"items_purged_floors":[],"is_endless":false,"potions_floor_spawned":[6,11,14,18],"killed_by":"Cultist and Chosen","ascension_level":0}}