{"host":"g907ck67u7c3hrs6","time":1613182445,"event":{"mods":["BaseMod","Colored Map","DeckTracker","Force Act Four","Highlight Path","Keyboard Shortcuts","Minty Spire (QoL Compilation)","Permanent Neow","Say the Spire","SuperFastMode"],"gold_per_floor":[114,129,129,144,159,189,189,204,229,229,259,259,289,304,304,404,404,419,434,434,449,449,479,479,509,509,539,289,304,334,349,349,449,449,464,288,303,318,333,363,363,393,393,423,438,453,453,468,468,468,468,468,30,60,60],"floor_reached":56,"language":"KOR","playtime":2355,"items_purged":["Cleave","Spot Weakness"],"score":1491,"play_id":"ddb2397d-5463-48bf-bac1-eaac508db8b2","local_time":"20210213111405","daily_mods":["SealedDeck","Colorless Cards","Elite Swarm"],"is_ascension_mode":false,"campfire_choices":[{"data":"Disarm","floor":7,"key":"SMITH"},{"data":"Inflame","floor":10,"key":"SMITH"},{"data":"Inflame","floor":15,"key":"SMITH"},{"data":"Feed","floor":24,"key":"SMITH"},{"data":"Demon Form","floor":32,"key":"SMITH"},{"data":"Limit Break","floor":41,"key":"SMITH"},{"data":"Limit Break","floor":47,"key":"SMITH"},{"floor":49,"key":"RECALL"},{"data":"Brutality","floor":52,"key":"SMITH"}],"circlet_count":0,"master_deck":["Good Instincts","Shrug It Off","Shrug It Off","Twin Strike","Twin Strike+1","Twin Strike","Inflame+1","Disarm+1","Inflame+1","Finesse","Reaper","Master of Strategy","Thinking Ahead+1","Secret Technique","Whirlwind","Deep Breath+1","Feed+1","Impervious","Demon Form+1","Entrench+1","Secret Technique","Shrug It Off+1","Double Tap","Pummel+1","Limit Break+1","Headbutt+1","Warcry+1","Heavy Blade+1","Brutality+1","Limit Break+1","Warcry+1","Limit Break","Limit Break"],"relics":["Burning Blood","Ornamental Fan","Bag of Preparation","Letter Opener","Thread and Needle","StoneCalendar","Coffee Dripper","Orichalcum","Calipers","Bottled Lightning","PreservedInsect","HornCleat","Smiling Mask","Black Star","Nunchaku","Whetstone","Lizard Tail","War Paint","Sundial","Bottled Flame","Lantern","Bronze Scales","Oddly Smooth Stone"],"acts_visited":["Exordium","TheCity","TheBeyond","TheEnding"],"potions_floor_usage":[55,55,55,55,55],"damage_taken":[{"damage":0,"enemies":"Jaw Worm","floor":1,"turns":3},{"damage":0,"enemies":"Cultist","floor":2,"turns":3},{"damage":0,"enemies":"Small Slimes","floor":4,"turns":3},{"damage":0,"enemies":"Exordium Wildlife","floor":5,"turns":3},{"damage":0,"enemies":"Lagavulin","floor":6,"turns":5},{"damage":0,"enemies":"Looter","floor":8,"turns":2},{"damage":12,"enemies":"3 Sentries","floor":11,"turns":7},{"damage":6,"enemies":"Lagavulin","floor":13,"turns":7},{"damage":0,"enemies":"3 Louse","floor":14,"turns":3},{"damage":12,"enemies":"The Guardian","floor":16,"turns":6},{"damage":0,"enemies":"Shell Parasite","floor":18,"turns":3},{"damage":0,"enemies":"2 Thieves","floor":19,"turns":2},{"damage":3,"enemies":"Sentry and Sphere","floor":21,"turns":4},{"damage":12,"enemies":"Book of Stabbing","floor":23,"turns":3},{"damage":8,"enemies":"Gremlin Leader","floor":25,"turns":6},{"damage":4,"enemies":"Book of Stabbing","floor":27,"turns":6},{"damage":2,"enemies":"Snecko","floor":29,"turns":4},{"damage":4,"enemies":"Slavers","floor":30,"turns":3},{"damage":0,"enemies":"Centurion and Healer","floor":31,"turns":3},{"damage":7,"enemies":"Collector","floor":33,"turns":6},{"damage":0,"enemies":"3 Darklings","floor":35,"turns":3},{"damage":10,"enemies":"3 Shapes","floor":37,"turns":4},{"damage":4,"enemies":"Writhing Mass","floor":38,"turns":6},{"damage":0,"enemies":"Transient","floor":39,"turns":5},{"damage":0,"enemies":"Reptomancer","floor":40,"turns":7},{"damage":0,"enemies":"Giant Head","floor":42,"turns":5},{"damage":5,"enemies":"Reptomancer","floor":44,"turns":3},{"damage":5,"enemies":"3 Darklings","floor":45,"turns":3},{"damage":22,"enemies":"Jaw Worm Horde","floor":46,"turns":7},{"damage":2,"enemies":"Sphere and 2 Shapes","floor":48,"turns":3},{"damage":22,"enemies":"Donu and Deca","floor":50,"turns":4},{"damage":4,"enemies":"Shield and Spear","floor":54,"turns":4},{"damage":33,"enemies":"The Heart","floor":55,"turns":5}],"seed_played":"6099103822572544471","potions_obtained":[{"floor":1,"key":"Swift Potion"},{"floor":5,"key":"Dexterity Potion"},{"floor":6,"key":"SteroidPotion"},{"floor":40,"key":"DuplicationPotion"},{"floor":45,"key":"Strength Potion"}],"is_trial":false,"path_per_floor":["M","M","$","M","M","E","R","M","T","R","E","?","E","M","R","B",null,"M","M","?","M","$","E","R","E","T","E","$","M","E","M","R","B",null,"M","$","M","M","M","E","R","E","T","E","M","M","R","M","R","B",null,"R","$","E","B",null],"character_chosen":"IRONCLAD","items_purchased":["HornCleat","Limit Break","Headbutt","Limit Break","Lantern","EntropicBrew"],"campfire_rested":0,"item_purchase_floors":[28,36,36,53,53,53],"current_hp_per_floor":[80,80,80,80,80,80,80,80,80,80,80,77,80,80,80,74,80,80,80,80,80,80,74,74,84,84,88,88,92,96,96,96,99,100,100,100,100,106,108,112,112,116,116,116,116,120,120,124,124,112,128,128,128,128,130],"gold":60,"neow_bonus":"","is_daily":true,"chose_seed":false,"campfire_upgraded":8,"win_rate":0.0,"timestamp":1613182445,"path_taken":["M","M","$","M","M","E","R","M","T","R","E","?","E","M","R","BOSS","M","M","?","M","$","E","R","E","T","E","?","?","E","M","R","BOSS","M","$","M","M","M","E","R","E","T","E","M","M","R","M","R","BOSS","R","$","E","BOSS"],"items_purchased_type":["Relic","Card","Card","Card","Relic","Potion"],"build_version":"2020-12-22","purchased_purges":2,"victory":true,"max_hp_per_floor":[80,80,80,80,80,80,80,80,80,80,80,80,80,80,80,80,80,80,80,80,80,80,80,80,84,84,88,88,92,96,96,96,100,100,100,100,104,108,108,112,112,116,116,116,116,120,120,124,124,128,128,128,128,128,132],"card_choices":[{"not_picked":["Purity","Panacea"],"picked":"Inflame","floor":1},{"not_picked":["Headbutt","Dual Wield"],"picked":"Finesse","floor":2},{"not_picked":["Clash","Wild Strike"],"picked":"Spot Weakness","floor":4},{"not_picked":["Flex","Warcry","Havoc"],"picked":"SKIP","floor":5},{"not_picked":["Juggernaut","Master of Strategy"],"picked":"Reaper","floor":6},{"not_picked":["Carnage","Heavy Blade","Thunderclap"],"picked":"SKIP","floor":8},{"not_picked":["Chrysalis","The Bomb"],"picked":"Master of Strategy","floor":11},{"not_picked":["Chrysalis","Fiend Fire"],"picked":"Thinking Ahead","floor":13},{"not_picked":["Pommel Strike","Perfected Strike","Carnage"],"picked":"SKIP","floor":14},{"not_picked":["Juggernaut","Bludgeon"],"picked":"Secret Technique","floor":16},{"not_picked":["Twin Strike","Clash"],"picked":"Whirlwind","floor":18},{"not_picked":["Impatience+1","Jack Of All Trades"],"picked":"Deep Breath+1","floor":19},{"not_picked":["Carnage+1","Bandage Up","Bloodletting"],"picked":"SKIP","floor":21},{"not_picked":["Juggernaut","Immolate"],"picked":"Feed","floor":23},{"not_picked":["Berserk","Sadistic Nature"],"picked":"Impervious","floor":25},{"not_picked":["Panache","Impervious"],"picked":"Demon Form","floor":27},{"not_picked":["True Grit","Sword Boomerang"],"picked":"Entrench","floor":29},{"not_picked":["Juggernaut","Immolate"],"picked":"Secret Technique","floor":30},{"not_picked":["Infernal Blade","Havoc"],"picked":"Shrug It Off+1","floor":31},{"not_picked":["Magnetism","Violence"],"picked":"Double Tap","floor":33},{"not_picked":["Armaments+1","Cleave"],"picked":"Pummel+1","floor":35},{"not_picked":["Warcry+1","Iron Wave+1","Second Wind"],"picked":"SKIP","floor":37},{"not_picked":["Iron Wave+1","Second Wind"],"picked":"Warcry+1","floor":37},{"not_picked":["Anger+1","Impervious"],"picked":"Heavy Blade+1","floor":38},{"not_picked":["Iron Wave","Heavy Blade+1","Purity+1"],"picked":"SKIP","floor":39},{"not_picked":["Bludgeon","Corruption","HandOfGreed"],"picked":"SKIP","floor":40},{"not_picked":["Sadistic Nature","Violence"],"picked":"Brutality","floor":42},{"not_picked":["Magnetism","Demon Form"],"picked":"Limit Break","floor":44},{"not_picked":["Carnage+1","True Grit","Cleave"],"picked":"SKIP","floor":45},{"not_picked":["Perfected Strike","Wild Strike"],"picked":"Warcry+1","floor":46},{"not_picked":["Headbutt","Impatience","PanicButton"],"picked":"SKIP","floor":48},{"not_picked":["Thinking Ahead","Double Tap"],"picked":"Limit Break","floor":54}],"player_experience":295146,"relics_obtained":[{"floor":6,"key":"Ornamental Fan"},{"floor":9,"key":"Bag of Preparation"},{"floor":11,"key":"Letter Opener"},{"floor":13,"key":"StoneCalendar"},{"floor":23,"key":"Orichalcum"},{"floor":25,"key":"Calipers"},{"floor":26,"key":"Bottled Lightning"},{"floor":27,"key":"PreservedInsect"},{"floor":30,"key":"Smiling Mask"},{"floor":40,"key":"Nunchaku"},{"floor":40,"key":"Whetstone"},{"floor":42,"key":"Lizard Tail"},{"floor":42,"key":"War Paint"},{"floor":44,"key":"Sundial"},{"floor":44,"key":"Bottled Flame"},{"floor":54,"key":"Bronze Scales"},{"floor":54,"key":"Oddly Smooth Stone"}],"event_choices":[{"damage_healed":0,"gold_gain":0,"player_choice":"Success","damage_taken":3,"relics_obtained":["Thread and Needle"],"max_hp_gain":0,"max_hp_loss":0,"event_name":"Scrap Ooze","floor":12,"gold_loss":0},{"cards_removed":["Armaments"],"damage_healed":0,"gold_gain":0,"player_choice":"Card Removal","damage_taken":0,"max_hp_gain":0,"max_hp_loss":0,"event_name":"Wheel of Change","floor":20,"gold_loss":0}],"is_beta":false,"boss_relics":[{"not_picked":["Runic Pyramid","Mark of Pain"],"picked":"Coffee Dripper"},{"not_picked":["Velvet Choker","Busted Crown"],"picked":"Black Star"}],"items_purged_floors":[36,53],"is_endless":false,"potions_floor_spawned":[1,5,6,11,18,25,27,29,33,35,39,40,42,45],"ascension_level":0}}