{"host":"sav7uxregyirlf69","time":1613226349,"event":{"mods":["AchievementEnabler","BaseMod","Colored Map","DeckTracker","Keyboard Shortcuts","Minty Spire (QoL Compilation)","READ ME - Guardian Mod","StSLib","SuperFastMode"],"gold_per_floor":[117,0,18,18,30,30,46,71,120,120,120,152,177,177,177,258,321,340,63,90,90,90,90],"floor_reached":22,"language":"KOR","playtime":340,"items_purged":["Strike_B"],"score":388,"play_id":"98bd667c-202e-4df5-ba64-dee8d2b60aaa","local_time":"20210213232549","is_ascension_mode":true,"campfire_choices":[{"data":"Coolheaded","floor":6,"key":"SMITH"},{"data":"Fusion","floor":11,"key":"SMITH"},{"data":"Zap","floor":15,"key":"SMITH"}],"circlet_count":0,"master_deck":["AscendersBane","Zap+1","Dualcast","Electrodynamics","Coolheaded+1","Defragment+1","Cold Snap","Compile Driver","Fusion+1","Self Repair","Core Surge","Streamline","Redo","Chaos","Blizzard","Chaos","Stack","Electrodynamics","Go for the Eyes","Coolheaded"],"relics":["Cracked Core","Sundial","Ancient Tea Set","CeramicFish","CaptainsWheel","Pandora\u0027s Box","Matryoshka"],"acts_visited":["Exordium","TheCity"],"potions_floor_usage":[8,13,20,20],"damage_taken":[{"damage":6,"enemies":"Cultist","floor":1,"turns":3},{"damage":0,"enemies":"2 Louse","floor":3,"turns":2},{"damage":0,"enemies":"Small Slimes","floor":5,"turns":3},{"damage":13,"enemies":"Looter","floor":7,"turns":3},{"damage":15,"enemies":"3 Sentries","floor":8,"turns":3},{"damage":14,"enemies":"Lagavulin","floor":12,"turns":6},{"damage":0,"enemies":"2 Fungi Beasts","floor":13,"turns":2},{"damage":5,"enemies":"Slime Boss","floor":16,"turns":8},{"damage":2,"enemies":"Spheric Guardian","floor":18,"turns":4},{"damage":26,"enemies":"2 Thieves","floor":20,"turns":3},{"damage":44,"enemies":"Snake Plant","floor":22,"turns":2}],"seed_played":"-8980439773581177945","potions_obtained":[{"floor":1,"key":"Explosive Potion"},{"floor":3,"key":"FocusPotion"},{"floor":12,"key":"SteroidPotion"},{"floor":13,"key":"Swift Potion"},{"floor":18,"key":"BlessingOfTheForge"}],"is_trial":false,"path_per_floor":["M","$","M","?","M","R","M","E","T","?","R","E","M","?","R","B",null,"M","$","M","?","M"],"character_chosen":"DEFECT","items_purchased":["Defragment","Matryoshka"],"campfire_rested":0,"item_purchase_floors":[2,19],"current_hp_per_floor":[58,58,58,58,58,58,45,30,30,30,30,16,16,37,37,39,58,63,63,37,37,0,0],"gold":90,"neow_bonus":"THREE_RARE_CARDS","is_daily":false,"chose_seed":false,"campfire_upgraded":3,"win_rate":0.0,"timestamp":1613226349,"path_taken":["M","?","M","?","M","R","?","E","T","?","R","E","M","?","R","BOSS","M","$","M","?","M"],"items_purchased_type":["Card","Relic"],"build_version":"2020-12-22","purchased_purges":1,"victory":false,"max_hp_per_floor":[64,64,64,64,64,64,64,64,64,64,64,64,64,64,64,64,64,64,64,64,64,64,64],"card_choices":[{"not_picked":["Core Surge","Seek"],"picked":"Electrodynamics","floor":0},{"not_picked":["Blizzard","Rip and Tear"],"picked":"Coolheaded","floor":1},{"not_picked":["Ball Lightning","Conserve Battery"],"picked":"Cold Snap","floor":3},{"not_picked":["Rip and Tear","Redo","Coolheaded"],"picked":"SKIP","floor":5},{"not_picked":["Sweeping Beam","Doom and Gloom"],"picked":"Compile Driver","floor":7},{"not_picked":["Leap","Amplify"],"picked":"Fusion","floor":8},{"not_picked":["Turbo","Biased Cognition","Sweeping Beam"],"picked":"SKIP","floor":12},{"not_picked":["Steam","Double Energy"],"picked":"Self Repair","floor":13},{"not_picked":["Fission","Seek"],"picked":"Core Surge","floor":16},{"not_picked":["Sweeping Beam+1","Conserve Battery"],"picked":"Go for the Eyes","floor":18},{"not_picked":["Rebound","Fusion+1"],"picked":"Coolheaded","floor":20}],"player_experience":1564639,"relics_obtained":[{"floor":8,"key":"Sundial"},{"floor":9,"key":"Ancient Tea Set"},{"floor":12,"key":"CaptainsWheel"}],"event_choices":[{"damage_healed":0,"gold_gain":0,"player_choice":"Forge","damage_taken":0,"max_hp_gain":0,"max_hp_loss":0,"event_name":"Accursed Blacksmith","floor":4,"gold_loss":0,"cards_upgraded":["Defragment"]},{"damage_healed":0,"gold_gain":0,"player_choice":"Searched \u00272\u0027 times","damage_taken":0,"relics_obtained":["CeramicFish"],"max_hp_gain":0,"max_hp_loss":0,"event_name":"Dead Adventurer","floor":10,"gold_loss":0},{"damage_healed":21,"gold_gain":0,"player_choice":"Banana","damage_taken":0,"max_hp_gain":0,"max_hp_loss":0,"event_name":"Big Fish","floor":14,"gold_loss":0},{"damage_healed":0,"gold_gain":0,"player_choice":"Ignored","damage_taken":0,"max_hp_gain":0,"max_hp_loss":0,"event_name":"The Mausoleum","floor":21,"gold_loss":0}],"is_beta":false,"boss_relics":[{"not_picked":["Busted Crown","Velvet Choker"],"picked":"Pandora\u0027s Box"}],"items_purged_floors":[2],"is_endless":false,"potions_floor_spawned":[1,3,12,13,18],"killed_by":"Snake Plant","ascension_level":20}}