{"host":"8anmd7ibyxevnonj","time":1613237127,"event":{"mods":["BaseMod","Curses Come First","Downfall","Minty Spire (QoL Compilation)","Reliquary","StSLib"],"gold_per_floor":[99,99,117,31,48,76,102,202,202,227,239,239,339,32,47,142,142,142,155,155,155,255,10,34,59,59,70,85,111,24,51,63,63,63,63],"floor_reached":33,"language":"ENG","playtime":2266,"items_purged":[],"score":370,"play_id":"be2b40bf-a821-45d3-8f16-2f018e64d848","local_time":"20210213182527","is_ascension_mode":true,"campfire_choices":[{"data":"1","floor":1.0,"key":"LIFT"},{"data":"2","floor":9.0,"key":"LIFT"},{"floor":12.0,"key":"REST"},{"data":"3","floor":18.0,"key":"LIFT"},{"floor":26.0,"key":"REST"}],"circlet_count":0,"master_deck":["Guardian:Strike_Guardian","Guardian:Strike_Guardian","Guardian:Defend_Guardian","Guardian:Defend_Guardian","Guardian:Defend_Guardian","Guardian:Defend_Guardian","Guardian:CurlUp","Guardian:TwinSlam","Guardian:MultiBeam","Guardian:Orbwalk","Guardian:ArmoredProtocol","Guardian:Preprogram+1","Guardian:Planning","Guardian:TemporalStrike","Guardian:Reroute","Guardian:BronzeOrb","Guardian:BronzeOrb","Guardian:Preprogram","Guardian:FuturePlans","Guardian:ChargeUp","Guardian:ConstructionForm","Guardian:SpikerProtocol","Guardian:Repulse","Guardian:DecasProtection+1","Guardian:ShieldSpikes","Guardian:Recover","Guardian:FloatingOrbs+1","Guardian:AncientConstruct","Guardian:FuturePlans","Guardian:TemporalStrike+1","Guardian:Gem_White"],"relics":["Guardian:ModeShifter","Girya","Potion Belt","reliquary:WeakTea","reliquary:SilkGlove","Regal Pillow","Black Star","Orichalcum","Oddly Smooth Stone","reliquary:Aerogel","Juzu Bracelet","MealTicket","reliquary:RoseTintedGlasses","Dream Catcher","reliquary:TridentHead"],"acts_visited":["Exordium","TheCity"],"potions_floor_usage":[29,32],"damage_taken":[{"damage":4.0,"enemies":"2 Louse","floor":3.0,"turns":4.0},{"damage":5.0,"enemies":"downfall:FleeingMerchant","floor":4.0,"turns":4.0},{"damage":0.0,"enemies":"Cultist","floor":5.0,"turns":4.0},{"damage":2.0,"enemies":"Gremlin Nob","floor":6.0,"turns":4.0},{"damage":19.0,"enemies":"downfall:Heads","floor":8.0,"turns":6.0},{"damage":13.0,"enemies":"3 Sentries","floor":10.0,"turns":4.0},{"damage":0.0,"enemies":"Small Slimes","floor":11.0,"turns":2.0},{"damage":0.0,"enemies":"downfall:FleeingMerchant","floor":14.0,"turns":4.0},{"damage":0.0,"enemies":"3 Louse","floor":15.0,"turns":2.0},{"damage":15.0,"enemies":"IC_STATUS_ARCHETYPE","floor":16.0,"turns":8.0},{"damage":10.0,"enemies":"Shell Parasite","floor":19.0,"turns":5.0},{"damage":15.0,"enemies":"downfall:FleeingMerchant","floor":23.0,"turns":4.0},{"damage":20.0,"enemies":"Gremlin Leader","floor":25.0,"turns":7.0},{"damage":23,"enemies":"Centurion and Healer","floor":27,"turns":9},{"damage":18,"enemies":"Snake Plant","floor":28,"turns":5},{"damage":6,"enemies":"Slavers","floor":29,"turns":7},{"damage":10,"enemies":"downfall:FleeingMerchant","floor":30,"turns":4},{"damage":0,"enemies":"Gremlin Leader","floor":31,"turns":7},{"damage":0,"enemies":"Sentry and Sphere","floor":32,"turns":4},{"damage":22,"enemies":"SI_MIRROR_ARCHETYPE","floor":33,"turns":4}],"seed_played":"-8365371132243022854","potions_obtained":[{"floor":2.0,"key":"Strength Potion"},{"floor":2.0,"key":"Slimebound:ThreeZeroPotion"},{"floor":2.0,"key":"ColorlessPotion"},{"floor":5.0,"key":"Guardian:StasisDiscoveryPotion"},{"floor":6.0,"key":"champ:CounterPotion"},{"floor":15.0,"key":"Fire Potion"},{"floor":16.0,"key":"Guardian:StasisDiscoveryPotion"},{"floor":27,"key":"Fire Potion"},{"floor":29,"key":"BlessingOfTheForge"},{"floor":31,"key":"Strength Potion"}],"is_trial":false,"path_per_floor":["R","?","M","$","M","E","T","?","R","E","M","R","?","$","M","B",null,"R","M","?","?","?","$","T","E","R","M","M","E","$","E","M","B"],"character_chosen":"GUARDIAN","items_purchased":["Guardian:ArmoredProtocol","Guardian:FuturePlans","Guardian:ChargeUp","Regal Pillow","Guardian:Repulse","Orichalcum","Guardian:FuturePlans"],"campfire_rested":2,"item_purchase_floors":[4,14,14,14,23,23,30],"current_hp_per_floor":[56,56,52,47,47,45,45,26,26,13,13,37,37,37,37,22,80,80,70,70,55,55,40,40,20,60,37,19,13,18,18,18,0,0,0],"gold":63,"neow_bonus":"ONE_RARE_RELIC","is_daily":false,"chose_seed":false,"campfire_upgraded":0,"win_rate":0.0,"timestamp":1613237127,"path_taken":["R","?","?","$","M","E","T","?","R","E","M","R","?","$","M","BOSS","R","M","?","?","?","?","T","E","R","M","M","E","$","E","M","BOSS"],"items_purchased_type":["Card","Card","Card","Relic","Card","Relic","Card"],"build_version":"2020-12-13","purchased_purges":0,"victory":false,"max_hp_per_floor":[80,80,80,80,80,80,80,80,80,80,80,80,80,80,80,80,80,80,80,80,85,85,85,85,85,85,85,85,85,85,85,85,85,85,85],"card_choices":[{"not_picked":["Guardian:Gem_Cyan","Guardian:Gem_Lightblue"],"picked":"Guardian:MultiBeam","floor":3.0},{"not_picked":["Guardian:Gem_Lightblue","Guardian:SpikerProtocol"],"picked":"Guardian:Orbwalk","floor":4.0},{"not_picked":["Guardian:PrismaticBarrier","Guardian:Reroute"],"picked":"Guardian:Preprogram","floor":5.0},{"not_picked":["Guardian:ChargeCore","Guardian:SentryBeam"],"picked":"Guardian:Planning","floor":6.0},{"not_picked":["Guardian:Incinerate","Guardian:PrismaticBeam"],"picked":"Guardian:Reroute","floor":8.0},{"not_picked":["Guardian:PrimingBeam","Guardian:Reroute"],"picked":"Guardian:BronzeOrb","floor":10.0},{"not_picked":["Guardian:Planning","Guardian:TemporalStrike"],"picked":"Guardian:BronzeOrb","floor":11.0},{"not_picked":["Guardian:FloatingOrbs","Guardian:GuardianWhirl"],"picked":"Guardian:Preprogram","floor":14.0},{"not_picked":["Guardian:ChargeCore","Guardian:TimeBomb"],"picked":"Guardian:Gem_White","floor":15.0},{"not_picked":["Guardian:TimeSifter","Guardian:CompilePackage"],"picked":"Guardian:ConstructionForm","floor":16.0},{"not_picked":["Guardian:VentSteam+1","Guardian:Gem_Lightblue"],"picked":"Guardian:Gem_Red","floor":19.0},{"not_picked":["Guardian:VentSteam+1","Guardian:BodySlam"],"picked":"Guardian:SpikerProtocol","floor":23.0},{"not_picked":["Guardian:Gem_Blue","Guardian:StasisStrike"],"picked":"Guardian:DecasProtection+1","floor":25.0},{"not_picked":["Guardian:Gem_Cyan","Guardian:BodySlam"],"picked":"Guardian:ShieldSpikes","floor":27},{"not_picked":["Guardian:PiercingHide","Guardian:RollAttack"],"picked":"Guardian:Recover","floor":28},{"not_picked":["Guardian:RollAttack","Guardian:WalkerClaw"],"picked":"Guardian:FloatingOrbs+1","floor":29},{"not_picked":["Guardian:PiercingHide","Guardian:Suspension"],"picked":"Guardian:AncientConstruct","floor":30},{"not_picked":["Guardian:GuardianWhirl","Guardian:GemFire"],"picked":"Guardian:TemporalStrike+1","floor":31},{"not_picked":["Guardian:BodySlam+1","Guardian:Reroute"],"picked":"Guardian:Gem_White","floor":32}],"player_experience":128431,"relics_obtained":[{"floor":6.0,"key":"Potion Belt"},{"floor":7.0,"key":"reliquary:WeakTea"},{"floor":10.0,"key":"reliquary:SilkGlove"},{"floor":24.0,"key":"Oddly Smooth Stone"},{"floor":25.0,"key":"reliquary:Aerogel"},{"floor":25.0,"key":"Juzu Bracelet"},{"floor":29,"key":"MealTicket"},{"floor":29,"key":"reliquary:RoseTintedGlasses"},{"floor":31,"key":"Dream Catcher"},{"floor":31,"key":"reliquary:TridentHead"}],"event_choices":[{"damage_healed":0.0,"max_hp_gain":0.0,"max_hp_loss":0.0,"gold_gain":0.0,"event_name":"Lab","player_choice":"Got Potions","floor":2.0,"gold_loss":0.0,"damage_taken":0.0}],"is_beta":false,"boss_relics":[{"not_picked":["Runic Pyramid","Tiny House"],"picked":"Black Star"}],"items_purged_floors":[],"is_endless":false,"potions_floor_spawned":[5,6,15,16,27,29,31],"killed_by":"SI_MIRROR_ARCHETYPE","ascension_level":2}}