{"host":"oeevf6hcb3ehxk0z","time":1613189666,"event":{"mods":["100% Spire Juice","BaseMod","CapriCore","Minty Spire (QoL Compilation)","Prisma Mod","Spicy Shops","StSLib","The Alterego","The Immortal","Yakumo Yukari mod","¡¾ÒÅÎï¿¨ÅÆ¡¿REMEMod"],"gold_per_floor":[110,110,130,130,146,176,191,71,97,97,114,130,130,130],"floor_reached":13,"language":"ZHS","playtime":491,"items_purged":[],"score":87,"play_id":"7d7c82a9-9e76-4102-851e-572aabbd862b","local_time":"20210213121426","is_ascension_mode":false,"campfire_choices":[{"floor":8,"key":"REST"},{"data":"Moonworks:BackdoorTrade","floor":10,"key":"SMITH"}],"circlet_count":0,"master_deck":["Moonworks:Strike","Moonworks:Strike","Moonworks:Strike","Moonworks:Strike","Moonworks:Defend","Moonworks:Defend","Moonworks:Defend","Moonworks:Defend","Moonworks:Ambush","Moonworks:LongDistanceShot","Moonworks:IndiscriminateFireSupport","Moonworks:BackdoorTrade+1","Moonworks:FinalSurgery","Moonworks:UnpaidWork","Moonworks:ReflectiveShell","Moonworks:CastOff","Moonworks:x16BigRocket"],"relics":["Moonworks:BrokenBomb","Moonworks:Homemark","REME_ComplimentaryCards","Tiny Chest"],"acts_visited":["Exordium"],"potions_floor_usage":[13],"damage_taken":[{"damage":0,"enemies":"Small Slimes","floor":1,"turns":3},{"damage":1,"enemies":"Cultist","floor":3,"turns":3},{"damage":1,"enemies":"2 Louse","floor":5,"turns":2},{"damage":40,"enemies":"3 Sentries","floor":6,"turns":7},{"damage":14,"enemies":"Red Slaver","floor":7,"turns":5},{"damage":4,"enemies":"Looter","floor":11,"turns":2},{"damage":0,"enemies":"Blue Slaver","floor":12,"turns":2},{"damage":21,"enemies":"Gremlin Nob","floor":13,"turns":3}],"seed_played":"-3010271003244420868","potions_obtained":[{"floor":3,"key":"SmokeBomb"},{"floor":6,"key":"SkillPotion"}],"is_trial":false,"path_per_floor":["M","?","M","?","M","E","M","R","T","R","M","M","E"],"character_chosen":"THE_STARBREAKER","items_purchased":[],"campfire_rested":1,"item_purchase_floors":[],"current_hp_per_floor":[66,66,65,59,58,18,4,23,23,23,19,19,0,0],"gold":130,"neow_bonus":"TEN_PERCENT_HP_BONUS","is_daily":false,"chose_seed":false,"campfire_upgraded":1,"win_rate":0.0,"timestamp":1613189666,"path_taken":["M","?","?","?","M","E","M","R","T","R","M","M","E"],"items_purchased_type":[],"build_version":"2020-12-22","purchased_purges":0,"victory":false,"max_hp_per_floor":[66,66,66,66,66,66,66,66,66,66,66,66,66,66],"card_choices":[{"not_picked":["Moonworks:CloudOfSeagulls","Moonworks:JonathanRush"],"picked":"Moonworks:IndiscriminateFireSupport","floor":1},{"not_picked":["Moonworks:Assault","Moonworks:LulusLuckyEgg"],"picked":"Moonworks:BackdoorTrade","floor":3},{"not_picked":["Moonworks:BigMagnum","Moonworks:BackdoorTrade"],"picked":"Moonworks:FinalSurgery","floor":5},{"not_picked":["Moonworks:BigMagnum","Moonworks:LulusLuckyEgg"],"picked":"Moonworks:UnpaidWork","floor":6},{"not_picked":["Moonworks:SakisCookie","Moonworks:LulusLuckyEgg"],"picked":"Moonworks:ReflectiveShell","floor":7},{"not_picked":["Moonworks:ReproductionOfRecords","Moonworks:UnluckyCharm"],"picked":"Moonworks:CastOff","floor":11},{"not_picked":["Moonworks:Assault","Moonworks:EvilSpyWorkPreparation"],"picked":"Moonworks:x16BigRocket","floor":12}],"player_experience":278903,"relics_obtained":[{"floor":6,"key":"Tiny Chest"}],"event_choices":[{"damage_healed":0,"gold_gain":0,"player_choice":"Ignored","damage_taken":0,"max_hp_gain":0,"max_hp_loss":0,"event_name":"NoteForYourself","floor":2,"gold_loss":0},{"damage_healed":0,"gold_gain":0,"player_choice":"Damaged","damage_taken":6,"max_hp_gain":0,"max_hp_loss":0,"event_name":"Wheel of Change","floor":4,"gold_loss":0}],"is_beta":false,"boss_relics":[],"items_purged_floors":[],"is_endless":false,"potions_floor_spawned":[3,6],"killed_by":"Gremlin Nob","ascension_level":0}}