{"host":"w8xisjf5mgmfjvmt","time":1613207824,"event":{"mods":["ATMod(°¢èªMod)","BaseMod","BetterRewards","Challenge The Spire","Conspire","Energized Spire","Filter the Spire","Minty Spire (QoL Compilation)","Quarter Circle Forward PUNCH!","Quick Restart","Relic Filter Mod","Relic Stats","Reliquary","Replay The Spire","Say the Spire","Shop Mod","Spicy Shops","StSLib","Thieving Mod","¡¾ÒÅÎï¿¨ÅÆ¡¿REMEMod","óô»ðÖ¸ÄÏ"],"gold_per_floor":[118,131,131,406,420,18,18,18],"floor_reached":7,"language":"ZHS","playtime":225,"items_purged":["Regret"],"score":82,"play_id":"3cf05077-ee72-4005-932e-7853ae52db38","local_time":"20210213171704","is_ascension_mode":true,"campfire_choices":[],"circlet_count":0,"master_deck":["AscendersBane","Strike_B","Strike_B","Strike_B","Defend_B","Zap","Dualcast","Panic Button+1","AT_DarkMatter+1","Amplify+1","AT_FamilyPortrait","Adrenaline","Steam","Coolheaded","Self Repair"],"relics":["REME_ComplimentaryCards","AT_ATBox","Astrolabe","Runic Capacitor","Prayer Wheel"],"acts_visited":["Exordium"],"potions_floor_usage":[],"damage_taken":[{"damage":0.0,"enemies":"Cultist","floor":1.0,"turns":2.0},{"damage":0.0,"enemies":"Small Slimes","floor":2.0,"turns":2.0},{"damage":0.0,"enemies":"2 Louse","floor":5.0,"turns":2.0},{"damage":37,"enemies":"3 Sentries","floor":7,"turns":6}],"seed_played":"-644031088344010165","potions_obtained":[],"is_trial":false,"path_per_floor":["M","M","?","?","M","R","E"],"character_chosen":"DEFECT","items_purchased":["ReplayTheSpireMod:Fabricate Wheel","Runic Capacitor"],"campfire_rested":0,"item_purchase_floors":[6,6],"current_hp_per_floor":[64,64,57,57,64,64,27,27],"gold":18,"neow_bonus":"BOSS_RELIC","is_daily":false,"chose_seed":false,"campfire_upgraded":0,"win_rate":0.0,"timestamp":1613207824,"path_taken":["M","M","?","?","?","R","E"],"items_purchased_type":["Card","Relic"],"build_version":"2020-12-22","purchased_purges":1,"victory":false,"max_hp_per_floor":[71,71,71,71,71,71,71,71],"relic_stats":{"counters":[4,12],"Astrolabe":["Panic Button","AT_DarkMatter","Amplify"],"Prayer Wheel":0,"obtain_stats":[{"AT_ATBox":0,"Astrolabe":0,"Prayer Wheel":7,"Runic Capacitor":6,"Cracked Core":0,"REME_ComplimentaryCards":0},{"AT_ATBox":0,"Astrolabe":0,"Prayer Wheel":4,"Runic Capacitor":3,"Cracked Core":0,"REME_ComplimentaryCards":0},{"AT_ATBox":0,"Astrolabe":0,"Prayer Wheel":7,"Runic Capacitor":6,"Cracked Core":0,"REME_ComplimentaryCards":0}]},"card_choices":[{"not_picked":["Force Field","Barrage"],"picked":"Steam","floor":1.0},{"not_picked":["REME_Whirling","Leap"],"picked":"Coolheaded","floor":2.0},{"not_picked":["conspire:SharedLibrary","FTL"],"picked":"Self Repair","floor":5.0}],"player_experience":1355420,"relics_obtained":[],"event_choices":[{"cards_removed":["Defend_B"],"damage_healed":0.0,"max_hp_gain":0.0,"max_hp_loss":0.0,"gold_gain":0.0,"event_name":"Golden Wing","player_choice":"Card Removal","floor":3.0,"gold_loss":0.0,"damage_taken":7.0},{"damage_healed":0.0,"max_hp_gain":0.0,"max_hp_loss":0.0,"gold_gain":275.0,"event_name":"Golden Shrine","player_choice":"Desecrate","floor":4.0,"gold_loss":0.0,"damage_taken":0.0,"cards_obtained":["Regret"]}],"is_beta":false,"boss_relics":[],"items_purged_floors":[6],"is_endless":false,"potions_floor_spawned":[],"killed_by":"3 Sentries","ascension_level":20}}