{"host":"ob0o70duo5yv7mfq","time":1613224697,"event":{"mods":["BaseMod","Minty Spire (QoL Compilation)"],"gold_per_floor":[119,45,45,45,61,61,81,108,108,108,118,146,146,179,179,281,281,301,321,336,24,24,55,55,81,104,139,154,186,186,201,201,304,304,314,314,327,344,19,19,44,64,90,18,32,52,52,52,52,52,52,52,52,81,81],"floor_reached":56,"language":"ENG","playtime":4467,"items_purged":["Strike_R","Decay"],"score":1348,"play_id":"f29ab501-5552-4a12-adcc-3bc50e9b6f93","local_time":"20210213145817","is_ascension_mode":true,"campfire_choices":[{"data":"Whirlwind","floor":6,"key":"SMITH"},{"data":"True Grit","floor":10,"key":"SMITH"},{"data":"True Grit","floor":13,"key":"SMITH"},{"data":"Disarm","floor":15,"key":"SMITH"},{"data":"Flex","floor":24,"key":"SMITH"},{"data":"Bash","floor":30,"key":"SMITH"},{"floor":32,"key":"REST"},{"data":"Impervious","floor":40,"key":"SMITH"},{"floor":47,"key":"RECALL"},{"floor":49,"key":"REST"},{"data":"Offering","floor":52,"key":"SMITH"}],"circlet_count":0,"master_deck":["Strike_R","Strike_R","Defend_R","Defend_R","Defend_R","Defend_R","Bash+1","Battle Trance","Whirlwind+1","Flex+1","Pommel Strike","True Grit+1","Burning Pact","True Grit+1","Disarm+1","Impervious+1","Twin Strike","Thunderclap","Pommel Strike","Intimidate","Body Slam+1","Headbutt","Shrug It Off+1","Brutality+1","Dark Embrace+1","Reaper","Uppercut+1","Jack Of All Trades","Infernal Blade+1","Rupture+1","Offering+1","Hemokinesis+1","Blood for Blood+1"],"relics":["Burning Blood","Blood Vial","Blue Candle","Charon\u0027s Ashes","Mercury Hourglass","Self Forming Clay","Gremlin Horn","Empty Cage","Medical Kit","Omamori","Frozen Egg 2","Toy Ornithopter","Red Mask","Regal Pillow","Mark of Pain","Lee\u0027s Waffle","Molten Egg 2","Orichalcum"],"acts_visited":["Exordium","TheCity","TheBeyond","TheEnding"],"potions_floor_usage":[12,14,16,16,18,20,20,23,23,25,25,28,31,33,38,42,50,50,54,55],"damage_taken":[{"damage":13,"enemies":"Jaw Worm","floor":1,"turns":4},{"damage":9,"enemies":"2 Louse","floor":5,"turns":2},{"damage":0,"enemies":"Small Slimes","floor":7,"turns":2},{"damage":15,"enemies":"3 Sentries","floor":8,"turns":4},{"damage":2,"enemies":"Looter","floor":11,"turns":2},{"damage":16,"enemies":"Gremlin Nob","floor":12,"turns":3},{"damage":13,"enemies":"Lagavulin","floor":14,"turns":5},{"damage":34,"enemies":"The Guardian","floor":16,"turns":12},{"damage":15,"enemies":"Shell Parasite","floor":18,"turns":6},{"damage":10,"enemies":"2 Thieves","floor":19,"turns":2},{"damage":29,"enemies":"Snecko","floor":20,"turns":6},{"damage":21,"enemies":"Slavers","floor":23,"turns":4},{"damage":1,"enemies":"Gremlin Leader","floor":25,"turns":6},{"damage":5,"enemies":"Masked Bandits","floor":27,"turns":2},{"damage":9,"enemies":"Snake Plant","floor":28,"turns":3},{"damage":19,"enemies":"Slavers","floor":29,"turns":5},{"damage":15,"enemies":"Shelled Parasite and Fungi","floor":31,"turns":5},{"damage":60,"enemies":"Automaton","floor":33,"turns":10},{"damage":10,"enemies":"Orb Walker","floor":35,"turns":3},{"damage":11,"enemies":"3 Darklings","floor":37,"turns":3},{"damage":22,"enemies":"Transient","floor":38,"turns":5},{"damage":49,"enemies":"Nemesis","floor":41,"turns":7},{"damage":11,"enemies":"Maw","floor":42,"turns":5},{"damage":37,"enemies":"Writhing Mass","floor":45,"turns":5},{"damage":18,"enemies":"Transient","floor":46,"turns":5},{"damage":42,"enemies":"Donu and Deca","floor":50,"turns":6},{"damage":75,"enemies":"Shield and Spear","floor":54,"turns":5},{"damage":62,"enemies":"The Heart","floor":55,"turns":8}],"seed_played":"4508333161902852226","potions_obtained":[{"floor":1,"key":"Weak Potion"},{"floor":8,"key":"BlessingOfTheForge"},{"floor":11,"key":"LiquidBronze"},{"floor":14,"key":"EntropicBrew"},{"floor":23,"key":"Fruit Juice"},{"floor":27,"key":"SpeedPotion"},{"floor":29,"key":"AttackPotion"},{"floor":31,"key":"DistilledChaos"},{"floor":33,"key":"HeartOfIron"},{"floor":35,"key":"LiquidBronze"},{"floor":37,"key":"Ancient Potion"},{"floor":45,"key":"Weak Potion"},{"floor":54,"key":"Weak Potion"}],"is_trial":false,"path_per_floor":["M","$","?","?","M","R","M","E","T","R","M","E","R","E","R","B",null,"M","M","M","$","?","E","R","E","T","?","M","E","R","M","R","B",null,"M","?","M","M","$","R","E","M","T","$","M","M","R","?","R","B",null,"R","$","E","B",null],"character_chosen":"IRONCLAD","items_purchased":["Whirlwind","Medical Kit","Intimidate","Rupture+1","Lee\u0027s Waffle","EssenceOfSteel"],"campfire_rested":2,"item_purchase_floors":[2,21,21,39,39,44],"current_hp_per_floor":[73,73,61,61,60,60,68,61,61,61,67,59,59,54,54,28,80,71,69,48,48,48,47,47,59,59,62,66,55,55,53,85,36,85,81,81,78,69,92,92,55,63,63,63,42,47,47,70,92,82,92,92,92,41,16],"gold":81,"neow_bonus":"RANDOM_COMMON_RELIC","is_daily":false,"chose_seed":false,"campfire_upgraded":8,"win_rate":0.0,"timestamp":1613224697,"path_taken":["M","$","?","?","M","R","M","E","T","R","M","E","R","E","R","BOSS","M","M","M","$","?","E","R","E","T","?","M","E","R","M","R","BOSS","M","?","M","M","$","R","E","M","T","$","M","M","R","?","R","BOSS","R","$","E","BOSS"],"items_purchased_type":["Card","Relic","Card","Card","Relic","Potion"],"build_version":"2020-12-22","purchased_purges":2,"victory":true,"max_hp_per_floor":[80,80,80,80,80,80,80,80,80,80,80,80,80,80,80,80,80,80,80,80,80,80,80,80,85,85,85,85,85,85,85,85,85,85,85,85,85,85,92,92,92,92,92,92,92,92,92,92,92,92,92,92,92,92,92],"card_choices":[{"not_picked":["Body Slam","Seeing Red"],"picked":"Battle Trance","floor":1},{"not_picked":["Headbutt","Dual Wield"],"picked":"Flex","floor":5},{"not_picked":["Twin Strike","Rampage"],"picked":"Pommel Strike","floor":7},{"not_picked":["Flex","Thunderclap"],"picked":"True Grit","floor":8},{"not_picked":["Evolve","Perfected Strike"],"picked":"Burning Pact","floor":11},{"not_picked":["Iron Wave","Anger"],"picked":"True Grit","floor":12},{"not_picked":["Entrench","Armaments"],"picked":"Disarm","floor":14},{"not_picked":["Bludgeon","Barricade"],"picked":"Impervious","floor":16},{"not_picked":["Perfected Strike+1","Flex+1"],"picked":"Twin Strike","floor":18},{"not_picked":["Clothesline","Battle Trance"],"picked":"Thunderclap","floor":19},{"not_picked":["Iron Wave","Ghostly Armor+1"],"picked":"Pommel Strike","floor":20},{"not_picked":["Carnage","Entrench"],"picked":"Body Slam+1","floor":23},{"not_picked":["Havoc","Wild Strike"],"picked":"Headbutt","floor":25},{"not_picked":["Cleave","Headbutt"],"picked":"Shrug It Off+1","floor":27},{"not_picked":["Warcry","Hemokinesis"],"picked":"Brutality+1","floor":28},{"not_picked":["Flex+1","Body Slam+1"],"picked":"Dark Embrace+1","floor":29},{"not_picked":["Burning Pact","Sword Boomerang","Battle Trance"],"picked":"SKIP","floor":31},{"not_picked":["Fiend Fire","Offering"],"picked":"Reaper","floor":33},{"not_picked":["Body Slam","Warcry"],"picked":"Uppercut+1","floor":35},{"not_picked":["Dramatic Entrance","Enlightenment"],"picked":"Jack Of All Trades","floor":36},{"not_picked":["Flex","Seeing Red"],"picked":"Infernal Blade+1","floor":37},{"not_picked":["Armaments+1","Searing Blow+1","Flex"],"picked":"SKIP","floor":38},{"not_picked":["Heavy Blade+1","Clothesline+1"],"picked":"Offering","floor":41},{"not_picked":["Evolve+1","Clash+1","Body Slam+1"],"picked":"SKIP","floor":42},{"not_picked":["Havoc+1","True Grit","Infernal Blade"],"picked":"SKIP","floor":45},{"not_picked":["Clothesline+1","Anger+1"],"picked":"Hemokinesis+1","floor":46},{"not_picked":["Rage+1","Wild Strike+1"],"picked":"Blood for Blood+1","floor":54}],"player_experience":297095,"relics_obtained":[{"floor":8,"key":"Charon\u0027s Ashes"},{"floor":9,"key":"Mercury Hourglass"},{"floor":12,"key":"Self Forming Clay"},{"floor":14,"key":"Gremlin Horn"},{"floor":23,"key":"Omamori"},{"floor":25,"key":"Frozen Egg 2"},{"floor":26,"key":"Toy Ornithopter"},{"floor":27,"key":"Red Mask"},{"floor":29,"key":"Regal Pillow"},{"floor":41,"key":"Molten Egg 2"},{"floor":54,"key":"Orichalcum"}],"event_choices":[{"damage_healed":0,"gold_gain":0,"player_choice":"Success","damage_taken":12,"relics_obtained":["Blue Candle"],"max_hp_gain":0,"max_hp_loss":0,"event_name":"Scrap Ooze","floor":3,"gold_loss":0},{"damage_healed":0,"gold_gain":0,"player_choice":"Leave","damage_taken":0,"max_hp_gain":0,"max_hp_loss":0,"event_name":"The Cleric","floor":4,"gold_loss":0},{"damage_healed":0,"gold_gain":0,"player_choice":"Smashed Altar","damage_taken":0,"max_hp_gain":0,"max_hp_loss":0,"event_name":"Forgotten Altar","floor":22,"gold_loss":0,"cards_obtained":["Decay"]},{"damage_healed":0,"gold_gain":0,"player_choice":"Fought Bandits","damage_taken":0,"max_hp_gain":0,"max_hp_loss":0,"event_name":"Masked Bandits","floor":27,"gold_loss":0},{"damage_healed":0,"gold_gain":0,"player_choice":"Memory 1","damage_taken":0,"max_hp_gain":0,"max_hp_loss":0,"event_name":"SensoryStone","floor":36,"gold_loss":0},{"damage_healed":23,"gold_gain":0,"player_choice":"Writhe","damage_taken":0,"max_hp_gain":0,"max_hp_loss":0,"event_name":"Winding Halls","floor":48,"gold_loss":0,"cards_obtained":["Writhe"]}],"is_beta":false,"boss_relics":[{"not_picked":["Pandora\u0027s Box","Runic Dome"],"picked":"Empty Cage"},{"not_picked":["Snecko Eye","Fusion Hammer"],"picked":"Mark of Pain"}],"items_purged_floors":[21,39],"is_endless":false,"potions_floor_spawned":[1,8,11,14,16,23,27,29,31,33,35,37,45,54],"ascension_level":3}}