{"host":"a5lz0e76zb3fcwkm","time":1613224072,"event":{"mods":["AchievementEnabler","BaseMod","Colored Map","Colored Powertips","Minty Spire (QoL Compilation)","StSLib","SuperFastMode"],"gold_per_floor":[117,117,39,39,55,55,0,30,30,30,30,43,43,53,53,125,125,143,143,24,37,37,37],"floor_reached":22,"language":"KOR","playtime":431,"items_purged":["Defend_B"],"score":364,"play_id":"8ea67230-97b8-4d57-9386-85cb97499dc4","local_time":"20210213224752","is_ascension_mode":true,"campfire_choices":[{"data":"Fusion","floor":6.0,"key":"SMITH"},{"data":"Coolheaded","floor":10.0,"key":"SMITH"},{"data":"Redo","floor":15,"key":"SMITH"}],"circlet_count":0,"master_deck":["AscendersBane","Defend_B","Defend_B","Zap","Dualcast","Fusion+1","Barrage","Undo","Capacitor","Coolheaded+1","Cold Snap","Redo+1","Core Surge","Ball Lightning","Chill","Coolheaded"],"relics":["Cracked Core","Blood Vial","Pantograph","Empty Cage"],"acts_visited":["Exordium","TheCity"],"potions_floor_usage":[16,16,22],"damage_taken":[{"damage":3.0,"enemies":"2 Louse","floor":1.0,"turns":3.0},{"damage":1.0,"enemies":"Cultist","floor":5.0,"turns":3.0},{"damage":56.0,"enemies":"Gremlin Nob","floor":8.0,"turns":5.0},{"damage":5.0,"enemies":"Jaw Worm","floor":12.0,"turns":4.0},{"damage":5,"enemies":"2 Fungi Beasts","floor":14,"turns":4},{"damage":40,"enemies":"Slime Boss","floor":16,"turns":8},{"damage":9,"enemies":"Chosen","floor":18,"turns":6},{"damage":36,"enemies":"2 Thieves","floor":21,"turns":5},{"damage":17,"enemies":"Chosen and Byrds","floor":22,"turns":3}],"seed_played":"-1167841437153371812","potions_obtained":[{"floor":8.0,"key":"AttackPotion"},{"floor":12.0,"key":"SteroidPotion"},{"floor":14,"key":"Strength Potion"},{"floor":18,"key":"BlessingOfTheForge"}],"is_trial":false,"path_per_floor":["M","?","$","T","M","R","$","E","T","R","?","M","?","M","R","B",null,"M","?","$","M","M"],"character_chosen":"DEFECT","items_purchased":["Capacitor","Fire Potion","Chill"],"campfire_rested":0,"item_purchase_floors":[3,7,20],"current_hp_per_floor":[61,61,61,61,60,60,60,4,4,4,27,24,24,21,21,8,55,48,48,48,14,0,0],"gold":37,"neow_bonus":"TRANSFORM_TWO_CARDS","is_daily":false,"chose_seed":false,"campfire_upgraded":3,"win_rate":0.0,"timestamp":1613224072,"path_taken":["M","?","$","?","M","R","?","E","T","R","?","?","?","M","R","BOSS","M","?","$","?","M"],"items_purchased_type":["Card","Potion","Card"],"build_version":"2020-12-22","purchased_purges":1,"victory":false,"max_hp_per_floor":[71,71,71,71,71,71,71,71,71,71,71,71,71,71,71,71,71,71,71,71,71,71,71],"card_choices":[{"not_picked":["Steam Power","Rebound"],"picked":"Undo","floor":1.0},{"not_picked":["Gash","Storm"],"picked":"Coolheaded","floor":5.0},{"not_picked":["Stack","Machine Learning","Barrage"],"picked":"SKIP","floor":8.0},{"not_picked":["Gash","Turbo"],"picked":"Cold Snap","floor":12.0},{"not_picked":["Redo","Stack","Streamline"],"picked":"SKIP","floor":14},{"not_picked":["Stack","Streamline"],"picked":"Redo","floor":14},{"not_picked":["Reboot","Multi-Cast"],"picked":"Core Surge","floor":16},{"not_picked":["Melter","Rip and Tear"],"picked":"Ball Lightning","floor":18},{"not_picked":["Conserve Battery","Stack"],"picked":"Coolheaded","floor":21}],"player_experience":1885249,"relics_obtained":[{"floor":8.0,"key":"Blood Vial"},{"floor":9.0,"key":"Pantograph"}],"event_choices":[{"cards_removed":["Injury"],"damage_healed":0.0,"max_hp_gain":0.0,"max_hp_loss":0.0,"gold_gain":0.0,"event_name":"Purifier","player_choice":"Purged","floor":2.0,"gold_loss":0.0,"damage_taken":0.0},{"damage_healed":23.0,"max_hp_gain":0.0,"max_hp_loss":0.0,"gold_gain":0.0,"event_name":"Big Fish","player_choice":"Banana","floor":11.0,"gold_loss":0.0,"damage_taken":0.0},{"damage_healed":0,"gold_gain":0,"player_choice":"Fled","damage_taken":0,"max_hp_gain":0,"max_hp_loss":0,"event_name":"Scrap Ooze","floor":13,"gold_loss":0},{"cards_removed":["Strike_B"],"damage_healed":0,"gold_gain":0,"player_choice":"Offered Basic","damage_taken":0,"max_hp_gain":0,"max_hp_loss":0,"event_name":"Bonfire Elementals","floor":19,"gold_loss":0}],"is_beta":false,"boss_relics":[{"not_picked":["Busted Crown","FrozenCore"],"picked":"Empty Cage"}],"items_purged_floors":[20],"is_endless":false,"potions_floor_spawned":[8,12,14,18],"killed_by":"Chosen and Byrds","ascension_level":20}}