{"host":"dl909bjyolgrn2uw","time":1613236801,"event":{"mods":["2.2 Compatiblity","AlwaysNeverKeys","BaseMod","Bestiary","Better Altar","Better Note","Better Sensory Stone","Better Skull","Better Third Choice","Better Vampires","Better-Laid Plans","BetterRewards","Colored Powertips","Curses Come First","Disable Question Mark Monsters","Displayed Cursed Tome","Emptier Cage","Evolution","Minty Spire (QoL Compilation)","Morshu Shopkeeper","Permanent Neow","Quick Restart","Rare Cards Sparkle","Relic Stats","Shop Mod","Spicy Shops","StSLib","SuperFastMode","Transform Curses"],"gold_per_floor":[113,127,146,162,179,211,211,237,237,237,256,281,21,21,21,121,121,141,152,152,77,95,126,126,153,153,153,181,65,65,90,90,192,192,210,229,283,283,295,295,312,340,340,358,393,176,208,227,227,227,227,227,30,59,59],"floor_reached":56,"language":"ENG","playtime":3218,"items_purged":["Strike_B","Strike_B","Clumsy"],"score":2974,"play_id":"7eddebf0-34fd-419c-a74f-bc5d6595043b","local_time":"20210213112001","is_ascension_mode":true,"campfire_choices":[{"floor":7.0,"key":"REST"},{"data":"Zap","floor":10.0,"key":"SMITH"},{"data":"Defragment","floor":15.0,"key":"SMITH"},{"data":"Biased Cognition","floor":24,"key":"SMITH"},{"data":"Buffer","floor":30,"key":"SMITH"},{"floor":32,"key":"RECALL"},{"data":"Echo Form","floor":40,"key":"SMITH"},{"data":"Dualcast","floor":49,"key":"SMITH"},{"data":"Defend_B","floor":52,"key":"SMITH"}],"circlet_count":0,"master_deck":["AscendersBane","Defend_B+1","Defend_B+1","Defend_B+1","Zap+1","Dualcast+1","Sweeping Beam+1","Sweeping Beam+1","Sweeping Beam+1","White Noise+1","Streamline+1","Conserve Battery+1","Defragment+1","Cold Snap+1","Coolheaded+1","Biased Cognition+1","Stack+1","Cold Snap+1","Bite+1","Bite+1","Conserve Battery+1","Cold Snap+1","Buffer+1","Tempest+1","Panacea+1","Echo Form+1","Glacier+1","White Noise+1","Biased Cognition+1","Ball Lightning+1","Biased Cognition+1","Capacitor+1","Darkness+1","Turbo+1","Echo Form+1","Static Discharge+1","Undo+1","Undo+1","Stack+1"],"relics":["Cracked Core","EVO:Axolotl","Anchor","CaptainsWheel","Bag of Preparation","OrangePellets","ClockworkSouvenir","Question Card","Toxic Egg 2","Molten Egg 2","Runic Capacitor","DataDisk","Sling","Pen Nib","Regal Pillow","Potion Belt","Lantern","Membership Card","Runic Pyramid","Pear","Lizard Tail","Eternal Feather","Medical Kit","Smiling Mask","Coffee Dripper","Thread and Needle","Frozen Egg 2","Gremlin Horn","MawBank","Chemical X","Happy Flower","Nunchaku","Oddly Smooth Stone","Bottled Flame","Orrery","Akabeko"],"acts_visited":["Exordium","TheCity","TheBeyond","TheEnding"],"potions_floor_usage":[25,28,48,55,55,55,55],"damage_taken":[{"damage":0.0,"enemies":"2 Louse","floor":1.0,"turns":2.0},{"damage":0.0,"enemies":"Small Slimes","floor":2.0,"turns":3.0},{"damage":1.0,"enemies":"Cultist","floor":3.0,"turns":3.0},{"damage":0.0,"enemies":"Red Slaver","floor":4.0,"turns":3.0},{"damage":0.0,"enemies":"Blue Slaver","floor":5.0,"turns":2.0},{"damage":40.0,"enemies":"Lagavulin","floor":6.0,"turns":6.0},{"damage":0.0,"enemies":"Gremlin Nob","floor":8.0,"turns":2.0},{"damage":0.0,"enemies":"Large Slime","floor":11.0,"turns":2.0},{"damage":0.0,"enemies":"Lagavulin","floor":12.0,"turns":4.0},{"damage":0,"enemies":"Slime Boss","floor":16,"turns":6},{"damage":0,"enemies":"3 Byrds","floor":18,"turns":3},{"damage":0,"enemies":"2 Thieves","floor":19,"turns":3},{"damage":0,"enemies":"Cultist and Chosen","floor":22,"turns":4},{"damage":3,"enemies":"Book of Stabbing","floor":23,"turns":4},{"damage":0,"enemies":"Slavers","floor":25,"turns":2},{"damage":0,"enemies":"Gremlin Leader","floor":28,"turns":6},{"damage":0,"enemies":"Automaton","floor":33,"turns":9},{"damage":3,"enemies":"3 Darklings","floor":35,"turns":4},{"damage":0,"enemies":"3 Shapes","floor":36,"turns":6},{"damage":0,"enemies":"2 Orb Walkers","floor":37,"turns":5},{"damage":0,"enemies":"Writhing Mass","floor":39,"turns":6},{"damage":0,"enemies":"Sphere and 2 Shapes","floor":41,"turns":5},{"damage":0,"enemies":"Giant Head","floor":42,"turns":5},{"damage":0,"enemies":"3 Darklings","floor":44,"turns":3},{"damage":0,"enemies":"Nemesis","floor":45,"turns":5},{"damage":0,"enemies":"Giant Head","floor":47,"turns":8},{"damage":0,"enemies":"Writhing Mass","floor":48,"turns":3},{"damage":0,"enemies":"Donu and Deca","floor":50,"turns":8},{"damage":22,"enemies":"Shield and Spear","floor":54,"turns":4},{"damage":0,"enemies":"The Heart","floor":55,"turns":8}],"seed_played":"648429548317783742","potions_obtained":[{"floor":4.0,"key":"SteroidPotion"},{"floor":6.0,"key":"Regen Potion"},{"floor":12.0,"key":"Block Potion"},{"floor":19,"key":"Energy Potion"},{"floor":22,"key":"DuplicationPotion"},{"floor":23,"key":"FearPotion"},{"floor":25,"key":"DuplicationPotion"},{"floor":35,"key":"LiquidMemories"},{"floor":36,"key":"LiquidBronze"},{"floor":54,"key":"ColorlessPotion"}],"is_trial":false,"path_per_floor":["M","M","M","M","M","E","R","E","T","R","M","E","$","?","R","B",null,"M","M","?","?","M","E","R","E","T","?","E","$","R","T","R","B",null,"M","M","?","?","M","R","M","E","T","M","E","$","E","M","R","B",null,"R","$","E","B",null],"character_chosen":"DEFECT","items_purchased":["Anchor","CaptainsWheel","Bag of Preparation","OrangePellets","ClockworkSouvenir","Question Card","Toxic Egg 2","Molten Egg 2","Runic Capacitor","DataDisk","Sling","SkillPotion","Membership Card","Coolheaded+1","Medical Kit","Panacea+1","Chemical X","Happy Flower","Nunchaku","Bottled Flame","Orrery"],"campfire_rested":1,"item_purchase_floors":[0,0,0,0,0,0,0,0,0,0,0,0,13,13,29,29,46,46,46,53,53],"current_hp_per_floor":[68,68,67,67,67,27,49,49,49,49,49,49,49,34,34,34,65,65,65,65,65,66,76,76,76,76,76,76,76,76,76,76,76,76,76,76,76,76,76,76,76,76,76,76,76,76,76,76,76,76,76,76,76,57,60],"gold":59,"neow_bonus":"","is_daily":false,"chose_seed":false,"campfire_upgraded":7,"win_rate":0.0,"timestamp":1613236801,"path_taken":["M","M","M","M","M","E","R","E","T","R","M","E","$","?","R","BOSS","M","M","?","?","M","E","R","E","T","?","E","$","R","?","R","BOSS","M","M","?","?","?","R","M","E","T","M","E","?","E","M","R","BOSS","R","$","E","BOSS"],"items_purchased_type":["Relic","Relic","Relic","Relic","Relic","Relic","Relic","Relic","Relic","Relic","Relic","Potion","Relic","Card","Relic","Card","Relic","Relic","Relic","Relic","Relic"],"build_version":"2020-12-22","purchased_purges":3,"victory":true,"max_hp_per_floor":[75,75,75,75,75,75,75,75,75,75,75,75,75,75,75,75,75,75,75,66,66,66,76,76,76,76,76,76,76,76,76,76,76,76,76,76,76,76,76,76,76,76,76,76,76,76,76,76,76,76,76,76,76,76,76],"relic_stats":{"Regal Pillow":0,"Gremlin Horn":[10,10],"Happy Flower":[10],"counters":[153,673],"Eternal Feather":0,"Pen Nib":[17],"Bag of Preparation":[322],"Question Card":37,"Medical Kit":[8],"Smiling Mask":164,"MawBank":276,"OrangePellets":[68],"Lizard Tail":0,"Nunchaku":[3],"Chemical X":[4],"obtain_stats":[{"Ice Cream":19,"Gremlin Horn":9,"Vajra":5,"Runic Capacitor":53,"EVO:Axolotl":0,"Bottled Tornado":54,"Sling":0,"Blood Vial":12,"Centennial Puzzle":44,"Lizard Tail":13,"HornCleat":27,"DollysMirror":29,"Strawberry":8,"MealTicket":7,"Prayer Wheel":0,"Fusion Hammer":17,"Necronomicon":20,"Kunai":25,"Toxic Egg 2":0,"Pear":23,"Happy Flower":54,"Oddly Smooth Stone":19,"Velvet Choker":34,"Eternal Feather":47,"Pen Nib":24,"Letter Opener":26,"War Paint":9,"Question Card":45,"Akabeko":47,"Du-Vu Doll":12,"Runic Dome":0,"OrangePellets":0,"Bottled Flame":53,"Shuriken":9,"Bronze Scales":0,"Bird Faced Urn":46,"Snecko Eye":17,"Pandora\u0027s Box":34,"Molten Egg 2":0,"Unceasing Top":26,"Lantern":13,"Regal Pillow":8,"Singing Bowl":9,"Torii":29,"Mango":14,"Juzu Bracelet":8,"Bag of Preparation":47,"Ancient Tea Set":0,"Smiling Mask":31,"ClockworkSouvenir":0,"Dream Catcher":12,"Nunchaku":44,"Mummified Hand":39,"Pantograph":7,"WingedGreaves":26,"Chemical X":39,"Cracked Core":0,"InkBottle":6,"Runic Pyramid":17,"Potion Belt":0,"Lee\u0027s Waffle":44,"Inserter":17,"Golden Idol":7,"Thread and Needle":37,"PreservedInsect":31,"The Courier":14,"Orichalcum":31,"Odd Mushroom":10,"Frozen Egg 2":0,"Medical Kit":53,"MawBank":45,"Mercury Hourglass":9,"Strange Spoon":0,"Anchor":0,"CaptainsWheel":13,"DataDisk":40,"Orrery":19,"Coffee Dripper":0,"Art of War":27,"Membership Card":19,"Toy Ornithopter":53},{"Ice Cream":12,"Gremlin Horn":24,"Vajra":37,"Runic Capacitor":121,"EVO:Axolotl":0,"Bottled Tornado":122,"Sling":123,"Blood Vial":39,"Centennial Puzzle":56,"Lizard Tail":67,"HornCleat":46,"DollysMirror":108,"Strawberry":97,"MealTicket":6,"Prayer Wheel":90,"Fusion Hammer":41,"Necronomicon":12,"Kunai":106,"Toxic Egg 2":123,"Pear":137,"Happy Flower":89,"Oddly Smooth Stone":42,"Velvet Choker":50,"Eternal Feather":59,"Pen Nib":14,"Letter Opener":14,"War Paint":37,"Question Card":118,"Akabeko":86,"Du-Vu Doll":8,"Runic Dome":1,"OrangePellets":90,"Bottled Flame":151,"Shuriken":66,"Bronze Scales":90,"Bird Faced Urn":119,"Snecko Eye":69,"Pandora\u0027s Box":77,"Molten Egg 2":123,"Unceasing Top":45,"Lantern":67,"Regal Pillow":130,"Singing Bowl":6,"Torii":108,"Mango":27,"Juzu Bracelet":24,"Bag of Preparation":119,"Ancient Tea Set":18,"Smiling Mask":139,"ClockworkSouvenir":90,"Dream Catcher":26,"Nunchaku":56,"Mummified Hand":81,"Pantograph":66,"WingedGreaves":73,"Chemical X":81,"Cracked Core":0,"InkBottle":95,"Runic Pyramid":133,"Potion Belt":90,"Lee\u0027s Waffle":56,"Inserter":28,"Golden Idol":37,"Thread and Needle":143,"PreservedInsect":76,"The Courier":98,"Orichalcum":17,"Odd Mushroom":38,"Frozen Egg 2":90,"Medical Kit":88,"MawBank":148,"Mercury Hourglass":97,"Strange Spoon":90,"Anchor":61,"CaptainsWheel":67,"DataDisk":82,"Orrery":42,"Coffee Dripper":0,"Art of War":15,"Membership Card":12,"Toy Ornithopter":88},{"Ice Cream":38,"Gremlin Horn":75,"Vajra":139,"Runic Capacitor":530,"EVO:Axolotl":0,"Bottled Tornado":534,"Sling":539,"Blood Vial":145,"Centennial Puzzle":228,"Lizard Tail":291,"HornCleat":173,"DollysMirror":462,"Strawberry":412,"MealTicket":19,"Prayer Wheel":391,"Fusion Hammer":153,"Necronomicon":38,"Kunai":452,"Toxic Egg 2":539,"Pear":586,"Happy Flower":383,"Oddly Smooth Stone":156,"Velvet Choker":195,"Eternal Feather":248,"Pen Nib":45,"Letter Opener":45,"War Paint":139,"Question Card":517,"Akabeko":370,"Du-Vu Doll":23,"Runic Dome":1,"OrangePellets":391,"Bottled Flame":661,"Shuriken":287,"Bronze Scales":391,"Bird Faced Urn":522,"Snecko Eye":298,"Pandora\u0027s Box":336,"Molten Egg 2":539,"Unceasing Top":168,"Lantern":291,"Regal Pillow":560,"Singing Bowl":19,"Torii":462,"Mango":90,"Juzu Bracelet":75,"Bag of Preparation":522,"Ancient Tea Set":58,"Smiling Mask":594,"ClockworkSouvenir":391,"Dream Catcher":86,"Nunchaku":228,"Mummified Hand":353,"Pantograph":287,"WingedGreaves":315,"Chemical X":353,"Cracked Core":0,"InkBottle":405,"Runic Pyramid":572,"Potion Belt":391,"Lee\u0027s Waffle":228,"Inserter":101,"Golden Idol":139,"Thread and Needle":618,"PreservedInsect":327,"The Courier":417,"Orichalcum":55,"Odd Mushroom":142,"Frozen Egg 2":391,"Medical Kit":381,"MawBank":642,"Mercury Hourglass":412,"Strange Spoon":391,"Anchor":271,"CaptainsWheel":291,"DataDisk":356,"Orrery":156,"Coffee Dripper":0,"Art of War":48,"Membership Card":38,"Toy Ornithopter":381}]},"card_choices":[{"not_picked":["Static Discharge","Blizzard+1","Melter+1"],"picked":"Sweeping Beam+1","floor":1.0},{"not_picked":["Loop","Gash+1","Beam Cell+1"],"picked":"Sweeping Beam+1","floor":2.0},{"not_picked":["Stack+1","Hologram+1","Redo+1"],"picked":"Sweeping Beam+1","floor":3.0},{"not_picked":["Leap+1","Reprogram+1","Stack+1"],"picked":"White Noise+1","floor":4.0},{"not_picked":["Aggregate+1","Turbo+1","Leap+1"],"picked":"Streamline+1","floor":5.0},{"not_picked":["Streamline+1","Heatsinks","Steam Power+1","Compile Driver+1"],"picked":"SKIP","floor":6.0},{"not_picked":["Ball Lightning+1","Hello World","Hologram+1"],"picked":"Conserve Battery+1","floor":8.0},{"not_picked":["Cold Snap+1","Turbo+1","Redo+1"],"picked":"Defragment","floor":11.0},{"not_picked":["Skim+1","Stack+1","Rip and Tear+1"],"picked":"Cold Snap+1","floor":12.0},{"not_picked":["Multi-Cast+1","Seek+1","Reboot+1"],"picked":"Biased Cognition","floor":16},{"not_picked":["Ball Lightning+1","Skim+1","Undo+1"],"picked":"Stack+1","floor":18},{"not_picked":["Rebound+1","Sweeping Beam+1","Beam Cell+1"],"picked":"Cold Snap+1","floor":19},{"not_picked":["Steam+1","Fusion+1","Leap+1"],"picked":"Conserve Battery+1","floor":22},{"not_picked":["Rainbow+1","Redo+1","Beam Cell+1"],"picked":"Cold Snap+1","floor":23},{"not_picked":["Blizzard+1","Fusion+1","Hologram+1"],"picked":"Buffer","floor":25},{"not_picked":["Hello World","Sunder+1","Scrape+1"],"picked":"Tempest+1","floor":28},{"not_picked":["Machine Learning","Reboot+1","Multi-Cast+1"],"picked":"Echo Form","floor":33},{"not_picked":["Undo+1","Coolheaded+1","Streamline+1"],"picked":"Glacier+1","floor":35},{"not_picked":["Ball Lightning+1","Aggregate+1","Recycle+1"],"picked":"White Noise+1","floor":36},{"not_picked":["Conserve Battery+1","Redo+1","Stack+1"],"picked":"Ball Lightning+1","floor":39},{"not_picked":["Gash+1","Coolheaded+1","Barrage+1","Rebound+1"],"picked":"SKIP","floor":41},{"not_picked":["Skim+1","Sweeping Beam+1","Gash+1"],"picked":"Biased Cognition+1","floor":42},{"not_picked":["Streamline+1","Conserve Battery+1","Heatsinks+1"],"picked":"Capacitor+1","floor":44},{"not_picked":["Skim+1","Compile Driver+1","Barrage+1"],"picked":"Darkness+1","floor":45},{"not_picked":["Coolheaded+1","Steam+1","Hyperbeam+1"],"picked":"Turbo+1","floor":47},{"not_picked":["Fusion+1","Sweeping Beam+1","BootSequence+1","Steam+1"],"picked":"SKIP","floor":48},{"not_picked":["Glacier+1","Sweeping Beam+1","Fusion+1"],"picked":"Echo Form+1","floor":53},{"not_picked":["Darkness+1","Leap+1","Ball Lightning+1"],"picked":"Static Discharge+1","floor":53},{"not_picked":["Multi-Cast+1","Stack+1","Streamline+1"],"picked":"Undo+1","floor":53},{"not_picked":["Self Repair+1","Go for the Eyes+1","Cold Snap+1"],"picked":"Undo+1","floor":53},{"not_picked":["Chaos+1","Redo+1","Compile Driver+1"],"picked":"Stack+1","floor":53},{"not_picked":["Steam+1","FTL+1","Barrage+1","Compile Driver+1"],"picked":"SKIP","floor":54}],"player_experience":416419,"relics_obtained":[{"floor":6.0,"key":"Pen Nib"},{"floor":8.0,"key":"Regal Pillow"},{"floor":9.0,"key":"Potion Belt"},{"floor":12.0,"key":"Lantern"},{"floor":23,"key":"Pear"},{"floor":25,"key":"Lizard Tail"},{"floor":28,"key":"Eternal Feather"},{"floor":31,"key":"Smiling Mask"},{"floor":37,"key":"Thread and Needle"},{"floor":42,"key":"Frozen Egg 2"},{"floor":43,"key":"Gremlin Horn"},{"floor":45,"key":"MawBank"},{"floor":47,"key":"Oddly Smooth Stone"},{"floor":54,"key":"Akabeko"}],"event_choices":[{"damage_healed":49.0,"max_hp_gain":0.0,"max_hp_loss":75.0,"gold_gain":0.0,"event_name":"betterThird:BetterShining","player_choice":"Upgrade","floor":14.0,"gold_loss":0.0,"damage_taken":15.0,"cards_upgraded":["Defend_B","Defend_B"]},{"damage_healed":0,"gold_gain":0,"player_choice":"Became a vampire","damage_taken":0,"max_hp_gain":0,"max_hp_loss":9,"event_name":"Vampires","floor":20,"gold_loss":0,"cards_obtained":["Bite","Bite"]},{"cards_removed":["Defend_B"],"damage_healed":0,"gold_gain":0,"player_choice":"Gave Gold","damage_taken":0,"max_hp_gain":0,"max_hp_loss":0,"event_name":"Beggar","floor":21,"gold_loss":75},{"damage_healed":0,"gold_gain":0,"player_choice":"Ignored","damage_taken":0,"max_hp_gain":0,"max_hp_loss":0,"event_name":"Ghosts","floor":27,"gold_loss":0},{"damage_healed":0,"gold_gain":0,"player_choice":"Fight","damage_taken":0,"max_hp_gain":0,"max_hp_loss":0,"event_name":"Mysterious Sphere","floor":37,"gold_loss":0},{"damage_healed":0,"gold_gain":0,"player_choice":"Copied","damage_taken":0,"max_hp_gain":0,"max_hp_loss":0,"event_name":"Duplicator","floor":38,"gold_loss":0,"cards_obtained":["Biased Cognition"]}],"is_beta":false,"boss_relics":[{"not_picked":["Busted Crown","Sozu"],"picked":"Runic Pyramid"},{"not_picked":["Philosopher\u0027s Stone","Calling Bell"],"picked":"Coffee Dripper"}],"items_purged_floors":[13,13,46],"is_endless":false,"potions_floor_spawned":[4,5,6,12,19,22,23,25,35,36,41,47,54],"ascension_level":12}}