{"host":"050ensmz1fh1c58u","time":1613209344,"event":{"mods":["BaseMod","Downfall","Gremlin Mod","Minty Spire (QoL Compilation)","READ ME - Guardian Mod","StSLib","The Animator","The Bug Knight","The Cursed","The Disciple","The Servant 0.9.4"],"gold_per_floor":[99,119,137,149,165,75,75,175,8,33,33,62,62,62,74,179,179,179,199,216,216,45,63,63,63,88,106,6,20,20,20,31,128,128,128,145,162,178,178,178,224,24,24,24,24,51,100,135,145,145,145,171,24,24,24,24],"floor_reached":57,"language":"ENG","playtime":7393,"items_purged":["Guardian:Defend_Guardian"],"score":1638,"play_id":"2efe0873-9991-4e58-89cb-c07c7c8d3a8f","local_time":"20210213104224","is_ascension_mode":true,"campfire_choices":[{"data":"Guardian:SentryBeam","floor":1,"key":"SMITH"},{"data":"Guardian:CurlUp","floor":11,"key":"SMITH"},{"data":"Guardian:SentryBeam","floor":13,"key":"SMITH"},{"data":"Guardian:StasisStrike","floor":18,"key":"SMITH"},{"data":"Guardian:TwinSlam","floor":28,"key":"SMITH"},{"data":"Guardian:FuturePlans","floor":35,"key":"SMITH"},{"floor":40,"key":"RECALL"},{"data":"Guardian:Orbwalk","floor":42,"key":"SMITH"},{"floor":54,"key":"REST"}],"circlet_count":0,"master_deck":["Guardian:Strike_Guardian","Guardian:Strike_Guardian","Guardian:Defend_Guardian","Guardian:Defend_Guardian+1","Guardian:CurlUp+1","Guardian:TwinSlam+1","Guardian:SentryBeam+1","Guardian:Recover+1","Guardian:FuturePlans+1","Guardian:ConstructionForm","Guardian:Incinerate","Guardian:SentryBeam+1","Guardian:StasisStrike+1","Necronomicurse","Guardian:Incinerate+1","Guardian:RevengeProtocol","Guardian:Orbwalk+1","Doubt","expansioncontent:AwakenDeath","Guardian:Gem_Fragmented","Guardian:Gem_Cyan","Guardian:Gem_Red","Guardian:VentSteam","Guardian:Clone","Guardian:Reroute+1","Guardian:Emergency+1"],"relics":["Guardian:ModeShifter","Mummified Hand","Guardian:StasisUpgradeRelic","HornCleat","Slimebound:PreparedRelic","Runic Pyramid","War Paint","hexamod:CandleOfCauterizing","Necronomicon","Juzu Bracelet","downfall:HeartBlessingGreen","Cursed Key","downfall:HeartBlessingRed","downfall:HeartBlessingBlue","Guardian:SackOfGems","Bird Faced Urn","PreservedInsect","Lantern","OrangePellets"],"acts_visited":["Exordium","TheCity","TheBeyond","TheEnding"],"potions_floor_usage":[16,19,47,47,47,48,50,52,52],"damage_taken":[{"damage":10,"enemies":"2 Louse","floor":2,"turns":2},{"damage":0,"enemies":"Cultist","floor":3,"turns":3},{"damage":2,"enemies":"Jaw Worm","floor":4,"turns":4},{"damage":5,"enemies":"2 Fungi Beasts","floor":5,"turns":4},{"damage":0,"enemies":"downfall:FleeingMerchant","floor":6,"turns":4},{"damage":5,"enemies":"downfall:FleeingMerchant","floor":9,"turns":4},{"damage":0,"enemies":"Lagavulin","floor":10,"turns":6},{"damage":0,"enemies":"3 Sentries","floor":12,"turns":6},{"damage":8,"enemies":"Exordium Thugs","floor":15,"turns":4},{"damage":0,"enemies":"DF_ARCHETYPE_STREAMLINE","floor":16,"turns":7},{"damage":0,"enemies":"3 Byrds","floor":19,"turns":3},{"damage":5,"enemies":"Shell Parasite","floor":20,"turns":4},{"damage":0,"enemies":"downfall:FleeingMerchant","floor":22,"turns":4},{"damage":12,"enemies":"Shelled Parasite and Fungi","floor":23,"turns":5},{"damage":19,"enemies":"Slavers","floor":26,"turns":8},{"damage":0,"enemies":"Snecko","floor":27,"turns":4},{"damage":0,"enemies":"Snake Plant","floor":29,"turns":3},{"damage":0,"enemies":"Centurion and Healer","floor":32,"turns":5},{"damage":0,"enemies":"WA_ARCHETYPE_CALM","floor":33,"turns":7},{"damage":0,"enemies":"3 Shapes","floor":36,"turns":4},{"damage":0,"enemies":"3 Darklings","floor":37,"turns":5},{"damage":0,"enemies":"Sphere and 2 Shapes","floor":38,"turns":6},{"damage":0,"enemies":"Giant Head","floor":46,"turns":7},{"damage":19,"enemies":"2 Orb Walkers","floor":47,"turns":5},{"damage":19,"enemies":"HollowMod:StalkingDevout","floor":48,"turns":7},{"damage":16,"enemies":"Jaw Worm Horde","floor":49,"turns":6},{"damage":16,"enemies":"IC_BLOCK_ARCHETYPE","floor":50,"turns":9},{"damage":93,"enemies":"downfall:CharBossMerchant","floor":52,"turns":7},{"damage":12,"enemies":"downfall:NeowBoss","floor":55,"turns":12},{"damage":61,"enemies":"downfall:NeowBossFinal","floor":56,"turns":10}],"seed_played":"-6797587972437580148","potions_obtained":[{"floor":4,"key":"LiquidBronze"},{"floor":5,"key":"CultistPotion"},{"floor":15,"key":"BlessingOfTheForge"},{"floor":16,"key":"FearPotion"},{"floor":19,"key":"GamblersBrew"},{"floor":29,"key":"SteroidPotion"},{"floor":33,"key":"DistilledChaos"},{"floor":36,"key":"EntropicBrew"},{"floor":48,"key":"Fire Potion"},{"floor":52,"key":"Fruit Juice"}],"is_trial":false,"path_per_floor":["R","M","M","M","M","$","T","?","$","E","R","E","R","?","M","B",null,"R","M","M","?","$","M","T","?","E","M","R","M","?","?","M","B",null,"R","M","M","M","?","R","T","R","?","?","?","E","?","E","M","B",null,"E","$","R","B","B",null],"character_chosen":"GUARDIAN","items_purchased":["Guardian:StasisUpgradeRelic","War Paint","OrangePellets"],"campfire_rested":1,"item_purchase_floors":[9,22,53],"current_hp_per_floor":[80,70,70,68,63,63,63,63,58,58,58,58,58,58,50,50,73,73,73,68,68,68,56,56,40,21,21,21,21,21,21,21,21,65,65,65,65,65,65,65,65,75,75,75,75,75,56,49,43,37,77,32,32,60,60,9],"gold":24,"neow_bonus":"TRANSFORM_CARD","is_daily":false,"chose_seed":false,"campfire_upgraded":7,"win_rate":0.0,"timestamp":1613209344,"path_taken":["R","M","M","M","M","$","T","?","?","E","R","E","R","?","M","BOSS","R","M","?","?","$","M","T","?","E","M","R","M","?","?","M","BOSS","R","M","M","M","?","R","T","R","?","?","?","E","?","E","M","BOSS","E","$","R","BOSS","BOSS"],"items_purchased_type":["Relic","Relic","Relic"],"build_version":"2020-12-22","purchased_purges":1,"victory":true,"max_hp_per_floor":[80,80,80,80,80,80,80,80,80,80,80,80,80,80,80,80,80,80,80,80,80,80,80,80,80,80,80,80,80,80,80,80,80,80,80,80,80,80,80,80,80,90,90,90,90,90,90,90,90,90,90,95,95,95,95,95],"card_choices":[{"not_picked":["Guardian:Gem_Red","Guardian:CrystalBeam","Guardian:ShieldCharger"],"picked":"SKIP","floor":2},{"not_picked":["Guardian:Reroute","Guardian:TemporalShield"],"picked":"Guardian:Recover","floor":3},{"not_picked":["Guardian:VentSteam","Guardian:Gem_Red","Guardian:DonusPower"],"picked":"SKIP","floor":4},{"not_picked":["Guardian:Clone","Guardian:DonusPower"],"picked":"Guardian:FuturePlans","floor":5},{"not_picked":["Guardian:ShieldCharger","Guardian:TemporalStrike","Guardian:HyperBeam_Guardian"],"picked":"SKIP","floor":6},{"not_picked":["Guardian:Reroute","Guardian:BronzeOrb"],"picked":"Guardian:ConstructionForm","floor":9},{"not_picked":["Guardian:CrystalBeam","Guardian:RollAttack"],"picked":"Guardian:Incinerate","floor":10},{"not_picked":["Guardian:Reroute","Guardian:ChargeCore"],"picked":"Guardian:SentryBeam","floor":12},{"not_picked":["Guardian:WalkerClaw","Guardian:EvasiveProtocol"],"picked":"Guardian:Gem_Purple","floor":15},{"not_picked":["Guardian:TimeSifter","Guardian:FierceBash"],"picked":"Guardian:StasisStrike","floor":16},{"not_picked":["Guardian:TimeCapacitor","Guardian:ShieldCharger"],"picked":"Guardian:Gem_Fragmented","floor":19},{"not_picked":["Guardian:RefractedBeam","Guardian:Gem_Cyan"],"picked":"Guardian:Gem_Crimson","floor":20},{"not_picked":["Guardian:Preprogram","Guardian:WalkerClaw","Guardian:ChargeCore+1"],"picked":"SKIP","floor":22},{"not_picked":["Guardian:Gem_Green","Guardian:PolyBeam","Guardian:RollAttack"],"picked":"SKIP","floor":23},{"not_picked":["Guardian:Gem_Red","Guardian:ArmoredProtocol"],"picked":"Guardian:Incinerate+1","floor":26},{"not_picked":["Guardian:PrimingBeam","Guardian:Repulse","Guardian:Suspension+1"],"picked":"SKIP","floor":27},{"not_picked":["Guardian:WalkerClaw","Guardian:Reroute+1","Guardian:Gem_Red"],"picked":"SKIP","floor":29},{"not_picked":["Guardian:Recover+1","Guardian:PiercingHide","Guardian:Gem_Red"],"picked":"SKIP","floor":32},{"not_picked":["Guardian:StasisStrike","Guardian:HyperBeam_Guardian"],"picked":"Guardian:RevengeProtocol","floor":33},{"not_picked":["Guardian:PrismaticBeam+1","Guardian:RollAttack","Guardian:Gem_Cyan"],"picked":"SKIP","floor":36},{"not_picked":["Guardian:TimeCapacitor+1","Guardian:TemporalStrike","Guardian:Gem_Cyan"],"picked":"SKIP","floor":37},{"not_picked":["Guardian:Gem_Red","Guardian:RollAttack"],"picked":"Guardian:Orbwalk","floor":38},{"not_picked":["expansioncontent:Chronoboost","expansioncontent:HyperBeam"],"picked":"expansioncontent:AwakenDeath","floor":43},{"not_picked":["Guardian:BronzeOrb+1","Guardian:BodySlam"],"picked":"Guardian:VentSteam","floor":46},{"not_picked":["Guardian:BodySlam+1","Guardian:Gem_Cyan"],"picked":"Guardian:Clone","floor":47},{"not_picked":["Guardian:RollAttack","Guardian:Gem_Purple"],"picked":"Guardian:Reroute+1","floor":48},{"not_picked":["Guardian:BronzeOrb+1","Guardian:Gem_Red"],"picked":"Guardian:Emergency+1","floor":49},{"not_picked":["Guardian:RollAttack","Guardian:TemporalStrike","Guardian:DecasProtection"],"picked":"SKIP","floor":52}],"player_experience":1608141,"relics_obtained":[{"floor":7,"key":"Mummified Hand"},{"floor":10,"key":"HornCleat"},{"floor":12,"key":"Slimebound:PreparedRelic"},{"floor":24,"key":"hexamod:CandleOfCauterizing"},{"floor":25,"key":"Necronomicon"},{"floor":26,"key":"Juzu Bracelet"},{"floor":46,"key":"Guardian:SackOfGems"},{"floor":47,"key":"Bird Faced Urn"},{"floor":48,"key":"PreservedInsect"},{"floor":52,"key":"Lantern"}],"event_choices":[{"damage_healed":0,"gold_gain":0,"player_choice":"Ignored","damage_taken":0,"max_hp_gain":0,"max_hp_loss":0,"event_name":"Vampires","floor":30,"gold_loss":0},{"damage_healed":0,"gold_gain":0,"player_choice":"Read","damage_taken":0,"max_hp_gain":0,"max_hp_loss":0,"event_name":"The Library","floor":31,"gold_loss":0,"cards_obtained":["Guardian:Gem_Yellow"]},{"cards_removed":["Guardian:Strike_Guardian"],"damage_healed":0,"gold_gain":0,"player_choice":"Removed Attack","damage_taken":0,"max_hp_gain":0,"max_hp_loss":0,"event_name":"Falling","floor":45,"gold_loss":0},{"damage_healed":0,"gold_gain":0,"player_choice":"Fight","damage_taken":0,"max_hp_gain":0,"max_hp_loss":0,"event_name":"Mysterious Sphere","floor":47,"gold_loss":0}],"is_beta":false,"boss_relics":[{"not_picked":["Velvet Choker","Tiny House"],"picked":"Runic Pyramid"},{"not_picked":["SacredBark","Calling Bell"],"picked":"Cursed Key"}],"items_purged_floors":[6],"is_endless":false,"potions_floor_spawned":[4,5,15,16,19,27,29,33,36,38,46,48,52],"ascension_level":5}}