{"host":"qrt7o4dq2qslzw13","time":1613249077,"event":{"mods":["AchievementEnabler","BaseMod","Colored Map","Colored Powertips","Minty Spire (QoL Compilation)","Quick Restart","StSLib","SuperFastMode"],"gold_per_floor":[112,187,207,307,318,318,44,44,71,131,131,146,157,183,183,183,183],"floor_reached":16,"language":"ENG","playtime":217,"items_purged":[],"score":200,"play_id":"f668bad7-5251-4326-af5e-f178f4d56d2d","local_time":"20210213154437","is_ascension_mode":true,"campfire_choices":[{"data":"Whirlwind","floor":6.0,"key":"SMITH"},{"data":"Bash","floor":8.0,"key":"SMITH"},{"floor":15,"key":"REST"}],"circlet_count":0,"master_deck":["AscendersBane","Strike_R","Strike_R","Strike_R","Strike_R","Strike_R","Defend_R","Defend_R","Defend_R","Defend_R","Bash+1","Good Instincts","Whirlwind+1","Cleave","Swift Strike","Parasite","Combust","Thunderclap"],"relics":["Burning Blood","Centennial Puzzle","Ancient Tea Set","Blue Candle","Sundial"],"acts_visited":["Exordium"],"potions_floor_usage":[14],"damage_taken":[{"damage":11.0,"enemies":"Small Slimes","floor":1.0,"turns":5.0},{"damage":0.0,"enemies":"2 Louse","floor":3.0,"turns":1.0},{"damage":0.0,"enemies":"Cultist","floor":5.0,"turns":3.0},{"damage":33.0,"enemies":"Gremlin Nob","floor":10.0,"turns":4.0},{"damage":10.0,"enemies":"Blue Slaver","floor":12.0,"turns":3.0},{"damage":7.0,"enemies":"2 Fungi Beasts","floor":13.0,"turns":3.0},{"damage":42,"enemies":"Gremlin Nob","floor":14,"turns":5},{"damage":62,"enemies":"Hexaghost","floor":16,"turns":9}],"seed_played":"-1171022950894102509","potions_obtained":[{"floor":3.0,"key":"FearPotion"},{"floor":12.0,"key":"SkillPotion"},{"floor":13.0,"key":"Block Potion"},{"floor":14,"key":"FairyPotion"}],"is_trial":false,"path_per_floor":["M","?","M","?","M","R","$","R","T","?","?","M","M","E","R","B"],"character_chosen":"IRONCLAD","items_purchased":["Swift Strike","Centennial Puzzle"],"campfire_rested":1,"item_purchase_floors":[7,7],"current_hp_per_floor":[63,52,58,58,64,64,64,64,64,37,55,51,50,14,36,0,0],"gold":183,"neow_bonus":"RANDOM_COLORLESS","is_daily":false,"chose_seed":false,"campfire_upgraded":2,"win_rate":0.0,"timestamp":1613249077,"path_taken":["M","?","M","?","?","R","$","R","T","?","?","M","M","E","R","BOSS"],"items_purchased_type":["Card","Relic"],"build_version":"2020-12-22","purchased_purges":0,"victory":false,"max_hp_per_floor":[75,75,75,75,75,75,75,75,75,75,75,75,75,75,75,75,75],"card_choices":[{"not_picked":["Purity","Forethought"],"picked":"Good Instincts","floor":0.0},{"not_picked":["Shockwave","Perfected Strike"],"picked":"Whirlwind","floor":1.0},{"not_picked":["Pommel Strike","Reckless Charge"],"picked":"Cleave","floor":3.0},{"not_picked":["Anger","Clothesline","Cleave"],"picked":"SKIP","floor":5.0},{"not_picked":["Havoc","Cleave","Entrench"],"picked":"SKIP","floor":12.0},{"not_picked":["Carnage","True Grit"],"picked":"Combust","floor":13.0},{"not_picked":["Anger","Heavy Blade"],"picked":"Thunderclap","floor":14}],"player_experience":633877,"relics_obtained":[{"floor":9.0,"key":"Ancient Tea Set"},{"floor":14,"key":"Sundial"}],"event_choices":[{"damage_healed":0.0,"max_hp_gain":0.0,"max_hp_loss":0.0,"gold_gain":75.0,"event_name":"World of Goop","player_choice":"Gather Gold","floor":2.0,"gold_loss":0.0,"damage_taken":11.0},{"damage_healed":0.0,"max_hp_gain":0.0,"max_hp_loss":0.0,"gold_gain":100.0,"event_name":"Wheel of Change","player_choice":"Gold","floor":4.0,"gold_loss":0.0,"damage_taken":0.0},{"damage_healed":0.0,"max_hp_gain":0.0,"max_hp_loss":0.0,"gold_gain":30.0,"event_name":"Dead Adventurer","player_choice":"Searched \u00273\u0027 times","floor":10.0,"gold_loss":0.0,"damage_taken":0.0,"relics_obtained":["Blue Candle"]},{"damage_healed":18.0,"max_hp_gain":0.0,"max_hp_loss":0.0,"gold_gain":0.0,"event_name":"Mushrooms","player_choice":"Healed and dodged fight","floor":11.0,"gold_loss":0.0,"damage_taken":0.0,"cards_obtained":["Parasite"]}],"is_beta":false,"boss_relics":[],"items_purged_floors":[],"is_endless":false,"potions_floor_spawned":[3,12,13,14],"killed_by":"Hexaghost","ascension_level":20}}