{"host":"l15sdf2mmi0nobpi","time":1613230058,"event":{"mods":["ATMod(°¢èªMod)","BaseMod","Highlight Path","Minty Spire (QoL Compilation)","Quick Restart","StSLib","The Runesmith","The Senshi","¡¾¹¦ÄÜMod¡¿Neow½±Àø"],"gold_per_floor":[115,40,52,52,68,68,99,49,49,49,85,85,119,137,137,262,262,282,282,306,405,405,439,439,459,459,459,459,490,490,278,278,375,375,386,401,414,414,432,432,465,465,465,193,222,222,243,287,287,287,287,287,10,35,35],"floor_reached":56,"language":"ZHS","playtime":131266,"items_purged":["Runesmith:Strike_RS","Runesmith:Strike_RS","Runesmith:CraftFirestone","Runesmith:Defend_RS"],"score":2060,"play_id":"145a9519-bc55-409b-824f-4602e0d51aee","local_time":"20210213232738","is_ascension_mode":true,"campfire_choices":[{"data":"Runesmith:Grindstone","floor":6.0,"key":"SMITH"},{"data":"AT_FamilyPortrait","floor":10.0,"key":"SMITH"},{"data":"Runesmith:CraftIncendium","floor":12.0,"key":"SMITH"},{"data":"Runesmith:Fortify","floor":15.0,"key":"SMITH"},{"floor":24.0,"key":"RECALL"},{"floor":32.0,"key":"REST"},{"floor":40.0,"key":"REST"},{"floor":42.0,"key":"REST"},{"floor":49.0,"key":"DIG"},{"floor":52.0,"key":"DIG"}],"circlet_count":0,"master_deck":["Runesmith:Defend_RS","Runesmith:Defend_RS","Runesmith:Defend_RS","Runesmith:Fortify+1","Runesmith:Grindstone+1","Runesmith:CraftIncendium+1","Runesmith:CraftProtectio+1","Runesmith:EarthShield+1","Runesmith:CraftMagma+1","Runesmith:LightningRod+1","Runesmith:RuneHurl","Runesmith:Repurpose+1","Runesmith:Reinforce+1","Runesmith:CraftMagma+1","Runesmith:Firestorm","Runesmith:Permafrost","Runesmith:OneForEveryone","Runesmith:CreatorForm","Runesmith:Prism+1","Runesmith:GoWithTheFlow+1","Madness+1","Madness+1","Runesmith:BackupBattery+1","Parasite","Runesmith:EnergizedChisel+1"],"relics":["Runesmith:BrokenRuby","AT_ATBox","Bloody Idol","Toxic Egg 2","Sundial","Juzu Bracelet","Fusion Hammer","AT_Kusabimaru","Pocketwatch","Tiny Chest","FossilizedHelix","Runic Pyramid","AT_ChloranthyRing","CeramicFish","Shovel","Gambling Chip","Mango","Pantograph","Vajra"],"acts_visited":["Exordium","TheCity","TheBeyond","TheEnding"],"potions_floor_usage":[55,55],"damage_taken":[{"damage":5.0,"enemies":"Jaw Worm","floor":1.0,"turns":5.0},{"damage":4.0,"enemies":"Small Slimes","floor":3.0,"turns":6.0},{"damage":0.0,"enemies":"2 Louse","floor":5.0,"turns":5.0},{"damage":6.0,"enemies":"Lagavulin","floor":7.0,"turns":7.0},{"damage":25.0,"enemies":"3 Sentries","floor":11.0,"turns":11.0},{"damage":0.0,"enemies":"2 Fungi Beasts","floor":13.0,"turns":4.0},{"damage":5.0,"enemies":"Looter","floor":14.0,"turns":5.0},{"damage":0.0,"enemies":"Hexaghost","floor":16.0,"turns":9.0},{"damage":0.0,"enemies":"Shell Parasite","floor":18.0,"turns":6.0},{"damage":10.0,"enemies":"Chosen","floor":20.0,"turns":5.0},{"damage":22.0,"enemies":"Slavers","floor":23.0,"turns":8.0},{"damage":0.0,"enemies":"3 Cultists","floor":25.0,"turns":4.0},{"damage":4.0,"enemies":"Book of Stabbing","floor":29.0,"turns":8.0},{"damage":0.0,"enemies":"Collector","floor":33.0,"turns":10.0},{"damage":0.0,"enemies":"3 Darklings","floor":35.0,"turns":5.0},{"damage":0.0,"enemies":"Orb Walker","floor":36.0,"turns":5.0},{"damage":0.0,"enemies":"Jaw Worm Horde","floor":37.0,"turns":7.0},{"damage":0.0,"enemies":"Spire Growth","floor":39.0,"turns":6.0},{"damage":0.0,"enemies":"Reptomancer","floor":41.0,"turns":7.0},{"damage":0.0,"enemies":"Giant Head","floor":45.0,"turns":13.0},{"damage":4.0,"enemies":"Writhing Mass","floor":47.0,"turns":9.0},{"damage":0.0,"enemies":"Reptomancer","floor":48.0,"turns":6.0},{"damage":0.0,"enemies":"Time Eater","floor":50.0,"turns":17.0},{"damage":27.0,"enemies":"Shield and Spear","floor":54.0,"turns":9.0},{"damage":71,"enemies":"The Heart","floor":55,"turns":16}],"seed_played":"-5255307123360296659","potions_obtained":[{"floor":1.0,"key":"Regen Potion"},{"floor":7.0,"key":"SpeedPotion"},{"floor":13.0,"key":"AttackPotion"},{"floor":16.0,"key":"DistilledChaos"},{"floor":23.0,"key":"AttackPotion"},{"floor":25.0,"key":"Strength Potion"},{"floor":36.0,"key":"DistilledChaos"},{"floor":45.0,"key":"Dexterity Potion"},{"floor":48.0,"key":"Strength Potion"}],"is_trial":false,"path_per_floor":["M","$","M","?","M","R","E","?","T","R","E","R","M","M","R","B",null,"M","?","M","?","?","E","R","M","T","?","?","E","?","$","R","B",null,"M","M","M","?","M","R","E","R","T","$","E","?","M","E","R","B",null,"R","$","E","B",null],"character_chosen":"RUNESMITH_CLASS","items_purchased":["Runesmith:Permafrost","Runesmith:OneForEveryone","AT_ChloranthyRing","AttackPotion","LiquidBronze"],"campfire_rested":3,"item_purchase_floors":[31,31,44,53,53],"current_hp_per_floor":[58,58,54,54,54,54,48,48,48,48,23,23,23,18,18,18,53,53,53,43,43,43,36,36,36,36,75,75,71,71,71,75,75,75,75,75,75,66,71,75,75,75,75,75,75,75,75,75,89,89,89,89,89,67,18],"gold":35,"neow_bonus":"REMOVE_CARD","is_daily":false,"chose_seed":false,"campfire_upgraded":4,"win_rate":0.0,"timestamp":1613230058,"path_taken":["M","$","M","?","M","R","E","?","T","R","E","R","M","M","R","BOSS","M","?","M","?","?","E","R","M","T","?","?","E","?","$","R","BOSS","M","M","M","?","M","R","E","R","T","$","E","?","M","E","R","BOSS","R","$","E","BOSS"],"items_purchased_type":["Card","Card","Relic","Potion","Potion"],"build_version":"2020-12-22","purchased_purges":4,"victory":true,"max_hp_per_floor":[70,70,70,65,65,65,65,65,65,65,65,65,65,65,65,65,65,65,65,65,65,65,65,65,65,65,75,75,75,75,75,75,75,75,75,75,75,75,75,75,75,75,75,75,75,75,75,75,89,89,89,89,89,89,89],"card_choices":[{"not_picked":["Runesmith:EarthShield","Runesmith:MakeshiftArmor"],"picked":"Runesmith:Grindstone","floor":1.0},{"not_picked":["Runesmith:HammerThrow","Runesmith:Repurpose"],"picked":"Runesmith:CraftIncendium","floor":3.0},{"not_picked":["Runesmith:HammerTime","Runesmith:Augment","Runesmith:NanitesCloud"],"picked":"SKIP","floor":5.0},{"not_picked":["Runesmith:ElementalConversion+1","Runesmith:CraftMedicinae+1"],"picked":"Runesmith:CraftProtectio+1","floor":7.0},{"not_picked":["Runesmith:HeatedChisel","Runesmith:EnergizedChisel"],"picked":"Runesmith:EarthShield+1","floor":11.0},{"not_picked":["Runesmith:Repurpose+1","Runesmith:Terraform+1"],"picked":"Runesmith:CraftMagma+1","floor":13.0},{"not_picked":["Runesmith:Superposition","Runesmith:EarthShield+1","Runesmith:ShiftingStrike"],"picked":"SKIP","floor":14.0},{"not_picked":["Runesmith:Supernova+1","Runesmith:LastStand+1"],"picked":"Runesmith:LightningRod+1","floor":16.0},{"not_picked":["Runesmith:Empowerment+1","Runesmith:UnstableHammer"],"picked":"Runesmith:RuneHurl","floor":18.0},{"not_picked":["Runesmith:Electrocute","Runesmith:BackupBattery+1"],"picked":"Runesmith:Repurpose+1","floor":20.0},{"not_picked":["Runesmith:HammerThrow","Runesmith:Electrocute","Runesmith:DoubleUp+1"],"picked":"SKIP","floor":23.0},{"not_picked":["Runesmith:EarthShield+1","Runesmith:MakeshiftArmor+1"],"picked":"Runesmith:CraftMagma+1","floor":25.0},{"not_picked":["Runesmith:CraftPrismatica+1","Runesmith:Firewall+1"],"picked":"Runesmith:Firestorm","floor":29.0},{"not_picked":["Runesmith:GrandSlam","Runesmith:CraftIndustria+1"],"picked":"Runesmith:CreatorForm","floor":33.0},{"not_picked":["Runesmith:Permafrost+1","Runesmith:Augment+1","Runesmith:Firestorm+1"],"picked":"SKIP","floor":35.0},{"not_picked":["Runesmith:ShiftingStrike+1","Runesmith:Overpower+1"],"picked":"Runesmith:Prism+1","floor":36.0},{"not_picked":["Runesmith:RunicBlueprint+1","Runesmith:NanitesCloud+1"],"picked":"Runesmith:GoWithTheFlow+1","floor":37.0},{"not_picked":["Runesmith:CraftMagma+1","Runesmith:StaticCage+1","Runesmith:FieryHammer"],"picked":"SKIP","floor":39.0},{"not_picked":["Runesmith:CraftProtectio+1","Runesmith:FissionHammer"],"picked":"Runesmith:BackupBattery+1","floor":41.0},{"not_picked":["Runesmith:BackupBattery+1","Runesmith:Repurpose+1","Runesmith:Discharge"],"picked":"SKIP","floor":45.0},{"not_picked":["Runesmith:EarthShield+1","Runesmith:HammerAndChisel+1","Runesmith:StaticCage+1"],"picked":"SKIP","floor":47.0},{"not_picked":["Runesmith:CraftReservo+1","Runesmith:ChiselStab+1"],"picked":"Runesmith:EnergizedChisel+1","floor":48.0},{"not_picked":["Runesmith:CraftIncendium+1","Runesmith:ChaoticBlast","Runesmith:HeatExchange+1"],"picked":"SKIP","floor":54.0}],"player_experience":696006,"relics_obtained":[{"floor":7.0,"key":"Toxic Egg 2"},{"floor":9.0,"key":"Sundial"},{"floor":11.0,"key":"Juzu Bracelet"},{"floor":23.0,"key":"AT_Kusabimaru"},{"floor":26.0,"key":"Pocketwatch"},{"floor":29.0,"key":"FossilizedHelix"},{"floor":45.0,"key":"CeramicFish"},{"floor":48.0,"key":"Gambling Chip"},{"floor":49.0,"key":"Mango"},{"floor":52.0,"key":"Pantograph"},{"floor":54.0,"key":"Vajra"}],"event_choices":[{"damage_healed":0.0,"max_hp_gain":0.0,"max_hp_loss":5.0,"gold_gain":0.0,"event_name":"Golden Idol","player_choice":"Lose Max HP","floor":4.0,"gold_loss":0.0,"damage_taken":0.0,"relics_obtained":["Golden Idol"]},{"cards_removed":["Runesmith:Strike_RS"],"damage_healed":0.0,"max_hp_gain":0.0,"max_hp_loss":0.0,"gold_gain":0.0,"event_name":"The Cleric","player_choice":"Card Removal","floor":8.0,"gold_loss":50.0,"damage_taken":0.0},{"damage_healed":0.0,"max_hp_gain":0.0,"max_hp_loss":0.0,"gold_gain":0.0,"event_name":"Vampires","player_choice":"Ignored","floor":19.0,"gold_loss":0.0,"damage_taken":0.0},{"damage_healed":0.0,"max_hp_gain":0.0,"max_hp_loss":0.0,"gold_gain":99.0,"event_name":"Nest","player_choice":"Stole From Cult","floor":21.0,"gold_loss":0.0,"damage_taken":0.0},{"damage_healed":0.0,"max_hp_gain":0.0,"max_hp_loss":0.0,"gold_gain":0.0,"event_name":"The Library","player_choice":"Read","floor":22.0,"gold_loss":0.0,"damage_taken":0.0,"cards_obtained":["Runesmith:Reinforce"]},{"cards_removed":["AT_FamilyPortrait"],"damage_healed":29.0,"max_hp_gain":10.0,"max_hp_loss":0.0,"gold_gain":0.0,"event_name":"Bonfire Elementals","player_choice":"Offered Rare","floor":27.0,"gold_loss":0.0,"damage_taken":0.0},{"damage_healed":0.0,"max_hp_gain":0.0,"max_hp_loss":0.0,"gold_gain":0.0,"event_name":"The Mausoleum","player_choice":"Opened","floor":28.0,"gold_loss":0.0,"damage_taken":0.0,"relics_obtained":["Tiny Chest"]},{"damage_healed":0.0,"max_hp_gain":0.0,"max_hp_loss":0.0,"gold_gain":0.0,"event_name":"Forgotten Altar","player_choice":"Gave Idol","floor":30.0,"relics_lost":["Golden Idol"],"gold_loss":0.0,"damage_taken":0.0,"relics_obtained":["Bloody Idol"]},{"damage_healed":0.0,"max_hp_gain":0.0,"max_hp_loss":0.0,"gold_gain":0.0,"event_name":"Winding Halls","player_choice":"Embrace Madness","floor":38.0,"gold_loss":0.0,"damage_taken":9.0,"cards_obtained":["Madness","Madness"]},{"damage_healed":0.0,"max_hp_gain":0.0,"max_hp_loss":0.0,"gold_gain":0.0,"event_name":"WeMeetAgain","player_choice":"Gave Potion","floor":46.0,"gold_loss":0.0,"damage_taken":0.0,"relics_obtained":["Shovel"]}],"is_beta":false,"boss_relics":[{"not_picked":["Velvet Choker","Ectoplasm"],"picked":"Fusion Hammer"},{"not_picked":["Empty Cage","Runic Dome"],"picked":"Runic Pyramid"}],"items_purged_floors":[2,31,44,53],"is_endless":false,"potions_floor_spawned":[1,7,13,16,23,25,36,45,48],"ascension_level":9}}