{"host":"p6y17sixyu8q9v1f","time":1613193148,"event":{"mods":["BaseMod","Colored Map","Minty Spire (QoL Compilation)"],"gold_per_floor":[118,134,9,9,9,36,36,48,98,139,151,178,224,255,267,383,395,420,342,354,366,391,403,427,439,451,463,509,521,96,21,21,122,122,138,138,52,68,68,68,86,86,159,509,364,390,390,417,417,417,417],"floor_reached":50,"language":"ENG","playtime":3061,"items_purged":["Strike_P","Strike_P"],"score":859,"play_id":"8f5d32d5-9d2e-4520-9618-c0d0180d7cfc","local_time":"20210212231228","is_ascension_mode":true,"campfire_choices":[{"data":"Eruption","floor":7,"key":"SMITH"},{"floor":11,"key":"REST"},{"floor":15,"key":"REST"},{"floor":23,"key":"REST"},{"data":"Crescendo","floor":27,"key":"SMITH"},{"data":"ClearTheMind","floor":32,"key":"SMITH"},{"floor":40,"key":"REST"},{"data":"Panache","floor":42,"key":"SMITH"},{"floor":49,"key":"REST"}],"circlet_count":0,"master_deck":["Defend_P","Defend_P","Defend_P","Eruption+1","Vigilance","Consecrate","FlurryOfBlows+1","FlurryOfBlows","FearNoEvil","Consecrate","Prostrate","FollowUp","FollowUp","Crescendo+1","ClearTheMind+1","EmptyMind","Brilliance","FollowUp+1","FollowUp","Consecrate+1","EmptyFist+1","Fasting2+1","Panache+1","Devotion","Tantrum","Consecrate"],"relics":["PureWater","NeowsBlessing","Dream Catcher","MawBank","Letter Opener","Juzu Bracelet","Sozu","MutagenicStrength","Singing Bowl","Turnip","Ornamental Fan","Akabeko","Busted Crown","Pear","Old Coin","Blood Vial","Toy Ornithopter","Anchor"],"acts_visited":["Exordium","TheCity","TheBeyond"],"potions_floor_usage":[10,13,14,28],"damage_taken":[{"damage":0,"enemies":"Cultist","floor":1,"turns":1},{"damage":0,"enemies":"2 Louse","floor":2,"turns":1},{"damage":0,"enemies":"3 Sentries","floor":6,"turns":1},{"damage":4,"enemies":"Small Slimes","floor":8,"turns":2},{"damage":2,"enemies":"Gremlin Nob","floor":10,"turns":3},{"damage":9,"enemies":"Red Slaver","floor":12,"turns":3},{"damage":27,"enemies":"Lagavulin","floor":13,"turns":4},{"damage":6,"enemies":"Blue Slaver","floor":14,"turns":3},{"damage":43,"enemies":"Hexaghost","floor":16,"turns":7},{"damage":6,"enemies":"3 Byrds","floor":18,"turns":3},{"damage":13,"enemies":"2 Thieves","floor":22,"turns":2},{"damage":0,"enemies":"Shelled Parasite and Fungi","floor":24,"turns":2},{"damage":0,"enemies":"Gremlin Leader","floor":28,"turns":2},{"damage":47,"enemies":"Collector","floor":33,"turns":4},{"damage":14,"enemies":"3 Shapes","floor":35,"turns":4},{"damage":0,"enemies":"Orb Walker","floor":38,"turns":2},{"damage":1,"enemies":"Transient","floor":41,"turns":5},{"damage":33,"enemies":"Mind Bloom Boss Battle","floor":44,"turns":4},{"damage":0,"enemies":"Giant Head","floor":46,"turns":5},{"damage":48,"enemies":"Nemesis","floor":48,"turns":5},{"damage":59,"enemies":"Time Eater","floor":50,"turns":4}],"seed_played":"-8632406623040105733","potions_obtained":[{"floor":2,"key":"DistilledChaos"},{"floor":12,"key":"Dexterity Potion"},{"floor":13,"key":"SkillPotion"},{"floor":16,"key":"BlessingOfTheForge"}],"is_trial":false,"path_per_floor":["M","M","$","?","?","E","R","M","T","E","R","M","E","M","R","B",null,"M","?","?","?","M","R","M","T","T","R","E","?","$","?","R","B",null,"M","?","$","M","?","R","M","R","T","?","$","E","?","E","R","B"],"character_chosen":"WATCHER","items_purchased":["FlurryOfBlows","Akabeko","Panache","Tantrum","Consecrate","Blood Vial"],"campfire_rested":5,"item_purchase_floors":[3,30,30,37,37,45],"current_hp_per_floor":[72,72,72,65,65,65,65,61,61,59,72,63,36,30,51,8,56,50,50,50,50,37,58,58,58,58,58,58,58,58,58,58,11,57,45,45,45,47,47,71,72,72,82,51,51,55,57,13,44,0,0],"gold":417,"neow_bonus":"THREE_ENEMY_KILL","is_daily":false,"chose_seed":false,"campfire_upgraded":4,"win_rate":0.0,"timestamp":1613193148,"path_taken":["M","?","$","?","?","E","R","M","T","E","R","?","E","M","R","BOSS","M","?","?","?","M","R","M","?","T","R","E","?","$","?","R","BOSS","M","?","$","M","?","R","M","R","T","?","$","E","?","E","R","BOSS"],"items_purchased_type":["Card","Relic","Card","Card","Card","Relic"],"build_version":"2020-12-22","purchased_purges":2,"victory":false,"max_hp_per_floor":[72,72,72,72,72,72,72,72,72,72,72,72,72,72,72,72,72,72,72,72,72,72,72,72,72,72,72,72,72,72,72,72,72,72,74,74,74,76,76,78,80,80,90,92,92,94,96,98,100,100,100],"card_choices":[{"not_picked":["ClearTheMind","JustLucky"],"picked":"Consecrate","floor":1},{"not_picked":["ForeignInfluence","CutThroughFate"],"picked":"FlurryOfBlows","floor":2},{"not_picked":["Meditate","Pray","FlyingSleeves"],"picked":"SKIP","floor":6},{"not_picked":["WheelKick","ReachHeaven"],"picked":"Consecrate","floor":8},{"not_picked":["WheelKick","ThirdEye"],"picked":"Prostrate","floor":10},{"not_picked":["Prostrate","JustLucky"],"picked":"FollowUp","floor":11},{"not_picked":["Protect","Prostrate"],"picked":"FollowUp","floor":12},{"not_picked":["Omniscience","TalkToTheHand"],"picked":"Crescendo","floor":13},{"not_picked":["Collect","Swivel"],"picked":"ClearTheMind","floor":14},{"not_picked":["CutThroughFate","PathToVictory"],"picked":"EmptyMind","floor":15},{"not_picked":["Wish","Omniscience"],"picked":"Brilliance","floor":16},{"not_picked":["CrushJoints+1","Wallop"],"picked":"FollowUp+1","floor":18},{"not_picked":["Perseverance","ReachHeaven+1"],"picked":"FollowUp","floor":22},{"not_picked":["EmptyFist+1","Perseverance"],"picked":"Consecrate+1","floor":23},{"not_picked":["LikeWater","SashWhip"],"picked":"EmptyFist+1","floor":24},{"not_picked":["Perseverance+1","CutThroughFate"],"picked":"Fasting2+1","floor":28},{"not_picked":["Vault","Scrawl"],"picked":"Devotion","floor":33},{"not_picked":["Evaluate"],"picked":"Singing Bowl","floor":35},{"not_picked":["Indignation"],"picked":"Singing Bowl","floor":38},{"not_picked":["Perseverance+1"],"picked":"Singing Bowl","floor":40},{"not_picked":["CutThroughFate+1"],"picked":"Singing Bowl","floor":41},{"not_picked":["CrushJoints+1"],"picked":"Singing Bowl","floor":44},{"not_picked":["PathToVictory"],"picked":"Singing Bowl","floor":46},{"not_picked":["Metamorphosis"],"picked":"Singing Bowl","floor":47},{"not_picked":["Omniscience"],"picked":"Singing Bowl","floor":48},{"not_picked":["PathToVictory+1"],"picked":"Singing Bowl","floor":49}],"player_experience":1083554,"relics_obtained":[{"floor":6,"key":"Dream Catcher"},{"floor":9,"key":"MawBank"},{"floor":10,"key":"Letter Opener"},{"floor":13,"key":"Juzu Bracelet"},{"floor":25,"key":"Singing Bowl"},{"floor":28,"key":"Turnip"},{"floor":43,"key":"Pear"},{"floor":44,"key":"Old Coin"},{"floor":46,"key":"Toy Ornithopter"},{"floor":48,"key":"Anchor"}],"event_choices":[{"cards_removed":["Strike_P"],"damage_healed":0,"gold_gain":0,"player_choice":"Card Removal","damage_taken":7,"max_hp_gain":0,"max_hp_loss":0,"event_name":"Golden Wing","floor":4,"gold_loss":0},{"damage_healed":0,"gold_gain":0,"cards_transformed":["Defend_P"],"player_choice":"Transformed","damage_taken":0,"max_hp_gain":0,"max_hp_loss":0,"event_name":"Transmorgrifier","floor":5,"gold_loss":0,"cards_obtained":["FearNoEvil"]},{"cards_removed":["Strike_P"],"damage_healed":0,"gold_gain":0,"player_choice":"Upgrade and Remove","damage_taken":0,"max_hp_gain":0,"max_hp_loss":0,"event_name":"Designer","floor":19,"gold_loss":90,"cards_upgraded":["FlurryOfBlows"]},{"damage_healed":0,"gold_gain":0,"player_choice":"Inject Mutagens","damage_taken":0,"relics_obtained":["MutagenicStrength"],"max_hp_gain":0,"max_hp_loss":0,"event_name":"Drug Dealer","floor":20,"gold_loss":0},{"damage_healed":0,"gold_gain":0,"player_choice":"Ignored","damage_taken":0,"max_hp_gain":0,"max_hp_loss":0,"event_name":"Ghosts","floor":21,"gold_loss":0},{"damage_healed":0,"gold_gain":0,"player_choice":"Opened","damage_taken":0,"relics_obtained":["Ornamental Fan"],"max_hp_gain":0,"max_hp_loss":0,"event_name":"The Mausoleum","floor":29,"gold_loss":0,"cards_obtained":["Writhe"]},{"cards_removed":["Writhe"],"damage_healed":0,"gold_gain":0,"player_choice":"Gave Gold","damage_taken":0,"max_hp_gain":0,"max_hp_loss":0,"event_name":"Beggar","floor":31,"gold_loss":75},{"damage_healed":0,"gold_gain":0,"player_choice":"Ignored","damage_taken":0,"max_hp_gain":0,"max_hp_loss":0,"event_name":"SecretPortal","floor":36,"gold_loss":0},{"damage_healed":0,"gold_gain":0,"player_choice":"Bought 0 Potions","damage_taken":0,"max_hp_gain":0,"max_hp_loss":0,"event_name":"The Woman in Blue","floor":39,"gold_loss":0},{"damage_healed":0,"gold_gain":0,"player_choice":"Fight","damage_taken":0,"max_hp_gain":0,"max_hp_loss":0,"event_name":"MindBloom","floor":44,"gold_loss":0},{"damage_healed":0,"gold_gain":0,"player_choice":"Memory 1","damage_taken":0,"max_hp_gain":0,"max_hp_loss":0,"event_name":"SensoryStone","floor":47,"gold_loss":0}],"is_beta":false,"boss_relics":[{"not_picked":["Philosopher\u0027s Stone","Calling Bell"],"picked":"Sozu"},{"not_picked":["HolyWater","Velvet Choker"],"picked":"Busted Crown"}],"items_purged_floors":[3,30],"is_endless":false,"potions_floor_spawned":[2,12,13,16,18,28,33,41,48],"killed_by":"Time Eater","ascension_level":5}}