{"host":"bf5upntvbdompq33","time":1613178975,"event":{"mods":["BaseMod","Bestiary","Colored Map","Colored Powertips","Curses Come First","Minty Spire (QoL Compilation)","StSLib","ojb\u0027s Info Mod"],"gold_per_floor":[110,1,14,28,40,67,67,67,67],"floor_reached":8,"language":"ENG","playtime":542,"items_purged":["Strike_R"],"score":99,"play_id":"45dedeae-2c47-4f4c-b759-9f83fed7b428","local_time":"20210212181615","is_ascension_mode":true,"campfire_choices":[{"floor":7,"key":"REST"}],"circlet_count":0,"master_deck":["AscendersBane","Strike_R","Strike_R","Defend_R","Defend_R","Defend_R","Defend_R","Bash","Sword Boomerang","True Grit","Seeing Red","Rampage","Shrug It Off","Body Slam","Corruption","Ghostly Armor+1"],"relics":["Burning Blood","Toxic Egg 2"],"acts_visited":["Exordium"],"potions_floor_usage":[6],"damage_taken":[{"damage":8,"enemies":"Jaw Worm","floor":1,"turns":4},{"damage":1,"enemies":"Cultist","floor":3,"turns":4},{"damage":1,"enemies":"Small Slimes","floor":4,"turns":5},{"damage":7,"enemies":"Looter","floor":5,"turns":5},{"damage":49,"enemies":"3 Sentries","floor":6,"turns":12},{"damage":36,"enemies":"Lagavulin","floor":8,"turns":11}],"seed_played":"2368315796457366153","potions_obtained":[{"floor":1,"key":"EssenceOfSteel"},{"floor":4,"key":"Explosive Potion"},{"floor":5,"key":"BlessingOfTheForge"}],"is_trial":false,"path_per_floor":["M","$","M","M","M","E","R","E"],"character_chosen":"IRONCLAD","items_purchased":["Rampage"],"campfire_rested":1,"item_purchase_floors":[2],"current_hp_per_floor":[48,48,53,58,57,14,36,0,0],"gold":67,"neow_bonus":"TRANSFORM_TWO_CARDS","is_daily":false,"chose_seed":false,"campfire_upgraded":0,"win_rate":0.0,"timestamp":1613178975,"path_taken":["M","$","M","M","M","E","R","E"],"items_purchased_type":["Card"],"build_version":"2020-12-22","purchased_purges":1,"victory":false,"max_hp_per_floor":[75,75,75,75,75,75,75,75,75],"card_choices":[{"not_picked":["Infernal Blade","Evolve"],"picked":"Seeing Red","floor":1},{"not_picked":["Second Wind","Clash"],"picked":"Shrug It Off","floor":3},{"not_picked":["Havoc","Sword Boomerang"],"picked":"Body Slam","floor":4},{"not_picked":["Warcry","Shrug It Off"],"picked":"Corruption","floor":5},{"not_picked":["Body Slam","True Grit+1"],"picked":"Ghostly Armor+1","floor":6}],"player_experience":1558055,"relics_obtained":[{"floor":6,"key":"Toxic Egg 2"}],"event_choices":[],"is_beta":false,"boss_relics":[],"items_purged_floors":[2],"is_endless":false,"potions_floor_spawned":[1,4,5],"killed_by":"Lagavulin","ascension_level":14}}