{"host":"i596xxl9m2muq265","time":1613256706,"event":{"mods":["Act Like it!","BaseMod","Friendly Minions","Minty Spire (QoL Compilation)","StSLib","The Animator","The Cursed","The Hierophant","The Necromancer"],"gold_per_floor":[118,137,157,176,193,221,221,194,271,286,304,304,379,389,389,492,492,511,194,208,208,208,208,240,258,258,271,33,33,33,48,48,148,148,160,85,85,103,114,114,129,157,157,157,157,176,190,10,10,10,10],"floor_reached":50,"language":"ENG","playtime":9259,"items_purged":["Strike_R"],"score":548,"play_id":"ba72840e-e6a8-40ba-949f-470e1ef8a5f2","local_time":"20210213235146","is_ascension_mode":false,"campfire_choices":[{"floor":7.0,"key":"REST"},{"floor":15.0,"key":"REST"},{"floor":23.0,"key":"REST"},{"floor":30.0,"key":"REST"},{"floor":32.0,"key":"REST"},{"floor":40.0,"key":"REST"},{"floor":44.0,"key":"REST"},{"floor":49.0,"key":"REST"}],"circlet_count":0,"master_deck":["Strike_R","Strike_R","Strike_R","Defend_R","Defend_R","Defend_R+1","Defend_R+1","Bash","Rampage","Cleave+1","Thunderclap","Anger","Thunderclap","Iron Wave","Flex","Clash+1","Rampage","Impervious","Demon Form","Iron Wave+1","Twin Strike+1","Cleave+1","Warcry+1","Infernal Blade","Pommel Strike","Armaments","Necronomicurse","Bludgeon","Clothesline","Pommel Strike","Seeing Red","Flex","Pommel Strike","Sword Boomerang","Double Tap","Hemokinesis+1","Hemokinesis","Body Slam","Clash+1","Shrug It Off+1","Seeing Red+1","Feed","Whirlwind","Double Tap","Armaments+1","Uppercut+1","Transmutation","Battle Trance+1"],"relics":["Black Blood","Centennial Puzzle","Matryoshka","Orrery","Dream Catcher","Necronomicon","Torii","Regal Pillow","Bag of Preparation","GremlinMask","Philosopher\u0027s Stone","War Paint","PreservedInsect","Meat on the Bone"],"acts_visited":["Exordium","TheCity","TheBeyond"],"potions_floor_usage":[50],"damage_taken":[{"damage":4.0,"enemies":"Small Slimes","floor":1.0,"turns":6.0},{"damage":7.0,"enemies":"2 Louse","floor":2.0,"turns":3.0},{"damage":6.0,"enemies":"Jaw Worm","floor":3.0,"turns":4.0},{"damage":0.0,"enemies":"Large Slime","floor":4.0,"turns":5.0},{"damage":5.0,"enemies":"Gremlin Gang","floor":5.0,"turns":3.0},{"damage":72.0,"enemies":"Gremlin Nob","floor":6.0,"turns":7.0},{"damage":8.0,"enemies":"2 Fungi Beasts","floor":10.0,"turns":3.0},{"damage":3.0,"enemies":"Red Slaver","floor":11.0,"turns":4.0},{"damage":0.0,"enemies":"Large Slime","floor":14.0,"turns":4.0},{"damage":60.0,"enemies":"The Guardian","floor":16.0,"turns":10.0},{"damage":15.0,"enemies":"Chosen","floor":18.0,"turns":5.0},{"damage":29.0,"enemies":"Shell Parasite","floor":20.0,"turns":6.0},{"damage":31.0,"enemies":"Gremlin Leader","floor":24.0,"turns":7.0},{"damage":37.0,"enemies":"Chosen and Byrds","floor":25.0,"turns":6.0},{"damage":30.0,"enemies":"Snake Plant","floor":27.0,"turns":5.0},{"damage":29.0,"enemies":"Sentry and Sphere","floor":31.0,"turns":6.0},{"damage":52.0,"enemies":"Champ","floor":33.0,"turns":9.0},{"damage":13.0,"enemies":"3 Darklings","floor":35.0,"turns":4.0},{"damage":17.0,"enemies":"3 Shapes","floor":38.0,"turns":2.0},{"damage":87.0,"enemies":"Sphere and 2 Shapes","floor":39.0,"turns":4.0},{"damage":18.0,"enemies":"Jaw Worm Horde","floor":41.0,"turns":3.0},{"damage":48.0,"enemies":"Nemesis","floor":42.0,"turns":7.0},{"damage":41.0,"enemies":"4 Shapes","floor":46.0,"turns":3.0},{"damage":7.0,"enemies":"Transient","floor":47.0,"turns":5.0},{"damage":107,"enemies":"Awakened One","floor":50,"turns":7}],"seed_played":"-1311405061755400410","potions_obtained":[{"floor":3.0,"key":"SpeedPotion"},{"floor":4.0,"key":"Regen Potion"},{"floor":5.0,"key":"Regen Potion"},{"floor":14.0,"key":"Fruit Juice"},{"floor":18.0,"key":"Regen Potion"},{"floor":24.0,"key":"EssenceOfSteel"},{"floor":31.0,"key":"ElixirPotion"},{"floor":33.0,"key":"SkillPotion"},{"floor":38.0,"key":"Block Potion"},{"floor":39.0,"key":"Block Potion"},{"floor":46.0,"key":"ElixirPotion"},{"floor":47.0,"key":"SpeedPotion"}],"is_trial":false,"path_per_floor":["M","M","M","M","M","E","R","$","T","M","M","?","?","M","R","B",null,"M","$","M","?","?","R","E","M","T","M","$","?","R","M","R","B",null,"M","$","?","M","M","R","M","E","T","R","?","M","M","$","R","B"],"character_chosen":"IRONCLAD","items_purchased":["Flex","Orrery","Dream Catcher","Pommel Strike","Bag of Preparation","Seeing Red","Flex","Transmutation"],"campfire_rested":8,"item_purchase_floors":[8,19,19,19,28,28,28,48],"current_hp_per_floor":[88,87,87,88,88,31,57,57,57,55,70,52,41,47,73,24,93,90,90,73,55,39,68,61,36,36,18,18,18,62,45,89,49,98,97,97,97,92,17,61,55,19,19,63,63,46,63,63,98,0,0],"gold":10,"neow_bonus":"TEN_PERCENT_HP_BONUS","is_daily":false,"chose_seed":false,"campfire_upgraded":0,"win_rate":0.0,"timestamp":1613256706,"path_taken":["M","M","M","M","M","E","R","$","T","M","M","?","?","M","R","BOSS","M","$","M","?","?","R","E","M","T","M","$","?","R","?","R","BOSS","M","$","?","M","M","R","?","E","T","R","?","M","M","$","R","BOSS"],"items_purchased_type":["Card","Relic","Relic","Card","Relic","Card","Card","Card"],"build_version":"2020-12-22","purchased_purges":1,"victory":false,"max_hp_per_floor":[88,88,88,88,88,88,88,88,88,88,88,88,88,88,88,93,93,93,93,93,98,98,98,98,98,98,98,98,98,98,98,98,98,98,98,98,98,98,98,98,98,98,98,98,98,98,98,98,98,98,98],"card_choices":[{"not_picked":["Headbutt","Fire Breathing"],"picked":"Rampage","floor":1.0},{"not_picked":["Perfected Strike","Clothesline"],"picked":"Cleave","floor":2.0},{"not_picked":["Clothesline","Burning Pact"],"picked":"Thunderclap","floor":3.0},{"not_picked":["Flame Barrier","Ghostly Armor"],"picked":"Anger","floor":4.0},{"not_picked":["Warcry","True Grit"],"picked":"Thunderclap","floor":5.0},{"not_picked":["Warcry","Twin Strike"],"picked":"Iron Wave","floor":6.0},{"not_picked":["Bloodletting","Body Slam"],"picked":"Clash","floor":10.0},{"not_picked":["Anger","Perfected Strike"],"picked":"Rampage","floor":11.0},{"not_picked":["Cleave","Disarm"],"picked":"Impervious","floor":14.0},{"not_picked":["Barricade","Impervious"],"picked":"Demon Form","floor":16.0},{"not_picked":["Fire Breathing","Headbutt"],"picked":"Iron Wave+1","floor":18.0},{"not_picked":["Rampage","Perfected Strike"],"picked":"Twin Strike+1","floor":19.0},{"not_picked":["Sever Soul","True Grit"],"picked":"Cleave+1","floor":19.0},{"not_picked":["Rupture","Thunderclap+1"],"picked":"Warcry+1","floor":19.0},{"not_picked":["Juggernaut","Power Through"],"picked":"Infernal Blade","floor":19.0},{"not_picked":["Headbutt","Body Slam"],"picked":"Armaments","floor":20.0},{"not_picked":["Intimidate","Headbutt"],"picked":"Bludgeon","floor":23.0},{"not_picked":["Sever Soul","Entrench"],"picked":"Clothesline","floor":24.0},{"not_picked":["True Grit","Intimidate"],"picked":"Pommel Strike","floor":25.0},{"not_picked":["Shockwave","Combust","Warcry"],"picked":"SKIP","floor":27.0},{"not_picked":["Intimidate","Searing Blow+1"],"picked":"Pommel Strike","floor":30.0},{"not_picked":["Disarm+1","Cleave"],"picked":"Sword Boomerang","floor":31.0},{"not_picked":["Offering","Demon Form"],"picked":"Double Tap","floor":33.0},{"not_picked":["Shrug It Off","Iron Wave+1"],"picked":"Hemokinesis+1","floor":35.0},{"not_picked":["Second Wind","Rampage"],"picked":"Body Slam","floor":38.0},{"not_picked":["Thunderclap","Armaments"],"picked":"Clash+1","floor":39.0},{"not_picked":["Hemokinesis+1","True Grit"],"picked":"Shrug It Off+1","floor":40.0},{"not_picked":["True Grit+1","Headbutt+1"],"picked":"Seeing Red+1","floor":41.0},{"not_picked":["Sword Boomerang","Pommel Strike+1"],"picked":"Feed","floor":42.0},{"not_picked":["Thunderclap","Body Slam+1"],"picked":"Whirlwind","floor":44.0},{"not_picked":["Twin Strike+1","Iron Wave+1"],"picked":"Armaments+1","floor":46.0},{"not_picked":["Hemokinesis","Rampage"],"picked":"Uppercut+1","floor":47.0},{"not_picked":["Infernal Blade","Fire Breathing"],"picked":"Battle Trance+1","floor":49.0}],"player_experience":0,"relics_obtained":[{"floor":6.0,"key":"Centennial Puzzle"},{"floor":9.0,"key":"Matryoshka"},{"floor":22.0,"key":"Necronomicon"},{"floor":24.0,"key":"Torii"},{"floor":26.0,"key":"Regal Pillow"},{"floor":42.0,"key":"War Paint"},{"floor":43.0,"key":"PreservedInsect"},{"floor":43.0,"key":"Meat on the Bone"}],"event_choices":[{"damage_healed":0.0,"max_hp_gain":0.0,"max_hp_loss":0.0,"gold_gain":0.0,"event_name":"Shining Light","player_choice":"Entered Light","floor":12.0,"gold_loss":0.0,"damage_taken":18.0,"cards_upgraded":["Cleave","Clash"]},{"damage_healed":0.0,"max_hp_gain":0.0,"max_hp_loss":0.0,"gold_gain":75.0,"event_name":"World of Goop","player_choice":"Gather Gold","floor":13.0,"gold_loss":0.0,"damage_taken":11.0},{"damage_healed":0.0,"max_hp_gain":5.0,"max_hp_loss":0.0,"gold_gain":0.0,"event_name":"Forgotten Altar","player_choice":"Shed Blood","floor":21.0,"gold_loss":0.0,"damage_taken":23.0},{"damage_healed":0.0,"max_hp_gain":0.0,"max_hp_loss":0.0,"gold_gain":0.0,"event_name":"Cursed Tome","player_choice":"Obtained Book","floor":22.0,"gold_loss":0.0,"damage_taken":16.0},{"damage_healed":0.0,"max_hp_gain":0.0,"max_hp_loss":0.0,"gold_gain":0.0,"event_name":"FaceTrader","player_choice":"Trade","floor":29.0,"gold_loss":0.0,"damage_taken":0.0,"relics_obtained":["GremlinMask"]},{"damage_healed":0.0,"max_hp_gain":0.0,"max_hp_loss":0.0,"gold_gain":0.0,"cards_transformed":["Strike_R"],"event_name":"Transmorgrifier","player_choice":"Transformed","floor":37.0,"gold_loss":0.0,"damage_taken":0.0,"cards_obtained":["Hemokinesis"]},{"damage_healed":0.0,"max_hp_gain":0.0,"max_hp_loss":0.0,"gold_gain":0.0,"event_name":"Duplicator","player_choice":"Copied","floor":45.0,"gold_loss":0.0,"damage_taken":0.0,"cards_obtained":["Double Tap"]}],"is_beta":false,"boss_relics":[{"not_picked":["SacredBark","Tiny House"],"picked":"Black Blood"},{"not_picked":["Mark of Pain","Black Star"],"picked":"Philosopher\u0027s Stone"}],"items_purged_floors":[36],"is_endless":false,"potions_floor_spawned":[3,4,5,14,18,24,31,33,38,39,46,47],"killed_by":"Awakened One","ascension_level":0}}