{"host":"h2g8ky7y1n1j4svm","time":1613259554,"event":{"mods":["AchievementEnabler","BaseMod","Bestiary","Block Reminder","Colored Map","Highlight Path","Minty Spire (QoL Compilation)","Quick Restart","Relic Stats","SuperFastMode"],"gold_per_floor":[19,36,36,46,66,66,78,3,3,3,3,19,19,39,39,140,140,154,173,173,173,173,173],"floor_reached":22,"language":"ENG","playtime":3856,"items_purged":["Defend_B"],"score":178,"play_id":"06e7292a-2221-402e-ba88-2b4d4ed21797","local_time":"20210214003914","is_ascension_mode":false,"campfire_choices":[{"data":"Zap","floor":6,"key":"SMITH"},{"floor":10,"key":"REST"},{"floor":15,"key":"REST"}],"circlet_count":0,"master_deck":["Strike_B","Strike_B","Defend_B+1","Defend_B","Defend_B+1","Zap+1","Dualcast+1","Rebound","Sunder","Gash","Conserve Battery","BootSequence","Scrape","Creative AI","Double Energy+1","Hologram"],"relics":["Cracked Core"],"acts_visited":["Exordium","TheCity"],"potions_floor_usage":[16,22],"damage_taken":[{"damage":5,"enemies":"Small Slimes","floor":1,"turns":4},{"damage":3,"enemies":"Jaw Worm","floor":2,"turns":3},{"damage":0,"enemies":"Cultist","floor":4,"turns":3},{"damage":13,"enemies":"Lots of Slimes","floor":5,"turns":3},{"damage":23,"enemies":"Exordium Wildlife","floor":7,"turns":5},{"damage":8,"enemies":"Large Slime","floor":12,"turns":4},{"damage":0,"enemies":"2 Fungi Beasts","floor":14,"turns":2},{"damage":12,"enemies":"The Guardian","floor":16,"turns":12},{"damage":21,"enemies":"Shell Parasite","floor":18,"turns":6},{"damage":21,"enemies":"Spheric Guardian","floor":19,"turns":5},{"damage":41,"enemies":"Shelled Parasite and Fungi","floor":22,"turns":6}],"seed_played":"-6871571529472530845","potions_obtained":[{"floor":1,"key":"FearPotion"},{"floor":5,"key":"Explosive Potion"},{"floor":7,"key":"Swift Potion"}],"is_trial":false,"path_per_floor":["M","M","?","M","M","R","M","$","T","R","$","M","?","M","R","B",null,"M","M","?","?","M"],"character_chosen":"DEFECT","items_purchased":[],"campfire_rested":2,"item_purchase_floors":[],"current_hp_per_floor":[70,67,52,52,39,39,16,16,16,38,38,30,30,30,52,40,75,54,33,33,33,0,0],"gold":173,"neow_bonus":"REMOVE_TWO","is_daily":false,"chose_seed":false,"campfire_upgraded":1,"win_rate":0.0,"timestamp":1613259554,"path_taken":["M","M","?","M","M","R","M","$","T","R","?","M","?","?","R","BOSS","M","?","?","?","M"],"items_purchased_type":[],"build_version":"2020-12-22","purchased_purges":1,"victory":false,"max_hp_per_floor":[75,75,75,75,75,75,75,75,75,75,75,75,75,75,75,75,75,75,75,75,75,75,75],"relic_stats":{"counters":[11,53],"obtain_stats":[{"Cracked Core":0},{"Cracked Core":0},{"Cracked Core":0}]},"card_choices":[{"not_picked":["Heatsinks","Compile Driver"],"picked":"Rebound","floor":1},{"not_picked":["Rebound","Redo","Chaos"],"picked":"SKIP","floor":2},{"not_picked":["Chaos","Beam Cell"],"picked":"Sunder","floor":4},{"not_picked":["Hologram","Turbo"],"picked":"Gash","floor":5},{"not_picked":["Hologram","Compile Driver"],"picked":"Conserve Battery","floor":7},{"not_picked":["Recycle","Leap"],"picked":"BootSequence","floor":12},{"not_picked":["Fusion","Steam"],"picked":"Scrape","floor":14},{"not_picked":["Biased Cognition","Seek"],"picked":"Creative AI","floor":16},{"not_picked":["Genetic Algorithm","Streamline"],"picked":"Double Energy+1","floor":18},{"not_picked":["Lockon","Compile Driver+1"],"picked":"Hologram","floor":19}],"player_experience":992892,"relics_obtained":[],"event_choices":[{"damage_healed":0,"gold_gain":0,"player_choice":"Entered Light","damage_taken":15,"max_hp_gain":0,"max_hp_loss":0,"event_name":"Shining Light","floor":3,"gold_loss":0,"cards_upgraded":["Defend_B","Defend_B"]},{"damage_healed":0,"gold_gain":0,"player_choice":"Forge","damage_taken":0,"max_hp_gain":0,"max_hp_loss":0,"event_name":"Accursed Blacksmith","floor":13,"gold_loss":0,"cards_upgraded":["Dualcast"]},{"damage_healed":0,"gold_gain":0,"player_choice":"Ignored","damage_taken":0,"max_hp_gain":0,"max_hp_loss":0,"event_name":"Cursed Tome","floor":20,"gold_loss":0},{"damage_healed":0,"gold_gain":0,"player_choice":"Ignored","damage_taken":0,"max_hp_gain":0,"max_hp_loss":0,"event_name":"Vampires","floor":21,"gold_loss":0}],"is_beta":false,"boss_relics":[{"not_picked":["Busted Crown","Inserter","Nuclear Battery"]}],"items_purged_floors":[8],"is_endless":false,"potions_floor_spawned":[1,5,7],"killed_by":"Shelled Parasite and Fungi","ascension_level":0}}