{"host":"bsgp9wgausrmthh2","time":1613226983,"event":{"mods":["AchievementEnabler","BaseMod","Colored Map","Minty Spire (QoL Compilation)","StSLib"],"gold_per_floor":[117,127,202,215,133,162,180,180,180,180,194,194,206,206,206,307,307,319,30,43,60,60,60,60,11,83,83,83,83],"floor_reached":28,"language":"ENG","playtime":2875,"items_purged":[],"score":218,"play_id":"93bb89fa-9f32-4b41-b40f-0534b1772f21","local_time":"20210213093623","is_ascension_mode":false,"campfire_choices":[{"floor":10,"key":"RECALL"},{"floor":15,"key":"REST"},{"data":"Noxious Fumes","floor":24,"key":"SMITH"},{"floor":27,"key":"REST"}],"circlet_count":0,"master_deck":["Strike_G","Strike_G","Strike_G","Strike_G","Strike_G","Defend_G","Defend_G","Defend_G","Defend_G","Defend_G","Survivor","Neutralize","Flying Knee","Backflip","Dagger Spray","Noxious Fumes+1","Poisoned Stab","Corpse Explosion+1","Blur+1","Leg Sweep+1","Malaise+1","CurseOfTheBell","Noxious Fumes","Backstab+1","Infinite Blades","Noxious Fumes","Dagger Throw+1","J.A.X.+1","Bane+1"],"relics":["Ring of the Snake","NeowsBlessing","Toxic Egg 2","Molten Egg 2","Calling Bell","Juzu Bracelet","Singing Bowl","WingedGreaves","DollysMirror","Bottled Lightning"],"acts_visited":["Exordium","TheCity"],"potions_floor_usage":[],"damage_taken":[{"damage":0,"enemies":"Jaw Worm","floor":1,"turns":1},{"damage":0,"enemies":"2 Louse","floor":2,"turns":1},{"damage":0,"enemies":"Cultist","floor":4,"turns":1},{"damage":22,"enemies":"3 Sentries","floor":6,"turns":7},{"damage":15,"enemies":"Exordium Thugs","floor":7,"turns":4},{"damage":5,"enemies":"2 Fungi Beasts","floor":11,"turns":4},{"damage":8,"enemies":"Exordium Wildlife","floor":13,"turns":4},{"damage":12,"enemies":"The Guardian","floor":16,"turns":10},{"damage":7,"enemies":"Spheric Guardian","floor":18,"turns":7},{"damage":27,"enemies":"2 Thieves","floor":20,"turns":4},{"damage":13,"enemies":"Snecko","floor":21,"turns":6},{"damage":14,"enemies":"Colosseum Slavers","floor":28,"turns":6},{"damage":49,"enemies":"Colosseum Nobs","floor":28,"turns":5}],"seed_played":"-7321728088485547778","potions_obtained":[{"floor":6,"key":"Dexterity Potion"},{"floor":13,"key":"Block Potion"},{"floor":16,"key":"ColorlessPotion"},{"floor":20,"key":"SneckoOil"}],"is_trial":false,"path_per_floor":["M","M","?","M","$","E","M","?","T","R","M","T","M","?","R","B",null,"M","$","M","M","?","?","R","$","T","R","?"],"character_chosen":"THE_SILENT","items_purchased":["Noxious Fumes","Poisoned Stab","Backstab+1","Infinite Blades","DollysMirror","Bane+1"],"campfire_rested":2,"item_purchase_floors":[5,5,19,19,19,25],"current_hp_per_floor":[70,70,59,59,59,37,22,27,27,27,22,22,14,14,35,23,70,63,63,38,25,25,25,25,25,25,46,0,0],"gold":83,"neow_bonus":"THREE_ENEMY_KILL","is_daily":false,"chose_seed":false,"campfire_upgraded":1,"win_rate":0.0,"timestamp":1613226983,"path_taken":["M","M","?","M","?","E","M","?","T","R","?","?","M","?","R","BOSS","M","$","M","M","?","?","R","?","T","R","?"],"items_purchased_type":["Card","Card","Card","Card","Relic","Card"],"build_version":"2020-12-22","purchased_purges":0,"victory":false,"max_hp_per_floor":[70,70,70,70,70,70,70,70,70,70,70,70,70,70,70,70,70,70,70,72,72,72,72,72,72,72,72,72,72],"card_choices":[{"not_picked":["Prepared","Dodge and Roll"],"picked":"Flying Knee","floor":1},{"not_picked":["Dodge and Roll","Prepared"],"picked":"Backflip","floor":2},{"not_picked":["Finisher","Flying Knee"],"picked":"Dagger Spray","floor":4},{"not_picked":["Deflect+1","Predator"],"picked":"Corpse Explosion+1","floor":6},{"not_picked":["Dodge and Roll+1","Outmaneuver+1"],"picked":"Slice","floor":7},{"not_picked":["Expertise+1","Outmaneuver+1"],"picked":"Blur+1","floor":11},{"not_picked":["Sucker Punch+1","Outmaneuver+1"],"picked":"Leg Sweep+1","floor":13},{"not_picked":["Glass Knife+1","Doppelganger+1"],"picked":"Malaise+1","floor":16},{"not_picked":["Outmaneuver+1","Caltrops+1"],"picked":"Noxious Fumes","floor":18},{"not_picked":["Poisoned Stab+1","Heel Hook+1","Skewer+1"],"picked":"Singing Bowl","floor":20},{"not_picked":["Deadly Poison+1","Masterful Stab+1"],"picked":"Dagger Throw+1","floor":21}],"player_experience":207013,"relics_obtained":[{"floor":6,"key":"Toxic Egg 2"},{"floor":12,"key":"Molten Egg 2"},{"floor":17,"key":"Juzu Bracelet"},{"floor":17,"key":"Singing Bowl"},{"floor":17,"key":"WingedGreaves"},{"floor":26,"key":"Bottled Lightning"}],"event_choices":[{"damage_healed":0,"gold_gain":75,"player_choice":"Gather Gold","damage_taken":11,"max_hp_gain":0,"max_hp_loss":0,"event_name":"World of Goop","floor":3,"gold_loss":0},{"cards_removed":["Slice"],"damage_healed":5,"gold_gain":0,"player_choice":"Offered Common","damage_taken":0,"max_hp_gain":0,"max_hp_loss":0,"event_name":"Bonfire Elementals","floor":8,"gold_loss":0},{"cards_removed":["Slice"],"damage_healed":5,"gold_gain":0,"player_choice":"Offered Special","damage_taken":0,"max_hp_gain":0,"max_hp_loss":0,"event_name":"Bonfire Elementals","floor":8,"gold_loss":0},{"damage_healed":0,"gold_gain":0,"player_choice":"Ignored","damage_taken":0,"max_hp_gain":0,"max_hp_loss":0,"event_name":"Shining Light","floor":14,"gold_loss":0},{"damage_healed":0,"gold_gain":0,"player_choice":"Obtain J.A.X.","damage_taken":0,"max_hp_gain":0,"max_hp_loss":0,"event_name":"Drug Dealer","floor":23,"gold_loss":0,"cards_obtained":["J.A.X."]},{"damage_healed":0,"gold_gain":0,"player_choice":"Fight","damage_taken":0,"max_hp_gain":0,"max_hp_loss":0,"event_name":"Colosseum","floor":28,"gold_loss":0},{"damage_healed":0,"gold_gain":0,"player_choice":"Fought Nobs","damage_taken":0,"max_hp_gain":0,"max_hp_loss":0,"event_name":"Colosseum","floor":28,"gold_loss":0}],"is_beta":false,"boss_relics":[{"not_picked":["Empty Cage","HoveringKite"],"picked":"Calling Bell"}],"items_purged_floors":[],"is_endless":false,"potions_floor_spawned":[6,13,16,20,28],"killed_by":"Colosseum Nobs","ascension_level":0}}