{"host":"wbs0wzz0alz01mnq","time":1613226138,"event":{"mods":["2.2 Compatiblity","BaseMod","Bestiary","Colored Map","Colored Powertips","GifTheSpireLib","Googly Eyes","Highlight Path","Minty Spire (QoL Compilation)","Morshu Shopkeeper - ENHANCED","Quick Restart","RNG Fix","Relic Stats","StSLib","SuperFastMode","Waifu the Spire","Weighted Paths","thorton"],"gold_per_floor":[114,131,146,146,180,180,130,130,130,164,14,60,60,113,113,232,232,271,311,358,457,462,462,462],"floor_reached":22,"language":"ENG","playtime":1290,"items_purged":["thethorton:Strike"],"score":721,"play_id":"005b600d-dbe6-4fb7-ab84-70d6f68bc908","local_time":"20210213092218","is_ascension_mode":false,"campfire_choices":[{"data":"thethorton:Heckle","floor":6,"key":"SMITH"},{"data":"thethorton:CashBash","floor":8,"key":"SMITH"},{"data":"thethorton:SheetShred","floor":15,"key":"SMITH"}],"circlet_count":0,"master_deck":["thethorton:Strike","thethorton:Strike","thethorton:Strike","thethorton:Defend","thethorton:Defend","thethorton:Defend","thethorton:Defend","thethorton:Heckle+1","thethorton:CreditCard","thethorton:CashBash+1","thethorton:CashBash","thethorton:BusinessCard","thethorton:TakeAccounts","thethorton:StumblingSlap","thethorton:CoinClash","thethorton:SheetShred+1","thethorton:AngerMoment","thethorton:Hexaghostify","thethorton:PocketChange","thethorton:WhirlingBriefcase","thethorton:Hindsight+1"],"relics":["thethorton:CouragePotion","NeowsBlessing","Matryoshka","Nunchaku","Blood Vial","thethorton:BottledFunds"],"acts_visited":["Exordium","TheCity"],"potions_floor_usage":[12],"damage_taken":[{"damage":0,"enemies":"2 Louse","floor":1,"turns":1},{"damage":0,"enemies":"Cultist","floor":2,"turns":1},{"damage":0,"enemies":"Small Slimes","floor":3,"turns":1},{"damage":16,"enemies":"Blue Slaver","floor":5,"turns":7},{"damage":13,"enemies":"2 Fungi Beasts","floor":10,"turns":3},{"damage":0,"enemies":"Gremlin Nob","floor":12,"turns":2},{"damage":20,"enemies":"3 Sentries","floor":14,"turns":6},{"damage":0,"enemies":"Slime Boss","floor":16,"turns":7},{"damage":18,"enemies":"Chosen","floor":18,"turns":5},{"damage":17,"enemies":"Spheric Guardian","floor":19,"turns":4},{"damage":24,"enemies":"Snake Plant","floor":20,"turns":5},{"damage":8,"enemies":"Centurion and Healer","floor":22,"turns":2}],"seed_played":"-7428649465994501809","potions_obtained":[{"floor":1,"key":"AttackPotion"},{"floor":4,"key":"Fire Potion"},{"floor":4,"key":"Block Potion"},{"floor":4,"key":"DuplicationPotion"},{"floor":12,"key":"Swift Potion"}],"is_trial":false,"path_per_floor":["M","M","M","?","M","R","?","R","T","M","$","E","?","E","R","B",null,"M","M","M","?","M"],"character_chosen":"THE_THORT","items_purchased":["thethorton:CoinClash"],"campfire_rested":0,"item_purchase_floors":[11],"current_hp_per_floor":[68,68,68,68,52,52,52,52,52,39,39,39,39,19,19,21,68,50,35,13,13,7,7,7],"gold":462,"neow_bonus":"THREE_ENEMY_KILL","is_daily":false,"chose_seed":false,"campfire_upgraded":3,"win_rate":0.0,"timestamp":1613226138,"path_taken":["M","M","M","?","M","R","?","R","T","?","$","E","?","E","R","BOSS","M","M","M","?","M"],"items_purchased_type":["Card"],"build_version":"2020-12-22","purchased_purges":1,"victory":false,"max_hp_per_floor":[68,68,68,68,68,68,68,68,68,68,68,68,68,68,68,68,68,68,68,68,68,68,68,68],"relic_stats":{"Blood Vial":8,"Nunchaku":[4],"counters":[12,41],"obtain_stats":[{"Blood Vial":14,"Nunchaku":12,"Matryoshka":9,"NeowsBlessing":0,"thethorton:BottledFunds":17,"thethorton:CouragePotion":0},{"Blood Vial":7,"Nunchaku":6,"Matryoshka":4,"NeowsBlessing":0,"thethorton:BottledFunds":8,"thethorton:CouragePotion":0},{"Blood Vial":21,"Nunchaku":15,"Matryoshka":10,"NeowsBlessing":0,"thethorton:BottledFunds":27,"thethorton:CouragePotion":0}]},"card_choices":[{"not_picked":["thethorton:BookBash","thethorton:DesperateRun"],"picked":"thethorton:CashBash","floor":1},{"not_picked":["thethorton:BusinessBurst","thethorton:LongTermPayoff"],"picked":"thethorton:CashBash","floor":2},{"not_picked":["thethorton:SicklyRun","thethorton:StumblingSlap"],"picked":"thethorton:BusinessCard","floor":3},{"not_picked":["thethorton:SicklyRun","thethorton:HedgeFund"],"picked":"thethorton:TakeAccounts","floor":5},{"not_picked":["thethorton:SicklyRun","thethorton:HitAhead"],"picked":"thethorton:StumblingSlap","floor":10},{"not_picked":["thethorton:ElbowSmash","thethorton:GoldBuffer"],"picked":"thethorton:SheetShred","floor":12},{"not_picked":["thethorton:ChartProject","thethorton:HedgeFund"],"picked":"thethorton:AngerMoment","floor":14},{"not_picked":["thethorton:EquivalentExchange","thethorton:BigBreak"],"picked":"thethorton:Hexaghostify","floor":16},{"not_picked":["thethorton:RunningKick","thethorton:AngerMoment+1"],"picked":"thethorton:PocketChange","floor":18},{"not_picked":["thethorton:ElbowSmash","thethorton:BookBash"],"picked":"thethorton:WhirlingBriefcase","floor":19},{"not_picked":["thethorton:GoldBuffer","thethorton:Distance"],"picked":"thethorton:Hindsight+1","floor":20}],"player_experience":22880,"relics_obtained":[{"floor":9,"key":"Matryoshka"},{"floor":12,"key":"Nunchaku"},{"floor":14,"key":"Blood Vial"}],"event_choices":[{"damage_healed":0,"gold_gain":0,"player_choice":"Got Potions","damage_taken":0,"max_hp_gain":0,"max_hp_loss":0,"event_name":"Lab","floor":4,"gold_loss":0},{"cards_removed":["Normality"],"damage_healed":0,"gold_gain":0,"player_choice":"Card Removal","damage_taken":0,"max_hp_gain":0,"max_hp_loss":0,"event_name":"The Cleric","floor":7,"gold_loss":50},{"damage_healed":0,"gold_gain":0,"player_choice":"0 cards matched","damage_taken":0,"max_hp_gain":0,"max_hp_loss":0,"event_name":"Match and Keep!","floor":13,"gold_loss":0,"cards_obtained":[]},{"damage_healed":0,"gold_gain":99,"player_choice":"Stole From Cult","damage_taken":0,"max_hp_gain":0,"max_hp_loss":0,"event_name":"Nest","floor":21,"gold_loss":0}],"is_beta":false,"boss_relics":[{"not_picked":["Ectoplasm","thethorton:TimeNecklace"],"picked":"thethorton:BottledFunds"}],"items_purged_floors":[11],"is_endless":false,"potions_floor_spawned":[1,5,12,16,18],"killed_by":"Centurion and Healer","ascension_level":0}}