{"host":"d52brwsy6af8zvaq","time":1613234032,"event":{"mods":["AchievementEnabler","BaseMod","Bestiary","Highlight Path","Minty Spire (QoL Compilation)","Quick Restart","Relic Stats","ojb\u0027s Better Paths Mod"],"gold_per_floor":[112,112,127,142,142,167,167,197,220,251,251,264,264,229,229,229,229],"floor_reached":16,"language":"ENG","playtime":428,"items_purged":[],"score":261,"play_id":"d70d7ab7-a4db-44f6-9673-390fbb593af3","local_time":"20210213093352","is_ascension_mode":true,"campfire_choices":[{"data":"Sunder","floor":7.0,"key":"SMITH"},{"data":"Lockon","floor":15,"key":"SMITH"}],"circlet_count":0,"master_deck":["AscendersBane","Strike_B","Strike_B","Strike_B","Strike_B","Defend_B","Defend_B","Defend_B","Defend_B","Zap","Dualcast","Lockon+1","Sunder+1","Go for the Eyes","Steam","Steam","Core Surge","Fission","Beam Cell"],"relics":["Cracked Core","Strawberry","Art of War","Omamori","Bottled Flame","Ornamental Fan"],"acts_visited":["Exordium"],"potions_floor_usage":[],"damage_taken":[{"damage":1.0,"enemies":"Small Slimes","floor":1.0,"turns":3.0},{"damage":4.0,"enemies":"Jaw Worm","floor":3.0,"turns":3.0},{"damage":2.0,"enemies":"2 Louse","floor":4.0,"turns":2.0},{"damage":36.0,"enemies":"Gremlin Nob","floor":6.0,"turns":4.0},{"damage":20.0,"enemies":"Lagavulin","floor":8.0,"turns":6.0},{"damage":8.0,"enemies":"Gremlin Nob","floor":10.0,"turns":3.0},{"damage":5,"enemies":"Red Slaver","floor":12,"turns":2},{"damage":29,"enemies":"Hexaghost","floor":16,"turns":9}],"seed_played":"-6963586208775805787","potions_obtained":[{"floor":3.0,"key":"CultistPotion"},{"floor":4.0,"key":"SpeedPotion"},{"floor":8.0,"key":"Fire Potion"}],"is_trial":false,"path_per_floor":["M","?","M","M","?","E","R","E","T","E","?","M","?","?","R","B"],"character_chosen":"DEFECT","items_purchased":[],"campfire_rested":0,"item_purchase_floors":[],"current_hp_per_floor":[70,75,71,69,69,40,40,20,20,12,12,7,7,29,29,0,0],"gold":229,"neow_bonus":"TEN_PERCENT_HP_BONUS","is_daily":false,"chose_seed":false,"campfire_upgraded":2,"win_rate":0.0,"timestamp":1613234032,"path_taken":["M","?","M","M","?","E","R","E","T","E","?","?","?","?","R","BOSS"],"items_purchased_type":[],"build_version":"2020-12-22","purchased_purges":0,"victory":false,"max_hp_per_floor":[78,83,83,83,83,90,90,90,90,90,90,90,90,90,90,90,90],"relic_stats":{"counters":[8,32],"Ornamental Fan":[8],"Art of War":[1],"obtain_stats":[{"Bottled Flame":10,"Ornamental Fan":13,"Strawberry":6,"Art of War":8,"Omamori":9,"Cracked Core":0},{"Bottled Flame":6,"Ornamental Fan":7,"Strawberry":4,"Art of War":5,"Omamori":5,"Cracked Core":0},{"Bottled Flame":21,"Ornamental Fan":23,"Strawberry":12,"Art of War":18,"Omamori":18,"Cracked Core":0}]},"card_choices":[{"not_picked":["Beam Cell","Stack"],"picked":"Lockon","floor":1.0},{"not_picked":["Coolheaded","Rebound"],"picked":"Sunder","floor":3.0},{"not_picked":["Compile Driver","Recycle"],"picked":"Go for the Eyes","floor":4.0},{"not_picked":["Stack","Rebound"],"picked":"Steam","floor":6.0},{"not_picked":["Go for the Eyes","Rebound"],"picked":"Steam","floor":8.0},{"not_picked":["Redo","Heatsinks"],"picked":"Core Surge","floor":10.0},{"not_picked":["Steam","Reinforced Body"],"picked":"Beam Cell","floor":12}],"player_experience":2254677,"relics_obtained":[{"floor":6.0,"key":"Strawberry"},{"floor":8.0,"key":"Art of War"},{"floor":9.0,"key":"Omamori"},{"floor":10.0,"key":"Bottled Flame"}],"event_choices":[{"damage_healed":0.0,"max_hp_gain":5.0,"max_hp_loss":0.0,"gold_gain":0.0,"event_name":"Big Fish","player_choice":"Donut","floor":2.0,"gold_loss":0.0,"damage_taken":0.0},{"damage_healed":0.0,"max_hp_gain":0.0,"max_hp_loss":0.0,"gold_gain":0.0,"event_name":"Liars Game","player_choice":"Ignored","floor":5.0,"gold_loss":0.0,"damage_taken":0.0},{"damage_healed":0,"gold_gain":0,"player_choice":"1 cards matched","damage_taken":0,"max_hp_gain":0,"max_hp_loss":0,"event_name":"Match and Keep!","floor":11,"gold_loss":0,"cards_obtained":["Fission"]},{"damage_healed":0,"gold_gain":0,"player_choice":"Searched \u00271\u0027 times","damage_taken":0,"relics_obtained":["Ornamental Fan"],"max_hp_gain":0,"max_hp_loss":0,"event_name":"Dead Adventurer","floor":13,"gold_loss":0},{"damage_healed":22,"gold_gain":0,"player_choice":"Healed","damage_taken":0,"max_hp_gain":0,"max_hp_loss":0,"event_name":"The Cleric","floor":14,"gold_loss":35}],"is_beta":false,"boss_relics":[],"items_purged_floors":[],"is_endless":false,"potions_floor_spawned":[3,4,8],"killed_by":"Hexaghost","ascension_level":20}}