{"host":"hk3n60c9tb8azi3z","time":1613215396,"event":{"mods":["AchievementEnabler","BaseMod","Minty Spire (QoL Compilation)","Relic Sorter","Relic Stats"],"gold_per_floor":[114,129,38,53,68,98,98,98,123,153,153,183,198,228,228,348,348,383,383,423,423,9,39,39,94,94,124,124,28,58,73,73,173,173,188,36,76,76,87,117,117,147,147,202,202,232,36,36,36,36],"floor_reached":51,"language":"ENG","playtime":5651,"items_purged":[],"score":1190,"play_id":"27c70a37-5ce1-4e56-9bc4-35e6c9e8224c","local_time":"20210213122316","daily_mods":["SealedDeck","Colorless Cards","Elite Swarm"],"is_ascension_mode":false,"campfire_choices":[{"data":"True Grit","floor":7.0,"key":"SMITH"},{"data":"Dual Wield","floor":15.0,"key":"SMITH"},{"data":"Demon Form","floor":24,"key":"SMITH"},{"data":"Apotheosis","floor":32,"key":"SMITH"},{"data":"Feel No Pain","floor":41,"key":"SMITH"},{"data":"The Bomb","floor":49,"key":"SMITH"}],"circlet_count":0,"master_deck":["Pommel Strike","Disarm+1","True Grit+1","Twin Strike","Inflame","Sever Soul","True Grit","Sentinel","Feel No Pain","Feel No Pain","Inflame","Dual Wield+1","Feel No Pain","Spot Weakness","Reaper","Fiend Fire","Demon Form+1","Headbutt","HandOfGreed","Secret Weapon","Whirlwind","Apotheosis+1","Feel No Pain","Inflame","Seeing Red","Impervious+1","Exhume","Exhume","Flash of Steel","The Bomb+1","Disarm","Corruption","Pummel+1","Limit Break","Feel No Pain+1","Warcry+1","Purity","Thinking Ahead","Secret Technique","Panacea","Limit Break","Offering","Impervious","Secret Weapon","True Grit","Madness","Madness"],"relics":["Burning Blood","Ornamental Fan","Letter Opener","Bag of Preparation","Thread and Needle","Orichalcum","Coffee Dripper","Nilry\u0027s Codex","DollysMirror","Bag of Marbles","Calipers","PreservedInsect","Bottled Lightning","Smiling Mask","Nunchaku","War Paint","Black Star","Lizard Tail","Blood Vial","Magic Flower","Sundial","Bottled Flame","Bronze Scales","Oddly Smooth Stone","Juzu Bracelet","Gambling Chip","Turnip","Potion Belt","Lantern"],"acts_visited":["Exordium","TheCity","TheBeyond"],"potions_floor_usage":[20,23,33,39,50,50],"damage_taken":[{"damage":6.0,"enemies":"Jaw Worm","floor":1.0,"turns":4.0},{"damage":4.0,"enemies":"Cultist","floor":2.0,"turns":3.0},{"damage":0.0,"enemies":"Small Slimes","floor":4.0,"turns":4.0},{"damage":3.0,"enemies":"Exordium Wildlife","floor":5.0,"turns":5.0},{"damage":7.0,"enemies":"Lagavulin","floor":6.0,"turns":8.0},{"damage":3.0,"enemies":"3 Sentries","floor":10.0,"turns":11.0},{"damage":0.0,"enemies":"Lagavulin","floor":12.0,"turns":6.0},{"damage":6.0,"enemies":"Looter","floor":13.0,"turns":2.0},{"damage":0.0,"enemies":"3 Sentries","floor":14.0,"turns":6.0},{"damage":22.0,"enemies":"The Guardian","floor":16.0,"turns":11.0},{"damage":0.0,"enemies":"Shell Parasite","floor":18.0,"turns":9.0},{"damage":8,"enemies":"2 Thieves","floor":20,"turns":4},{"damage":35,"enemies":"Book of Stabbing","floor":23,"turns":11},{"damage":6,"enemies":"Gremlin Leader","floor":25,"turns":10},{"damage":8,"enemies":"Book of Stabbing","floor":27,"turns":7},{"damage":9,"enemies":"Slavers","floor":30,"turns":2},{"damage":0,"enemies":"Sentry and Sphere","floor":31,"turns":4},{"damage":0,"enemies":"Collector","floor":33,"turns":8},{"damage":0,"enemies":"3 Darklings","floor":35,"turns":3},{"damage":6,"enemies":"3 Shapes","floor":37,"turns":6},{"damage":20,"enemies":"2 Orb Walkers","floor":39,"turns":4},{"damage":0,"enemies":"Reptomancer","floor":40,"turns":8},{"damage":0,"enemies":"Giant Head","floor":42,"turns":7},{"damage":6,"enemies":"Reptomancer","floor":44,"turns":5},{"damage":18,"enemies":"Nemesis","floor":46,"turns":7},{"damage":18,"enemies":"Donu and Deca","floor":50,"turns":7}],"seed_played":"6099103822572544471","potions_obtained":[{"floor":1.0,"key":"Swift Potion"},{"floor":5.0,"key":"Dexterity Potion"},{"floor":6.0,"key":"SteroidPotion"},{"floor":12.0,"key":"LiquidMemories"},{"floor":18.0,"key":"SkillPotion"},{"floor":27,"key":"Regen Potion"},{"floor":30,"key":"EssenceOfSteel"},{"floor":33,"key":"Explosive Potion"},{"floor":37,"key":"SkillPotion"},{"floor":40,"key":"BlessingOfTheForge"},{"floor":42,"key":"PowerPotion"},{"floor":44,"key":"LiquidMemories"}],"is_trial":false,"path_per_floor":["M","M","$","M","M","E","R","?","T","E","?","E","M","E","R","B",null,"M","?","M","?","$","E","R","E","T","E","?","$","E","M","R","B",null,"M","$","M","?","?","E","R","E","T","E","?","E","$","?","R","B",null],"character_chosen":"IRONCLAD","items_purchased":["Feel No Pain","True Grit","DollysMirror","Inflame","Bag of Marbles","Seeing Red","Flash of Steel","Limit Break","Feel No Pain","Lantern","True Grit"],"campfire_rested":0,"item_purchase_floors":[3,3,22,22,22,22,29,36,36,47,47],"current_hp_per_floor":[80,80,80,80,80,79,79,67,67,80,80,80,80,80,80,80,80,80,80,78,62,62,80,80,80,80,80,80,80,77,80,80,80,80,80,80,80,70,56,80,80,80,80,80,80,80,80,70,70,80],"gold":36,"neow_bonus":"","is_daily":true,"chose_seed":false,"campfire_upgraded":6,"win_rate":0.0,"timestamp":1613215396,"path_taken":["M","M","$","M","M","E","R","?","T","E","?","E","?","E","R","BOSS","M","?","?","?","$","E","R","E","T","E","?","?","E","M","R","BOSS","M","$","M","?","?","E","R","E","T","E","?","E","$","?","R","BOSS"],"items_purchased_type":["Card","Card","Relic","Card","Relic","Card","Card","Card","Card","Relic","Card"],"build_version":"2020-12-22","purchased_purges":0,"victory":true,"max_hp_per_floor":[80,80,80,80,80,80,80,80,80,80,80,80,80,80,80,80,80,80,80,80,80,80,80,80,80,80,80,80,80,80,80,80,80,80,80,80,80,80,80,80,80,80,80,80,80,80,80,80,80,80],"relic_stats":{"counters":[26,162],"Magic Flower":[1],"PreservedInsect":370,"Bag of Preparation":[42],"Juzu Bracelet":1,"Letter Opener":[304],"Orichalcum":[96],"War Paint":["Impervious","Disarm"],"Smiling Mask":0,"Burning Blood":46,"Blood Vial":3,"Nunchaku":[5],"Lizard Tail":0,"Ornamental Fan":[12],"Sundial":[0],"Bronze Scales":[55],"Gambling Chip":[5],"Turnip":[0],"Black Star":4,"obtain_stats":[{"Lantern":47,"Calipers":23,"Nilry\u0027s Codex":21,"Magic Flower":40,"Bag of Preparation":9,"Juzu Bracelet":44,"Smiling Mask":27,"Burning Blood":0,"Blood Vial":40,"Nunchaku":28,"Lizard Tail":39,"DollysMirror":22,"Sundial":42,"Gambling Chip":45,"Potion Belt":46,"Oddly Smooth Stone":44,"Thread and Needle":10,"PreservedInsect":25,"Letter Opener":8,"Orichalcum":14,"War Paint":30,"Bottled Flame":42,"Ornamental Fan":6,"Bronze Scales":43,"Turnip":46,"Coffee Dripper":17,"Bag of Marbles":22,"Black Star":34,"Bottled Lightning":26},{"Lantern":25,"Calipers":13,"Nilry\u0027s Codex":12,"Magic Flower":22,"Bag of Preparation":5,"Juzu Bracelet":24,"Smiling Mask":15,"Burning Blood":0,"Blood Vial":22,"Nunchaku":15,"Lizard Tail":21,"DollysMirror":12,"Sundial":23,"Gambling Chip":24,"Potion Belt":25,"Oddly Smooth Stone":24,"Thread and Needle":6,"PreservedInsect":14,"Letter Opener":5,"Orichalcum":9,"War Paint":16,"Bottled Flame":23,"Ornamental Fan":5,"Bronze Scales":23,"Turnip":25,"Coffee Dripper":10,"Bag of Marbles":12,"Black Star":18,"Bottled Lightning":14},{"Lantern":155,"Calipers":84,"Nilry\u0027s Codex":73,"Magic Flower":136,"Bag of Preparation":24,"Juzu Bracelet":148,"Smiling Mask":101,"Burning Blood":0,"Blood Vial":136,"Nunchaku":101,"Lizard Tail":128,"DollysMirror":73,"Sundial":143,"Gambling Chip":148,"Potion Belt":155,"Oddly Smooth Stone":148,"Thread and Needle":35,"PreservedInsect":94,"Letter Opener":24,"Orichalcum":49,"War Paint":103,"Bottled Flame":143,"Ornamental Fan":24,"Bronze Scales":143,"Turnip":155,"Coffee Dripper":60,"Bag of Marbles":73,"Black Star":115,"Bottled Lightning":94}]},"card_choices":[{"not_picked":["Purity","Panacea"],"picked":"Inflame","floor":1.0},{"not_picked":["Finesse","Headbutt"],"picked":"Dual Wield","floor":2.0},{"not_picked":["Clash","Wild Strike"],"picked":"Spot Weakness","floor":4.0},{"not_picked":["Flex","Warcry","Havoc"],"picked":"SKIP","floor":5.0},{"not_picked":["Juggernaut","Master of Strategy"],"picked":"Reaper","floor":6.0},{"not_picked":["Panache","Transmutation"],"picked":"Fiend Fire","floor":10.0},{"not_picked":["Impervious","Brutality"],"picked":"Demon Form","floor":12.0},{"not_picked":["Searing Blow","Twin Strike"],"picked":"Headbutt","floor":13.0},{"not_picked":["Fiend Fire","Sadistic Nature"],"picked":"HandOfGreed","floor":14.0},{"not_picked":["Panache","Brutality"],"picked":"Secret Weapon","floor":16.0},{"not_picked":["Twin Strike","Clash"],"picked":"Whirlwind","floor":18.0},{"not_picked":["Jack Of All Trades","Twin Strike","Blood for Blood+1"],"picked":"SKIP","floor":20},{"not_picked":["Violence","Fiend Fire"],"picked":"Impervious","floor":23},{"not_picked":["Reaper","Demon Form"],"picked":"Exhume","floor":25},{"not_picked":["Thinking Ahead","Magnetism"],"picked":"Exhume","floor":27},{"not_picked":["Metamorphosis","Transmutation"],"picked":"The Bomb","floor":30},{"not_picked":["Swift Strike","Blind"],"picked":"Disarm","floor":31},{"not_picked":["Magnetism","Brutality"],"picked":"Corruption","floor":33},{"not_picked":["Armaments+1","Cleave"],"picked":"Pummel+1","floor":35},{"not_picked":["Iron Wave+1","Second Wind"],"picked":"Warcry+1","floor":37},{"not_picked":["Bandage Up","Secret Weapon"],"picked":"Purity","floor":38},{"not_picked":["Metamorphosis","Discovery"],"picked":"Thinking Ahead","floor":38},{"not_picked":["Transmutation","Finesse"],"picked":"Secret Technique","floor":38},{"not_picked":["Flex+1","Cleave"],"picked":"Panacea","floor":39},{"not_picked":["Brutality","Magnetism"],"picked":"Limit Break","floor":40},{"not_picked":["Demon Form","Brutality"],"picked":"Offering","floor":42},{"not_picked":["The Bomb","Panache"],"picked":"Impervious","floor":44},{"not_picked":["Mayhem","Magnetism"],"picked":"Secret Weapon","floor":46}],"player_experience":1676368,"relics_obtained":[{"floor":6.0,"key":"Ornamental Fan"},{"floor":9.0,"key":"Bag of Preparation"},{"floor":10.0,"key":"Thread and Needle"},{"floor":14.0,"key":"Orichalcum"},{"floor":21,"key":"Nilry\u0027s Codex"},{"floor":23,"key":"Calipers"},{"floor":25,"key":"PreservedInsect"},{"floor":26,"key":"Bottled Lightning"},{"floor":27,"key":"Smiling Mask"},{"floor":30,"key":"War Paint"},{"floor":39,"key":"Lizard Tail"},{"floor":40,"key":"Blood Vial"},{"floor":40,"key":"Magic Flower"},{"floor":42,"key":"Sundial"},{"floor":42,"key":"Bottled Flame"},{"floor":43,"key":"Bronze Scales"},{"floor":44,"key":"Oddly Smooth Stone"},{"floor":44,"key":"Juzu Bracelet"},{"floor":46,"key":"Turnip"},{"floor":46,"key":"Potion Belt"}],"event_choices":[{"damage_healed":0.0,"max_hp_gain":0.0,"max_hp_loss":0.0,"gold_gain":0.0,"event_name":"Scrap Ooze","player_choice":"Success","floor":8.0,"gold_loss":0.0,"damage_taken":12.0,"relics_obtained":["Letter Opener"]},{"cards_removed":["True Grit"],"damage_healed":5.0,"max_hp_gain":0.0,"max_hp_loss":0.0,"gold_gain":0.0,"event_name":"Bonfire Elementals","player_choice":"Offered Common","floor":11.0,"gold_loss":0.0,"damage_taken":0.0},{"cards_removed":["True Grit"],"damage_healed":5.0,"max_hp_gain":0.0,"max_hp_loss":0.0,"gold_gain":0.0,"event_name":"Bonfire Elementals","player_choice":"Offered Special","floor":11.0,"gold_loss":0.0,"damage_taken":0.0},{"damage_healed":0,"gold_gain":0,"player_choice":"1 cards matched","damage_taken":0,"max_hp_gain":0,"max_hp_loss":0,"event_name":"Match and Keep!","floor":19,"gold_loss":0,"cards_obtained":["Apotheosis"]},{"damage_healed":0,"gold_gain":0,"player_choice":"Obtained Book","damage_taken":16,"max_hp_gain":0,"max_hp_loss":0,"event_name":"Cursed Tome","floor":21,"gold_loss":0},{"damage_healed":0,"gold_gain":0,"player_choice":"Opened","damage_taken":0,"relics_obtained":["Nunchaku"],"max_hp_gain":0,"max_hp_loss":0,"event_name":"The Mausoleum","floor":28,"gold_loss":0},{"damage_healed":0,"gold_gain":0,"player_choice":"Memory 3","damage_taken":10,"max_hp_gain":0,"max_hp_loss":0,"event_name":"SensoryStone","floor":38,"gold_loss":0},{"damage_healed":0,"gold_gain":0,"player_choice":"Fight","damage_taken":0,"max_hp_gain":0,"max_hp_loss":0,"event_name":"Mysterious Sphere","floor":39,"gold_loss":0},{"damage_healed":0,"gold_gain":0,"player_choice":"Gave Potion","damage_taken":0,"relics_obtained":["Gambling Chip"],"max_hp_gain":0,"max_hp_loss":0,"event_name":"WeMeetAgain","floor":45,"gold_loss":0},{"damage_healed":0,"gold_gain":0,"player_choice":"Embrace Madness","damage_taken":10,"max_hp_gain":0,"max_hp_loss":0,"event_name":"Winding Halls","floor":48,"gold_loss":0,"cards_obtained":["Madness","Madness"]}],"is_beta":false,"boss_relics":[{"not_picked":["Runic Pyramid","Mark of Pain"],"picked":"Coffee Dripper"},{"not_picked":["Velvet Choker","Busted Crown"],"picked":"Black Star"}],"items_purged_floors":[],"is_endless":false,"potions_floor_spawned":[1,5,6,12,18,27,30,33,37,40,42,44],"ascension_level":0}}