{"host":"krw8kyiy0um8ye49","time":1613237307,"event":{"mods":["BaseMod","Minty Spire (QoL Compilation)","StSLib","The Runesmith"],"gold_per_floor":[113,113,128,403,2,31,31,51,98,114,129,129,144,144,144],"floor_reached":14,"language":"ENG","playtime":884,"items_purged":["Regret"],"score":97,"play_id":"68017d62-ed7b-4331-9419-9b0604ab5d94","local_time":"20210213182827","is_ascension_mode":true,"campfire_choices":[{"data":"Runesmith:Fortify","floor":7,"key":"SMITH"}],"circlet_count":0,"master_deck":["Runesmith:Strike_RS","Runesmith:Strike_RS","Runesmith:Strike_RS","Runesmith:Strike_RS","Runesmith:Defend_RS+1","Runesmith:Defend_RS","Runesmith:Defend_RS+1","Runesmith:Defend_RS","Runesmith:CraftFirestone","Runesmith:Fortify+1","Runesmith:EarthShield","Runesmith:OneForEveryone","Runesmith:RuneHurl","Runesmith:Grindstone","Runesmith:BackupBattery","Runesmith:GoWithTheFlow","Runesmith:Prism"],"relics":["Runesmith:BrokenRuby","TungstenRod","Boot","Tiny Chest"],"acts_visited":["Exordium"],"potions_floor_usage":[13,14],"damage_taken":[{"damage":3,"enemies":"2 Louse","floor":1,"turns":3},{"damage":0,"enemies":"Small Slimes","floor":3,"turns":3},{"damage":29,"enemies":"3 Sentries","floor":6,"turns":9},{"damage":0,"enemies":"Cultist","floor":8,"turns":3},{"damage":0,"enemies":"2 Fungi Beasts","floor":10,"turns":5},{"damage":0,"enemies":"Blue Slaver","floor":11,"turns":4},{"damage":0,"enemies":"Looter","floor":13,"turns":5},{"damage":31,"enemies":"Gremlin Nob","floor":14,"turns":4}],"seed_played":"-5310304622405383458","potions_obtained":[{"floor":1,"key":"LiquidMemories"},{"floor":10,"key":"SteroidPotion"},{"floor":11,"key":"DuplicationPotion"},{"floor":13,"key":"ColorlessPotion"}],"is_trial":false,"path_per_floor":["M","?","M","?","$","E","R","M","T","M","M","?","M","E"],"character_chosen":"RUNESMITH_CLASS","items_purchased":["TungstenRod","Runesmith:Grindstone"],"campfire_rested":0,"item_purchase_floors":[5,5],"current_hp_per_floor":[67,72,72,72,72,43,43,43,43,43,43,29,29,0,0],"gold":144,"neow_bonus":"THREE_CARDS","is_daily":false,"chose_seed":false,"campfire_upgraded":1,"win_rate":0.0,"timestamp":1613237307,"path_taken":["M","?","M","?","$","E","R","?","T","M","M","?","M","E"],"items_purchased_type":["Relic","Card"],"build_version":"2020-12-22","purchased_purges":1,"victory":false,"max_hp_per_floor":[70,75,75,75,75,75,75,75,75,75,75,75,75,75,75],"card_choices":[{"not_picked":["Runesmith:Firewall","Runesmith:Overpower"],"picked":"Runesmith:EarthShield","floor":0},{"not_picked":["Runesmith:ElementalConversion","Runesmith:ChiselStab"],"picked":"Runesmith:OneForEveryone","floor":1},{"not_picked":["Runesmith:Overpower","Runesmith:CraftSpiculum"],"picked":"Runesmith:RuneHurl","floor":3},{"not_picked":["Runesmith:Superposition","Runesmith:DoubleUp"],"picked":"Runesmith:BackupBattery","floor":6},{"not_picked":["Runesmith:CraftProtectio","Runesmith:RuneHurl"],"picked":"Runesmith:GoWithTheFlow","floor":8},{"not_picked":["Runesmith:MakeshiftArmor","Runesmith:StaticCage","Runesmith:Repurpose"],"picked":"SKIP","floor":10},{"not_picked":["Runesmith:UnstableHammer","Runesmith:EarthShield"],"picked":"Runesmith:Prism","floor":11},{"not_picked":["Runesmith:BackupBattery","Runesmith:CraftReservo","Runesmith:HammerAndChisel"],"picked":"SKIP","floor":13}],"player_experience":173519,"relics_obtained":[{"floor":6,"key":"Boot"},{"floor":9,"key":"Tiny Chest"}],"event_choices":[{"damage_healed":0,"gold_gain":0,"player_choice":"Donut","damage_taken":0,"max_hp_gain":5,"max_hp_loss":0,"event_name":"Big Fish","floor":2,"gold_loss":0},{"damage_healed":0,"gold_gain":275,"player_choice":"Desecrate","damage_taken":0,"max_hp_gain":0,"max_hp_loss":0,"event_name":"Golden Shrine","floor":4,"gold_loss":0,"cards_obtained":["Regret"]},{"damage_healed":0,"gold_gain":0,"player_choice":"Entered Light","damage_taken":15,"max_hp_gain":0,"max_hp_loss":0,"event_name":"Shining Light","floor":12,"gold_loss":0,"cards_upgraded":["Runesmith:Defend_RS","Runesmith:Defend_RS"]}],"is_beta":false,"boss_relics":[],"items_purged_floors":[5],"is_endless":false,"potions_floor_spawned":[1,10,11,13],"killed_by":"Gremlin Nob","ascension_level":1}}