{"host":"8ztb9kwpjc2zof9s","time":1613251729,"event":{"mods":["BaseMod","Block Reminder","Curses Come First","Minty Spire (QoL Compilation)","Relic Stats","StSLib"],"gold_per_floor":[109,123,135,210,210,210,246,45,72,36,105,105,105,280,280,404,467,453,453,473,7,21,21,21],"floor_reached":23,"language":"ENG","playtime":891,"items_purged":["Strike_G","Doubt"],"score":315,"play_id":"d3f45a66-06ea-4b13-94f9-23f82c6c02f0","local_time":"20210213132849","is_ascension_mode":true,"campfire_choices":[{"data":"Neutralize","floor":6,"key":"SMITH"},{"floor":15,"key":"REST"}],"circlet_count":0,"master_deck":["AscendersBane","Strike_G","Strike_G","Strike_G","Strike_G","Defend_G","Defend_G","Defend_G","Defend_G","Defend_G","Survivor","Neutralize+1","Well Laid Plans","Accuracy+1","Prepared","Footwork","Blade Dance","Infinite Blades","Noxious Fumes","Parasite","A Thousand Cuts","Neutralize","Expertise","Footwork","Outmaneuver","Footwork","Footwork"],"relics":["Ring of the Snake","NeowsBlessing","Golden Idol","Toy Ornithopter","Juzu Bracelet","Pear","Tiny House","Matryoshka"],"acts_visited":["Exordium","TheCity"],"potions_floor_usage":[7,7,18,18],"damage_taken":[{"damage":0,"enemies":"2 Louse","floor":1,"turns":1},{"damage":0,"enemies":"Jaw Worm","floor":2,"turns":1},{"damage":0,"enemies":"Cultist","floor":3,"turns":1},{"damage":21,"enemies":"Lagavulin","floor":7,"turns":11},{"damage":24,"enemies":"Lagavulin Event","floor":11,"turns":7},{"damage":21,"enemies":"Slime Boss","floor":16,"turns":9},{"damage":13,"enemies":"2 Thieves","floor":18,"turns":4},{"damage":35,"enemies":"Spheric Guardian","floor":20,"turns":7},{"damage":28,"enemies":"Centurion and Healer","floor":22,"turns":8},{"damage":4,"enemies":"Slavers","floor":23,"turns":1}],"seed_played":"-1546722686189348654","potions_obtained":[{"floor":1,"key":"SkillPotion"},{"floor":3,"key":"SkillPotion"},{"floor":11,"key":"Strength Potion"},{"floor":17,"key":"CunningPotion"},{"floor":20,"key":"Poison Potion"},{"floor":22,"key":"Ancient Potion"}],"is_trial":false,"path_per_floor":["M","M","M","?","?","R","E","$","T","$","?","?","?","?","R","B",null,"M","?","M","$","M","E"],"character_chosen":"THE_SILENT","items_purchased":["Blade Dance","Infinite Blades","Noxious Fumes","Matryoshka","Outmaneuver","Footwork"],"campfire_rested":1,"item_purchase_floors":[8,8,10,21,21,21],"current_hp_per_floor":[63,63,63,52,52,52,31,31,31,31,17,5,23,23,45,24,67,64,64,29,29,1,0,0],"gold":21,"neow_bonus":"THREE_ENEMY_KILL","is_daily":false,"chose_seed":false,"campfire_upgraded":1,"win_rate":0.0,"timestamp":1613251729,"path_taken":["M","M","M","?","?","R","E","$","T","?","?","?","?","?","R","BOSS","M","?","M","$","M","E"],"items_purchased_type":["Card","Card","Card","Relic","Card","Card"],"build_version":"2020-12-22","purchased_purges":2,"victory":false,"max_hp_per_floor":[70,70,70,70,65,65,65,65,65,65,75,75,75,75,75,75,80,80,80,80,80,80,80,80],"relic_stats":{"counters":[10,50],"Golden Idol":75,"Juzu Bracelet":1,"obtain_stats":[{"Pear":11,"Tiny House":17,"Matryoshka":21,"NeowsBlessing":0,"Golden Idol":5,"Juzu Bracelet":9,"Toy Ornithopter":7,"Ring of the Snake":0},{"Pear":5,"Tiny House":6,"Matryoshka":8,"NeowsBlessing":0,"Golden Idol":3,"Juzu Bracelet":4,"Toy Ornithopter":4,"Ring of the Snake":0},{"Pear":21,"Tiny House":30,"Matryoshka":41,"NeowsBlessing":0,"Golden Idol":3,"Juzu Bracelet":14,"Toy Ornithopter":14,"Ring of the Snake":0}],"Toy Ornithopter":10,"Ring of the Snake":[20]},"card_choices":[{"not_picked":["Dagger Throw","Heel Hook"],"picked":"Well Laid Plans","floor":1},{"not_picked":["Riddle With Holes","Bane"],"picked":"Accuracy","floor":2},{"not_picked":["Tactician","Underhanded Strike"],"picked":"Prepared","floor":3},{"not_picked":["Finisher","Malaise"],"picked":"Footwork","floor":7},{"not_picked":["Burst","Night Terror"],"picked":"A Thousand Cuts","floor":16},{"not_picked":["Sucker Punch+1","Flying Knee","Flechettes+1"],"picked":"SKIP","floor":18},{"not_picked":["Concentrate","Deadly Poison+1"],"picked":"Footwork","floor":20},{"not_picked":["Poisoned Stab+1","Underhanded Strike+1"],"picked":"Footwork","floor":22}],"player_experience":322981,"relics_obtained":[{"floor":7,"key":"Toy Ornithopter"},{"floor":9,"key":"Juzu Bracelet"},{"floor":11,"key":"Pear"}],"event_choices":[{"damage_healed":0,"gold_gain":75,"player_choice":"Gather Gold","damage_taken":11,"max_hp_gain":0,"max_hp_loss":0,"event_name":"World of Goop","floor":4,"gold_loss":0},{"damage_healed":0,"gold_gain":0,"player_choice":"Lose Max HP","damage_taken":0,"relics_obtained":["Golden Idol"],"max_hp_gain":0,"max_hp_loss":5,"event_name":"Golden Idol","floor":5,"gold_loss":0},{"damage_healed":0,"gold_gain":0,"player_choice":"Searched \u00272\u0027 times","damage_taken":0,"max_hp_gain":0,"max_hp_loss":0,"event_name":"Dead Adventurer","floor":11,"gold_loss":0},{"damage_healed":0,"gold_gain":0,"player_choice":"Fled","damage_taken":12,"max_hp_gain":0,"max_hp_loss":0,"event_name":"Scrap Ooze","floor":12,"gold_loss":0},{"damage_healed":18,"gold_gain":0,"player_choice":"Healed and dodged fight","damage_taken":0,"max_hp_gain":0,"max_hp_loss":0,"event_name":"Mushrooms","floor":13,"gold_loss":0,"cards_obtained":["Parasite"]},{"damage_healed":0,"gold_gain":175,"player_choice":"AGREE","damage_taken":0,"max_hp_gain":0,"max_hp_loss":0,"event_name":"Liars Game","floor":14,"gold_loss":0,"cards_obtained":["Doubt"]},{"damage_healed":0,"gold_gain":0,"player_choice":"2 cards matched","damage_taken":0,"max_hp_gain":0,"max_hp_loss":0,"event_name":"Match and Keep!","floor":19,"gold_loss":0,"cards_obtained":["Neutralize","Expertise"]}],"is_beta":false,"boss_relics":[{"not_picked":["Velvet Choker","Astrolabe"],"picked":"Tiny House"}],"items_purged_floors":[8,21],"is_endless":false,"potions_floor_spawned":[1,3,11,20,22],"killed_by":"Slavers","ascension_level":11}}