{"host":"iudiqz5bwex5meyb","time":1613185156,"event":{"mods":["AchievementEnabler","BaseMod","Block Reminder","Colored Map","Minty Spire (QoL Compilation)","StSLib","The Senshi","ojb\u0027s Better Paths Mod","ojb\u0027s Info Mod"],"gold_per_floor":[116,126,126,145,145,179,179,22,68,89,130,145,145,161,161,285,285,305,63,88,101,122,122,158,176,176,176,176,176,176,191,191,311,311,331,355,148,164,179,214,164,164,164,164,178,196,235,249,249,249,249],"floor_reached":50,"language":"ENG","playtime":5680,"items_purged":["Strike_G","Strike_G","Strike_G"],"score":757,"play_id":"507b70da-7828-409b-aa82-6b59000621d3","local_time":"20210212205916","is_ascension_mode":true,"campfire_choices":[{"data":"Cloak And Dagger","floor":7,"key":"SMITH"},{"data":"Blade Dance","floor":13,"key":"SMITH"},{"data":"Cloak And Dagger","floor":15,"key":"SMITH"},{"data":"Outmaneuver","floor":23,"key":"SMITH"},{"data":"Malaise","floor":27,"key":"SMITH"},{"data":"RitualDagger","floor":30,"key":"SMITH"},{"floor":32,"key":"RECALL"},{"data":"A Thousand Cuts","floor":44,"key":"SMITH"},{"data":"Footwork","floor":49,"key":"SMITH"}],"circlet_count":0,"master_deck":["Strike_G","Defend_G","Defend_G","Defend_G","Defend_G","Survivor","Neutralize","Die Die Die+1","Finisher+1","Blade Dance+1","Endless Agony","Cloak And Dagger+1","Endless Agony","Deflect","Quick Slash","Cloak And Dagger+1","Malaise+1","Accuracy+1","Outmaneuver+1","Finisher","Acrobatics+1","Flying Knee","PiercingWail","Infinite Blades","Footwork+1","RitualDagger+1","Outmaneuver+1","A Thousand Cuts+1","Deflect+1"],"relics":["Ring of the Snake","Golden Idol","Smiling Mask","Pen Nib","PreservedInsect","Nunchaku","Coffee Dripper","Lantern","Lizard Tail","Nilry\u0027s Codex","Busted Crown","Bag of Marbles","Ancient Tea Set"],"acts_visited":["Exordium","TheCity","TheBeyond"],"potions_floor_usage":[6,6,11,18,18,21,25,33,33,33,38,38,47,47,47,47,47,48],"damage_taken":[{"damage":2,"enemies":"Jaw Worm","floor":1,"turns":5},{"damage":0,"enemies":"2 Louse","floor":2,"turns":2},{"damage":4,"enemies":"Small Slimes","floor":4,"turns":2},{"damage":10,"enemies":"Gremlin Nob","floor":6,"turns":3},{"damage":0,"enemies":"Gremlin Gang","floor":10,"turns":1},{"damage":0,"enemies":"3 Sentries","floor":11,"turns":2},{"damage":0,"enemies":"Exordium Wildlife","floor":12,"turns":2},{"damage":1,"enemies":"3 Louse","floor":14,"turns":2},{"damage":0,"enemies":"Slime Boss","floor":16,"turns":6},{"damage":0,"enemies":"2 Thieves","floor":18,"turns":3},{"damage":4,"enemies":"Chosen","floor":20,"turns":3},{"damage":4,"enemies":"Shelled Parasite and Fungi","floor":21,"turns":4},{"damage":17,"enemies":"Snake Plant","floor":22,"turns":5},{"damage":0,"enemies":"Gremlin Leader","floor":24,"turns":5},{"damage":7,"enemies":"Sentry and Sphere","floor":25,"turns":3},{"damage":3,"enemies":"3 Cultists","floor":31,"turns":4},{"damage":30,"enemies":"Automaton","floor":33,"turns":8},{"damage":27,"enemies":"Orb Walker","floor":35,"turns":4},{"damage":2,"enemies":"3 Darklings","floor":36,"turns":3},{"damage":17,"enemies":"Writhing Mass","floor":38,"turns":5},{"damage":43,"enemies":"Transient","floor":39,"turns":5},{"damage":0,"enemies":"Reptomancer","floor":40,"turns":2},{"damage":4,"enemies":"Sphere and 2 Shapes","floor":45,"turns":1},{"damage":0,"enemies":"3 Darklings","floor":46,"turns":5},{"damage":0,"enemies":"Nemesis","floor":47,"turns":3},{"damage":14,"enemies":"Maw","floor":48,"turns":7},{"damage":5,"enemies":"Awakened One","floor":50,"turns":1}],"seed_played":"7855900530339021064","potions_obtained":[{"floor":2,"key":"Explosive Potion"},{"floor":4,"key":"BlessingOfTheForge"},{"floor":6,"key":"PowerPotion"},{"floor":10,"key":"CunningPotion"},{"floor":16,"key":"Block Potion"},{"floor":18,"key":"CunningPotion"},{"floor":22,"key":"PowerPotion"},{"floor":24,"key":"CunningPotion"},{"floor":31,"key":"PowerPotion"},{"floor":35,"key":"Block Potion"},{"floor":40,"key":"CultistPotion"},{"floor":45,"key":"EntropicBrew"},{"floor":46,"key":"LiquidBronze"}],"is_trial":false,"path_per_floor":["M","M","?","M","?","E","R","$","T","M","E","M","R","M","R","B",null,"M","$","M","M","M","R","E","M","T","R","?","?","R","M","R","B",null,"M","M","$","M","M","E","$","?","T","R","M","M","E","M","R","B"],"character_chosen":"THE_SILENT","items_purchased":["Pen Nib","Outmaneuver","GhostInAJar","Finisher","FairyPotion","Weak Potion"],"campfire_rested":0,"item_purchase_floors":[8,19,19,19,37,37],"current_hp_per_floor":[68,68,51,47,33,23,23,23,23,23,23,23,23,22,22,22,70,70,70,66,62,45,45,45,38,38,38,22,16,16,13,13,35,70,43,41,41,24,21,21,21,21,21,21,17,17,17,3,3,0,0],"gold":249,"neow_bonus":"TRANSFORM_CARD","is_daily":false,"chose_seed":false,"campfire_upgraded":8,"win_rate":0.0,"timestamp":1613185156,"path_taken":["M","M","?","M","?","E","R","$","T","M","E","M","R","M","R","BOSS","M","$","M","M","M","R","E","M","T","R","?","?","R","M","R","BOSS","M","M","$","M","M","E","$","?","T","R","M","M","E","M","R","BOSS"],"items_purchased_type":["Relic","Card","Potion","Card","Potion","Potion"],"build_version":"2020-12-22","purchased_purges":3,"victory":false,"max_hp_per_floor":[70,70,70,70,70,70,70,70,70,70,70,70,70,70,70,70,70,70,70,70,70,70,70,70,70,70,70,70,70,70,70,70,70,70,70,70,70,70,70,70,70,70,70,70,70,70,70,70,70,70,70],"card_choices":[{"not_picked":["Cloak And Dagger","Acrobatics"],"picked":"Finisher","floor":1},{"not_picked":["Predator","Deflect"],"picked":"Blade Dance","floor":2},{"not_picked":["Tactician","Well Laid Plans"],"picked":"Endless Agony","floor":4},{"not_picked":["Underhanded Strike","Deadly Poison"],"picked":"Cloak And Dagger","floor":6},{"not_picked":["Terror","Dodge and Roll"],"picked":"Endless Agony","floor":10},{"not_picked":["Well Laid Plans","Backflip"],"picked":"Deflect","floor":11},{"not_picked":["Leg Sweep","Distraction"],"picked":"Quick Slash","floor":12},{"not_picked":["Choke","Predator"],"picked":"Cloak And Dagger","floor":14},{"not_picked":["Doppelganger","Grand Finale"],"picked":"Malaise","floor":16},{"not_picked":["PiercingWail","Finisher"],"picked":"Accuracy+1","floor":18},{"not_picked":["Sucker Punch+1","Dagger Throw"],"picked":"Acrobatics+1","floor":20},{"not_picked":["Deflect","Blade Dance"],"picked":"Flying Knee","floor":21},{"not_picked":["Poisoned Stab","Eviscerate"],"picked":"PiercingWail","floor":22},{"not_picked":["Acrobatics","Caltrops+1"],"picked":"Infinite Blades","floor":24},{"not_picked":["Corpse Explosion","Bane"],"picked":"Footwork","floor":25},{"not_picked":["Riddle With Holes","Underhanded Strike"],"picked":"Outmaneuver+1","floor":31},{"not_picked":["Wraith Form v2","Night Terror"],"picked":"A Thousand Cuts","floor":33},{"not_picked":["Underhanded Strike"],"picked":"SKIP","floor":35},{"not_picked":["Underhanded Strike+1"],"picked":"SKIP","floor":36},{"not_picked":["All Out Attack"],"picked":"SKIP","floor":38},{"not_picked":["PiercingWail"],"picked":"SKIP","floor":39},{"not_picked":[],"picked":"Deflect+1","floor":40},{"not_picked":["Deflect"],"picked":"SKIP","floor":45},{"not_picked":["Storm of Steel"],"picked":"SKIP","floor":46},{"not_picked":["Infinite Blades"],"picked":"SKIP","floor":47},{"not_picked":["Bane+1"],"picked":"SKIP","floor":48}],"player_experience":248317,"relics_obtained":[{"floor":6,"key":"Smiling Mask"},{"floor":9,"key":"PreservedInsect"},{"floor":11,"key":"Nunchaku"},{"floor":24,"key":"Lantern"},{"floor":26,"key":"Lizard Tail"},{"floor":28,"key":"Nilry\u0027s Codex"},{"floor":40,"key":"Bag of Marbles"},{"floor":47,"key":"Ancient Tea Set"}],"event_choices":[{"damage_healed":0,"gold_gain":0,"player_choice":"Take Damage","damage_taken":17,"relics_obtained":["Golden Idol"],"max_hp_gain":0,"max_hp_loss":0,"event_name":"Golden Idol","floor":3,"gold_loss":0},{"damage_healed":0,"gold_gain":0,"player_choice":"Entered Light","damage_taken":14,"max_hp_gain":0,"max_hp_loss":0,"event_name":"Shining Light","floor":5,"gold_loss":0,"cards_upgraded":["Die Die Die","Finisher"]},{"damage_healed":0,"gold_gain":0,"player_choice":"Obtained Book","damage_taken":16,"max_hp_gain":0,"max_hp_loss":0,"event_name":"Cursed Tome","floor":28,"gold_loss":0},{"damage_healed":0,"gold_gain":0,"player_choice":"Joined the Cult","damage_taken":6,"max_hp_gain":0,"max_hp_loss":0,"event_name":"Nest","floor":29,"gold_loss":0,"cards_obtained":["RitualDagger"]},{"cards_removed":["Strike_G"],"damage_healed":0,"gold_gain":0,"player_choice":"Removed Attack","damage_taken":0,"max_hp_gain":0,"max_hp_loss":0,"event_name":"Falling","floor":42,"gold_loss":0}],"is_beta":false,"boss_relics":[{"not_picked":["Ring of the Serpent","Tiny House"],"picked":"Coffee Dripper"},{"not_picked":["Philosopher\u0027s Stone","SacredBark"],"picked":"Busted Crown"}],"items_purged_floors":[19,37,41],"is_endless":false,"potions_floor_spawned":[2,4,6,10,16,18,22,24,31,35,40,45,46],"killed_by":"Awakened One","ascension_level":2}}