{"host":"xb2tau8pgi8aflss","time":1613198461,"event":{"mods":["AchievementEnabler","BaseMod","Hermit","Minty Spire (QoL Compilation)","StSLib","SuperFastMode"],"gold_per_floor":[112,338,32,50,30,57,57,85,85,85,104,104,104,116,116,221,221,233,253,98,110,123,123,123],"floor_reached":23,"language":"KOR","playtime":535,"items_purged":["Strike_R"],"score":351,"play_id":"6b266402-7204-4021-aa8d-5a0fac0b5cf3","local_time":"20210213154101","is_ascension_mode":true,"campfire_choices":[{"data":"Whirlwind","floor":7.0,"key":"SMITH"},{"data":"Power Through","floor":10.0,"key":"SMITH"},{"data":"Flame Barrier","floor":13.0,"key":"SMITH"},{"data":"Headbutt","floor":15.0,"key":"SMITH"}],"circlet_count":0,"master_deck":["Strike_R","Strike_R","Strike_R","Strike_R","Defend_R","Defend_R","Defend_R","Defend_R","Bash","Whirlwind+1","Power Through+1","Flame Barrier+1","Feel No Pain+1","Headbutt+1","Sentinel","Barricade+1","Pommel Strike+1","Evolve+1"],"relics":["Burning Blood","NeowsBlessing","Old Coin","FossilizedHelix","Frozen Egg 2","Omamori","Turnip","Charon\u0027s Ashes","Busted Crown"],"acts_visited":["Exordium","TheCity"],"potions_floor_usage":[23,23],"damage_taken":[{"damage":0.0,"enemies":"2 Louse","floor":1.0,"turns":1.0},{"damage":0.0,"enemies":"Cultist","floor":4.0,"turns":1.0},{"damage":0.0,"enemies":"Lagavulin","floor":6.0,"turns":1.0},{"damage":0.0,"enemies":"Gremlin Nob","floor":8.0,"turns":4.0},{"damage":0.0,"enemies":"Small Slimes","floor":11.0,"turns":2.0},{"damage":18.0,"enemies":"Gremlin Gang","floor":14.0,"turns":4.0},{"damage":3.0,"enemies":"Slime Boss","floor":16.0,"turns":9.0},{"damage":12.0,"enemies":"2 Thieves","floor":18.0,"turns":3.0},{"damage":0.0,"enemies":"3 Byrds","floor":19.0,"turns":3.0},{"damage":43.0,"enemies":"Shelled Parasite and Fungi","floor":21.0,"turns":8.0},{"damage":5.0,"enemies":"Sentry and Sphere","floor":22.0,"turns":5.0},{"damage":60,"enemies":"Gremlin Leader","floor":23,"turns":6}],"seed_played":"5388439351593683726","potions_obtained":[{"floor":4.0,"key":"Energy Potion"},{"floor":5.0,"key":"GamblersBrew"},{"floor":14.0,"key":"DistilledChaos"},{"floor":18.0,"key":"BloodPotion"},{"floor":19.0,"key":"EssenceOfSteel"}],"is_trial":false,"path_per_floor":["M","?","$","M","?","E","R","E","T","R","M","?","R","M","R","B",null,"M","M","$","M","M","E"],"character_chosen":"IRONCLAD","items_purchased":["FossilizedHelix","Evolve+1"],"campfire_rested":0,"item_purchase_floors":[3,20],"current_hp_per_floor":[78,78,78,80,80,80,80,80,80,80,80,77,77,65,65,68,77,71,77,77,40,41,0,0],"gold":123,"neow_bonus":"THREE_ENEMY_KILL","is_daily":false,"chose_seed":false,"campfire_upgraded":4,"win_rate":0.0,"timestamp":1613198461,"path_taken":["M","?","$","?","?","E","R","E","T","R","?","?","R","M","R","BOSS","M","M","$","M","M","E"],"items_purchased_type":["Relic","Card"],"build_version":"2020-12-22","purchased_purges":1,"victory":false,"max_hp_per_floor":[80,80,80,80,80,80,80,80,80,80,80,80,80,80,80,80,80,80,80,80,80,80,80,80],"card_choices":[{"not_picked":["True Grit","Clothesline"],"picked":"Whirlwind","floor":1.0},{"not_picked":["Warcry","Combust"],"picked":"Power Through","floor":4.0},{"not_picked":["Fiend Fire","Metallicize+1"],"picked":"Flame Barrier","floor":6.0},{"not_picked":["Armaments","Havoc"],"picked":"Feel No Pain+1","floor":8.0},{"not_picked":["Disarm","Intimidate"],"picked":"Headbutt","floor":11.0},{"not_picked":["Pummel","Wild Strike"],"picked":"Sentinel","floor":14.0},{"not_picked":["Exhume","Reaper"],"picked":"Barricade+1","floor":16.0},{"not_picked":["Iron Wave"],"picked":"SKIP","floor":18.0},{"not_picked":[],"picked":"Pommel Strike+1","floor":19.0},{"not_picked":["Iron Wave+1"],"picked":"SKIP","floor":21.0},{"not_picked":["Blood for Blood"],"picked":"SKIP","floor":22.0}],"player_experience":830806,"relics_obtained":[{"floor":6.0,"key":"Frozen Egg 2"},{"floor":8.0,"key":"Omamori"},{"floor":9.0,"key":"Turnip"}],"event_choices":[{"damage_healed":0.0,"max_hp_gain":0.0,"max_hp_loss":0.0,"gold_gain":0.0,"event_name":"WeMeetAgain","player_choice":"Paid Gold","floor":2.0,"gold_loss":74.0,"damage_taken":0.0,"relics_obtained":["Old Coin"]},{"damage_healed":0.0,"max_hp_gain":0.0,"max_hp_loss":0.0,"gold_gain":0.0,"event_name":"The Woman in Blue","player_choice":"Bought 1 Potion","floor":5.0,"gold_loss":0.0,"damage_taken":0.0},{"damage_healed":0.0,"max_hp_gain":0.0,"max_hp_loss":0.0,"gold_gain":0.0,"event_name":"Scrap Ooze","player_choice":"Success","floor":12.0,"gold_loss":0.0,"damage_taken":3.0,"relics_obtained":["Charon\u0027s Ashes"]}],"is_beta":false,"boss_relics":[{"not_picked":["Snecko Eye","Runic Pyramid"],"picked":"Busted Crown"}],"items_purged_floors":[20],"is_endless":false,"potions_floor_spawned":[4,14,18,19],"killed_by":"Gremlin Leader","ascension_level":8}}