{"host":"mb4j77vqrnqglrk8","time":1613209763,"event":{"mods":["BaseMod","Downfall","Googly Eyes","Minty Spire (QoL Compilation)","StSLib"],"gold_per_floor":[99,116,116,130,0,33,85,85,103,117,143,157,157,167,177,177,177,177],"floor_reached":16,"language":"ENG","playtime":2146,"items_purged":[],"score":104,"play_id":"512058d2-5ccf-4808-a095-47d2038e1cc9","local_time":"20210213204923","is_ascension_mode":false,"campfire_choices":[{"floor":13,"key":"REST"}],"circlet_count":0,"master_deck":["sneckomod:Strike","sneckomod:Strike","sneckomod:Strike","sneckomod:Defend","sneckomod:Defend+1","sneckomod:Defend","sneckomod:TailWhip","sneckomod:SnekBite","Footwork","sneckomod:WideSting","Regret","sneckomod:UnknownUncommonPower","sneckomod:UnknownUncommonAttack","sneckomod:DiceBoulder","sneckomod:UnknownCommonAttack","sneckomod:UnknownClassGREEN+1","bronze:InfiniteLoop","sneckomod:RainOfDice","sneckomod:RainOfDice","sneckomod:SoulDraw","sneckomod:UnknownCommonSkill","sneckomod:DiceBoulder"],"relics":["sneckomod:SneckoSoul","Vajra","Centennial Puzzle","sneckomod:SneckoCommon","War Paint"],"acts_visited":["Exordium"],"potions_floor_usage":[10],"damage_taken":[{"damage":3,"enemies":"Jaw Worm","floor":2,"turns":4},{"damage":2,"enemies":"2 Louse","floor":4,"turns":2},{"damage":5,"enemies":"downfall:FleeingMerchant","floor":5,"turns":4},{"damage":21,"enemies":"Lagavulin","floor":6,"turns":7},{"damage":2,"enemies":"Small Slimes","floor":9,"turns":3},{"damage":45,"enemies":"Exordium Thugs","floor":10,"turns":4},{"damage":0,"enemies":"Lots of Slimes","floor":12,"turns":1},{"damage":6,"enemies":"2 Fungi Beasts","floor":14,"turns":2},{"damage":16,"enemies":"Gremlin Gang","floor":15,"turns":3},{"damage":46,"enemies":"IC_STATUS_ARCHETYPE","floor":16,"turns":4}],"seed_played":"6331655768534516162","potions_obtained":[{"floor":2,"key":"sneckomod:MuddlingPotion"},{"floor":6,"key":"sneckomod:DiceRollPotion"},{"floor":10,"key":"CultistPotion"},{"floor":12,"key":"sneckomod:MuddlingPotion"}],"is_trial":false,"path_per_floor":["R","M","?","M","$","E","T","R","M","M","T","M","R","M","M","B"],"character_chosen":"THE_SNECKO","items_purchased":["sneckomod:UnknownUncommonAttack","sneckomod:DiceBoulder"],"campfire_rested":1,"item_purchase_floors":[5,5],"current_hp_per_floor":[99,96,96,94,89,68,68,68,66,21,21,21,50,44,28,0,0,0],"gold":177,"neow_bonus":"TEN_PERCENT_HP_BONUS","is_daily":false,"chose_seed":false,"campfire_upgraded":0,"win_rate":0.0,"timestamp":1613209763,"path_taken":["R","M","?","M","$","E","T","R","M","M","?","M","R","?","M","BOSS"],"items_purchased_type":["Card","Card"],"build_version":"2020-12-22","purchased_purges":0,"victory":false,"max_hp_per_floor":[99,99,99,99,99,99,99,99,99,99,99,99,99,99,99,99,99,99],"card_choices":[{"not_picked":["sneckomod:RainOfDice","sneckomod:UnknownCommonSkill"],"picked":"sneckomod:WideSting","floor":2},{"not_picked":["sneckomod:RainOfDice","sneckomod:UnknownCommonAttack"],"picked":"sneckomod:UnknownUncommonPower","floor":4},{"not_picked":["sneckomod:UnknownBlock","sneckomod:Unknown3Cost","sneckomod:RainOfDice"],"picked":"SKIP","floor":5},{"not_picked":["sneckomod:DiceBlock","sneckomod:UnknownCommonSkill"],"picked":"sneckomod:UnknownCommonAttack","floor":6},{"not_picked":["sneckomod:SoulRoll","sneckomod:DiceCrush"],"picked":"sneckomod:RainOfDice","floor":9},{"not_picked":["sneckomod:UnknownX","sneckomod:DiceBlock"],"picked":"sneckomod:RainOfDice","floor":10},{"not_picked":["sneckomod:UnknownX","sneckomod:Restock"],"picked":"sneckomod:SoulDraw","floor":12},{"not_picked":["sneckomod:DiceBlock","sneckomod:UnknownWeak"],"picked":"sneckomod:UnknownCommonSkill","floor":14},{"not_picked":["sneckomod:UnknownBlock","sneckomod:SoulDraw"],"picked":"sneckomod:DiceBoulder","floor":15}],"player_experience":13408,"relics_obtained":[{"floor":6,"key":"Centennial Puzzle"},{"floor":7,"key":"sneckomod:SneckoCommon"},{"floor":11,"key":"War Paint"}],"event_choices":[{"damage_healed":0,"gold_gain":0,"player_choice":"Box","damage_taken":0,"relics_obtained":["Vajra"],"max_hp_gain":0,"max_hp_loss":0,"event_name":"Big Fish","floor":3,"gold_loss":0,"cards_obtained":["Regret"]}],"is_beta":false,"boss_relics":[],"items_purged_floors":[],"is_endless":false,"potions_floor_spawned":[2,6,10,12,15],"killed_by":"IC_STATUS_ARCHETYPE","ascension_level":0}}