{"host":"91blwi3hgehj6ch9","time":1613248444,"event":{"mods":["2.2 Compatiblity","AchievementEnabler","BaseMod","Colored Map","DeckTracker","Keyboard Shortcuts","Minty Spire (QoL Compilation)","Permanent Neow","Quick Restart","StSLib","SuperFastMode","everything is the same but u backflip on backflip"],"gold_per_floor":[111,130,55,70,86,86,96,115,115,129,129,54,73,93,93,93,93],"floor_reached":16,"language":"KOR","playtime":537,"items_purged":["Strike_G"],"score":191,"play_id":"9df89b9a-ae54-4682-ab7f-04a7d9e3f3bd","local_time":"20210214053404","is_ascension_mode":true,"campfire_choices":[{"data":"Adrenaline","floor":6.0,"key":"SMITH"},{"floor":11,"key":"REST"},{"floor":15,"key":"REST"}],"circlet_count":0,"master_deck":["AscendersBane","Strike_G","Strike_G","Strike_G","Strike_G","Defend_G","Defend_G","Defend_G","Defend_G","Survivor","Neutralize","Acrobatics","Adrenaline+1","Dash","Deadly Poison","Blur","Leg Sweep","Flying Knee","Poisoned Stab"],"relics":["Ring of the Snake","Boot","CaptainsWheel"],"acts_visited":["Exordium"],"potions_floor_usage":[8,16],"damage_taken":[{"damage":11.0,"enemies":"Jaw Worm","floor":1.0,"turns":6.0},{"damage":0.0,"enemies":"2 Louse","floor":2.0,"turns":4.0},{"damage":1.0,"enemies":"Cultist","floor":4.0,"turns":4.0},{"damage":7.0,"enemies":"Large Slime","floor":5.0,"turns":7.0},{"damage":15.0,"enemies":"Exordium Thugs","floor":7.0,"turns":5.0},{"damage":8,"enemies":"Lots of Slimes","floor":8,"turns":4},{"damage":0,"enemies":"Looter","floor":10,"turns":3},{"damage":7,"enemies":"Gremlin Gang","floor":13,"turns":5},{"damage":0,"enemies":"2 Fungi Beasts","floor":14,"turns":4},{"damage":50,"enemies":"Hexaghost","floor":16,"turns":12}],"seed_played":"-3303119891789549221","potions_obtained":[{"floor":2.0,"key":"Ancient Potion"},{"floor":7.0,"key":"SteroidPotion"},{"floor":8,"key":"BlessingOfTheForge"}],"is_trial":false,"path_per_floor":["M","M","?","M","M","R","M","M","T","M","R","$","M","M","R","B"],"character_chosen":"THE_SILENT","items_purchased":[],"campfire_rested":2,"item_purchase_floors":[],"current_hp_per_floor":[48,48,48,47,40,40,25,17,17,17,36,36,29,29,48,0,0],"gold":93,"neow_bonus":"RANDOM_COMMON_RELIC","is_daily":false,"chose_seed":false,"campfire_upgraded":1,"win_rate":0.0,"timestamp":1613248444,"path_taken":["M","M","?","M","M","R","M","M","T","M","R","$","M","M","R","BOSS"],"items_purchased_type":[],"build_version":"2020-12-22","purchased_purges":1,"victory":false,"max_hp_per_floor":[66,66,66,66,66,66,66,66,66,66,66,66,66,66,66,66,66],"card_choices":[{"not_picked":["Flying Knee","Deflect"],"picked":"Acrobatics","floor":1.0},{"not_picked":["Slice","Endless Agony"],"picked":"Adrenaline","floor":2.0},{"not_picked":["Backflip","PiercingWail"],"picked":"Dash","floor":4.0},{"not_picked":["Sucker Punch","Flying Knee"],"picked":"Deadly Poison","floor":5.0},{"not_picked":["Bane","Quick Slash"],"picked":"Blur","floor":7.0},{"not_picked":["Acrobatics","Flechettes"],"picked":"Leg Sweep","floor":8},{"not_picked":["Crippling Poison","Cloak And Dagger","Prepared"],"picked":"SKIP","floor":10},{"not_picked":["PiercingWail","Concentrate"],"picked":"Flying Knee","floor":13},{"not_picked":["Prepared","Masterful Stab"],"picked":"Poisoned Stab","floor":14}],"player_experience":251536,"relics_obtained":[{"floor":9,"key":"CaptainsWheel"}],"event_choices":[{"cards_removed":["Defend_G"],"damage_healed":0.0,"max_hp_gain":0.0,"max_hp_loss":0.0,"gold_gain":0.0,"event_name":"The Cleric","player_choice":"Card Removal","floor":3.0,"gold_loss":75.0,"damage_taken":0.0}],"is_beta":false,"boss_relics":[],"items_purged_floors":[12],"is_endless":false,"potions_floor_spawned":[2,7,8,10,14],"killed_by":"Hexaghost","ascension_level":19}}