{"host":"xp5rvh2jwe2ejyfm","time":1613221730,"event":{"mods":["2.2 Compatiblity","Aspiration","BaseMod","Better Altar","Better Match","Better Note","Better Sensory Stone","Better Skull","BetterRewards","Colored Powertips","Conspire","Downfall","GifTheSpireLib","Gremlin Mod","GungeonMod","Hermit","Hubris","Jorbs\u0027s Wanderer Trilogy","Minty Spire (QoL Compilation)","Potionbrewer","Quick Restart","Replay The Spire","Robot Space Explorer","Shade Mod","Somnambulant","StSLib","The Bug Knight","The Clintock","The Construct","The Cursed","The Disciple","The Forsaken","The Hierophant","The Necromancer","The Runesmith","The Servant 0.9.4","The Valiant","The Witch","TheFirefly","thorton"],"gold_per_floor":[115,130,130,146,165,165,185,185,185,216,216,68,68,83,83,188,188,206,221,221,232,246,262,262,288,313,313,329,347,347,59,59,160,160,173,193,16,28,28,28],"floor_reached":39,"language":"ENG","playtime":2136,"items_purged":[],"score":507,"play_id":"01e19313-d855-43cc-bda4-c44a3988285f","local_time":"20210213080850","is_ascension_mode":false,"campfire_choices":[{"data":"hermit:GoldenBullet","floor":6,"key":"SMITH"},{"floor":8,"key":"RECALL"},{"floor":13,"key":"REST"},{"floor":15,"key":"REST"},{"floor":30,"key":"REST"}],"circlet_count":0,"master_deck":["hermit:Strike_Hermit","hermit:Strike_Hermit","hermit:Strike_Hermit","hermit:Strike_Hermit","hermit:Defend_Hermit","hermit:Defend_Hermit","hermit:Defend_Hermit","hermit:Defend_Hermit","hermit:Snapshot","hermit:Covet","hermit:ShadowCloak","hermit:Quickdraw","hermit:ItchyTrigger","hermit:Misfire","hermit:Headshot+1","hermit:GoldenBullet+1","hermit:FlashPowder","hermit:BlackWind","hermit:ItchyTrigger","hermit:Desperado","hermit:Vantage","hermit:NoHoldsBarred","hermit:Enervate","hermit:Roulette","hermit:TrackingShot","hermit:Quickdraw","hermit:Snipe","hermit:Determination","hermit:ItchyTrigger","hermit:Virtue","hermit:Dissolve","CurseOfTheBell","CommonCold","hermit:GoldenBullet","hermit:ItchyTrigger+1","hermit:Quickdraw","hermit:EyeOfTheStorm","hermit:FullyLoaded","hermit:Horror","hermit:Showdown","hermit:Grudge","hermit:Vantage","hermit:ItchyTrigger","hermit:EyeOfTheStorm+1","hermit:Brawl","hermit:CalledShot+1","hermit:CalledShot+1","hermit:ShadowCloak","hermit:HighNoon","hermit:Glare+1","Sword Boomerang+1","hermit:Deadeye","hermit:BigShot","Pot Of Greed","Pot Of Greed","Pot Of Greed","Pot Of Greed","Pot Of Greed","Armaments+1"],"relics":["hermit:Momento","aspiration:FrozenJewel","Prayer Wheel","hubris:CrystalStatue","hubris:Towel","Replay:Ancient Bell","aspiration:ArtOfWarUpgrade","ReplayTheSpireMod:Shallot","Archangels Feather","MealTicket","Happy Flower","FaceOfCleric","hubris:BottledRain","aspiration:IroncladSkillbook","Grinning Jar"],"acts_visited":["Exordium","TheCity","TheBeyond"],"potions_floor_usage":[16,16,16,19,19,25,28,33,39],"damage_taken":[{"damage":4,"enemies":"Cultist","floor":1,"turns":3},{"damage":3,"enemies":"2 Louse","floor":2,"turns":2},{"damage":0,"enemies":"Jaw Worm","floor":4,"turns":2},{"damage":0,"enemies":"Lots of Slimes","floor":5,"turns":4},{"damage":4,"enemies":"Gremlin Gang","floor":7,"turns":4},{"damage":16,"enemies":"Replay:BlueRogue","floor":10,"turns":4},{"damage":4,"enemies":"Exordium Thugs","floor":14,"turns":3},{"damage":34,"enemies":"The Guardian","floor":16,"turns":8},{"damage":0,"enemies":"Spheric Guardian","floor":18,"turns":2},{"damage":0,"enemies":"Shell Parasite","floor":19,"turns":4},{"damage":11,"enemies":"Centurion and Healer","floor":21,"turns":5},{"damage":0,"enemies":"Snecko","floor":22,"turns":5},{"damage":33,"enemies":"Chosen and Byrds","floor":23,"turns":7},{"damage":38,"enemies":"Gremlin Leader","floor":25,"turns":6},{"damage":9,"enemies":"Snake Plant","floor":28,"turns":2},{"damage":11,"enemies":"Cultist and Chosen","floor":29,"turns":4},{"damage":49,"enemies":"hubris:MusketHawk","floor":33,"turns":11},{"damage":24,"enemies":"3 Shapes","floor":35,"turns":4},{"damage":8,"enemies":"Orb Walker","floor":36,"turns":4},{"damage":47,"enemies":"Sphere and 2 Shapes","floor":38,"turns":7},{"damage":37,"enemies":"Writhing Mass","floor":39,"turns":4}],"seed_played":"-7211472906939865374","potions_obtained":[{"floor":7,"key":"potionbrewer:DiscountPotion"},{"floor":10,"key":"hermit:Tonic"},{"floor":14,"key":"SneckoOil"},{"floor":16,"key":"hexamod:SoulburnPotion"},{"floor":18,"key":"potionbrewer:ToxicPotion"},{"floor":23,"key":"Adrenaline Potion"},{"floor":25,"key":"hexamod:SoulburnPotion"},{"floor":29,"key":"Dexterity Potion"},{"floor":35,"key":"sneckomod:MuddlingPotion"}],"is_trial":false,"path_per_floor":["M","M","?","M","M","R","M","R","T","E","?","$","R","M","R","B",null,"M","M","?","M","M","M","R","E","T","?","M","M","R","$","R","B",null,"M","M","$","M","M"],"character_chosen":"HERMIT","items_purchased":["aspiration:FrozenJewel","hermit:ShadowCloak","hermit:Quickdraw","hermit:Quickdraw","hermit:Snipe","hermit:Determination","hubris:BottledRain","hermit:ShadowCloak","hermit:BigShot","Grinning Jar"],"campfire_rested":3,"item_purchase_floors":[0,0,0,12,12,12,31,31,37,37],"current_hp_per_floor":[47,44,44,44,44,44,40,40,40,24,24,24,46,42,64,30,75,75,75,75,64,72,42,42,12,12,12,14,12,35,50,50,12,78,59,66,80,38,11,11],"gold":28,"neow_bonus":"","is_daily":false,"chose_seed":false,"campfire_upgraded":1,"win_rate":0.0,"timestamp":1613221730,"path_taken":["M","M","?","M","M","R","M","R","T","E","?","?","R","?","R","BOSS","M","M","?","M","M","M","R","E","T","?","M","M","R","?","R","BOSS","M","M","$","M","M"],"items_purchased_type":["Relic","Card","Card","Card","Card","Card","Relic","Card","Card","Relic"],"build_version":"2020-12-22","purchased_purges":0,"victory":false,"max_hp_per_floor":[75,75,75,75,75,75,75,75,75,75,75,75,75,75,75,75,75,75,75,75,75,75,75,75,75,75,75,76,77,77,77,77,78,78,79,80,80,81,81,81],"card_choices":[{"not_picked":["hermit:SprayPray","hermit:Vantage"],"picked":"hermit:Headshot","floor":1},{"not_picked":["hermit:LuckOfTheDraw","hermit:Grudge"],"picked":"hermit:GoldenBullet","floor":1},{"not_picked":["hermit:LowProfile","hermit:CalledShot"],"picked":"hermit:FlashPowder","floor":2},{"not_picked":["hermit:Roulette","hermit:HoleUp"],"picked":"hermit:BlackWind","floor":2},{"not_picked":["hermit:Dive","hermit:Glare"],"picked":"hermit:ItchyTrigger","floor":4},{"not_picked":["hermit:TrackingShot","hermit:Coalescence"],"picked":"hermit:Desperado","floor":4},{"not_picked":["hermit:LuckOfTheDraw","hermit:Desperado"],"picked":"hermit:Vantage","floor":5},{"not_picked":["hermit:Misfire","hermit:LowProfile"],"picked":"hermit:NoHoldsBarred","floor":5},{"not_picked":["hermit:Glare","hermit:TrackingShot"],"picked":"hermit:Enervate","floor":7},{"not_picked":["hermit:Desperado","hermit:Ricochet"],"picked":"hermit:Roulette","floor":7},{"not_picked":["hermit:Ricochet","hermit:SprayPray"],"picked":"hermit:TrackingShot","floor":10},{"not_picked":["hermit:Glare","hermit:Misfire"],"picked":"hermit:ItchyTrigger","floor":14},{"not_picked":["hermit:WideOpen","hermit:SprayPray"],"picked":"hermit:Virtue","floor":14},{"not_picked":["hermit:BlackWind","hermit:FromBeyond"],"picked":"hermit:Dissolve","floor":16},{"not_picked":["hubris:Wrath","Normality"],"picked":"CurseOfTheBell","floor":17},{"not_picked":["Looming Evil","downfall:Haunted"],"picked":"Languid","floor":17},{"not_picked":["Sickly","stsjorbsmod:PollutedStrike"],"picked":"CommonCold","floor":17},{"not_picked":["hermit:Vantage+1","hermit:ShadowCloak+1"],"picked":"hermit:GoldenBullet","floor":18},{"not_picked":["hermit:Quickdraw","hermit:Manifest+1"],"picked":"hermit:ItchyTrigger+1","floor":18},{"not_picked":["hermit:Feint","hermit:Midnight"],"picked":"hermit:Quickdraw","floor":19},{"not_picked":["hermit:Quickdraw","hermit:Dive"],"picked":"hermit:EyeOfTheStorm","floor":19},{"not_picked":["hermit:Cheat","hermit:Gestalt"],"picked":"hermit:FullyLoaded","floor":21},{"not_picked":["hermit:Glare","hermit:LoneWolf"],"picked":"hermit:Horror","floor":21},{"not_picked":["hermit:Dive+1","hermit:Spite"],"picked":"hermit:Showdown","floor":22},{"not_picked":["hermit:ItchyTrigger","hermit:HoleUp+1"],"picked":"hermit:Grudge","floor":22},{"not_picked":["hermit:Coalescence+1","hermit:HoleUp+1"],"picked":"hermit:Vantage","floor":23},{"not_picked":["hermit:Manifest","hermit:BodyArmor+1","hermit:TakeCover"],"picked":"SKIP","floor":23},{"not_picked":["hermit:WideOpen","hermit:Determination+1"],"picked":"hermit:ItchyTrigger","floor":25},{"not_picked":["hermit:Spite","hermit:HighCaliber+1"],"picked":"hermit:EyeOfTheStorm+1","floor":28},{"not_picked":["hermit:SprayPray","hermit:Coalescence"],"picked":"hermit:Brawl","floor":28},{"not_picked":["hermit:HighCaliber","hermit:Roulette"],"picked":"hermit:CalledShot+1","floor":29},{"not_picked":["hermit:LowProfile","hermit:Dive"],"picked":"hermit:CalledShot+1","floor":29},{"not_picked":["hermit:FatalDesire","hermit:EternalForm"],"picked":"hermit:HighNoon","floor":33},{"not_picked":["hermit:Headshot+1","Body Slam","hermit:Adapt"],"picked":"hermit:Glare+1","floor":35},{"not_picked":["Twin Strike","Body Slam","hermit:Snipe+1","hermit:LowProfile+1"],"picked":"SKIP","floor":35},{"not_picked":["hubris:CleavingFinish+1","hermit:CalledShot+1","hermit:ItchyTrigger+1"],"picked":"Sword Boomerang+1","floor":36},{"not_picked":["hermit:Dive","hermit:Showdown+1","Heavy Blade+1"],"picked":"hermit:Deadeye","floor":36},{"not_picked":["hermit:Roughhouse","Whirlwind+1","Perfected Strike+1"],"picked":"Armaments+1","floor":38},{"not_picked":["Disarm","hermit:Manifest","Thunderclap+1","hermit:Cheat"],"picked":"SKIP","floor":38}],"player_experience":492004,"relics_obtained":[{"floor":10,"key":"hubris:CrystalStatue"},{"floor":25,"key":"MealTicket"},{"floor":26,"key":"Happy Flower"}],"event_choices":[{"cards_removed":["Languid"],"damage_healed":0,"gold_gain":0,"player_choice":"Purged","damage_taken":0,"max_hp_gain":0,"max_hp_loss":0,"event_name":"Purifier","floor":20,"gold_loss":0},{"damage_healed":0,"gold_gain":0,"player_choice":"Trade","damage_taken":0,"relics_obtained":["FaceOfCleric"],"max_hp_gain":0,"max_hp_loss":0,"event_name":"FaceTrader","floor":27,"gold_loss":0}],"is_beta":false,"boss_relics":[{"not_picked":["hubris:GrandSneckoEye","conspire:RunicOctahedron"],"picked":"Replay:Ancient Bell"},{"not_picked":["theForsaken:Gavel","DemoMod:LamentConfigurum"],"picked":"Art of War"},{"not_picked":["ReplayTheSpireMod:Ninjato","Mummified Hand"],"picked":"ReplayTheSpireMod:Shallot"},{"not_picked":["FossilizedHelix","Unceasing Top"],"picked":"Archangels Feather"},{"not_picked":["Philosopher\u0027s Stone","Velvet Choker"],"picked":"aspiration:IroncladSkillbook"}],"items_purged_floors":[],"is_endless":false,"potions_floor_spawned":[7,10,14,16,18,23,25,29,35],"killed_by":"Writhing Mass","ascension_level":0}}