{"host":"diogo","time":1613252390,"event":{"mods":["BaseMod","Minty Spire (QoL Compilation)","StSLib","SuperFastMode"],"gold_per_floor":[116,126,201,201,201,229,229,247,274,309,323,357,49,78,78,178,178,197,207,217,117,132,132,166,166,216,216,244,244,254,329,329,434,434,448,448,152,165,179,211,221,234,234,245,263,274,274,122,122,122],"floor_reached":51,"language":"ENG","playtime":3262,"items_purged":["Pain","Juggernaut","Sword Boomerang"],"score":1379,"play_id":"479db77f-c5f1-4b49-a0ff-11a82eefe4b7","local_time":"20210213223950","daily_mods":["Shiny","ControlledChaos","Binary"],"is_ascension_mode":true,"campfire_choices":[{"data":"Brutality","floor":7,"key":"SMITH"},{"data":"Seeing Red","floor":15,"key":"SMITH"},{"data":"Fiend Fire","floor":23,"key":"SMITH"},{"data":"Barricade","floor":25,"key":"SMITH"},{"data":"Corruption","floor":29,"key":"SMITH"},{"data":"Havoc","floor":32,"key":"SMITH"},{"data":"Demon Form","floor":47,"key":"SMITH"},{"data":"Offering","floor":49,"key":"SMITH"}],"circlet_count":0,"master_deck":["Double Tap","Demon Form+1","Bludgeon","Feed","Limit Break","Corruption+1","Barricade+1","Fiend Fire+1","Berserk+1","Impervious","Brutality+1","Reaper","Exhume","Offering+1","Immolate","Sword Boomerang","Impervious","Seeing Red+1","Feel No Pain","Whirlwind+1","Offering","Hemokinesis+1","Havoc+1","Flex","Blood for Blood+1","Feel No Pain"],"relics":["Burning Blood","Frozen Eye","WarpedTongs","Centennial Puzzle","Potion Belt","Molten Egg 2","Meat on the Bone","Lantern","Singing Bowl","Cursed Key","Pocketwatch","Ancient Tea Set","Akabeko","Runic Cube","ClockworkSouvenir","FossilizedHelix","HandDrill"],"acts_visited":["Exordium","TheCity","TheBeyond"],"potions_floor_usage":[6,22,30,50,50,50,50],"damage_taken":[{"damage":0,"enemies":"Small Slimes","floor":1,"turns":1},{"damage":7,"enemies":"Cultist","floor":2,"turns":2},{"damage":23,"enemies":"3 Sentries","floor":6,"turns":3},{"damage":6,"enemies":"2 Louse","floor":8,"turns":1},{"damage":9,"enemies":"Gremlin Nob","floor":10,"turns":3},{"damage":15,"enemies":"Blue Slaver","floor":11,"turns":3},{"damage":6,"enemies":"3 Sentries","floor":12,"turns":1},{"damage":7,"enemies":"Lagavulin","floor":14,"turns":2},{"damage":22,"enemies":"Slime Boss","floor":16,"turns":5},{"damage":1,"enemies":"Spheric Guardian","floor":18,"turns":2},{"damage":8,"enemies":"Chosen","floor":19,"turns":3},{"damage":7,"enemies":"3 Cultists","floor":20,"turns":2},{"damage":14,"enemies":"Shelled Parasite and Fungi","floor":22,"turns":1},{"damage":39,"enemies":"Gremlin Leader","floor":24,"turns":6},{"damage":30,"enemies":"Book of Stabbing","floor":28,"turns":5},{"damage":0,"enemies":"Snake Plant","floor":30,"turns":2},{"damage":24,"enemies":"Automaton","floor":33,"turns":5},{"damage":16,"enemies":"3 Shapes","floor":35,"turns":1},{"damage":14,"enemies":"3 Darklings","floor":38,"turns":2},{"damage":11,"enemies":"Spire Growth","floor":39,"turns":2},{"damage":32,"enemies":"Nemesis","floor":40,"turns":5},{"damage":11,"enemies":"Maw","floor":41,"turns":5},{"damage":0,"enemies":"Jaw Worm Horde","floor":42,"turns":1},{"damage":20,"enemies":"Spire Growth","floor":44,"turns":3},{"damage":0,"enemies":"3 Darklings","floor":45,"turns":1},{"damage":4,"enemies":"4 Shapes","floor":46,"turns":1},{"damage":16,"enemies":"Awakened One","floor":50,"turns":4}],"seed_played":"9106924886445704302","potions_obtained":[{"floor":2,"key":"EntropicBrew"},{"floor":6,"key":"Strength Potion"},{"floor":11,"key":"ElixirPotion"},{"floor":12,"key":"PowerPotion"},{"floor":14,"key":"SteroidPotion"},{"floor":28,"key":"Strength Potion"},{"floor":30,"key":"Strength Potion"},{"floor":35,"key":"DistilledChaos"},{"floor":45,"key":"EntropicBrew"}],"is_trial":true,"path_per_floor":["M","M","?","?","?","E","R","M","T","E","M","E","$","E","R","B",null,"M","M","M","$","M","R","E","R","T","?","E","R","M","?","R","B",null,"M","?","$","M","M","E","M","M","T","M","M","M","R","$","R","B",null],"character_chosen":"IRONCLAD","items_purchased":["Lantern","Whirlwind+1","ClockworkSouvenir","Flex","HandDrill"],"campfire_rested":0,"item_purchase_floors":[13,13,37,37,48],"current_hp_per_floor":[81,82,71,71,71,57,57,60,60,57,55,61,61,62,62,66,92,99,103,102,102,104,104,79,79,79,79,71,71,82,70,70,66,110,102,102,102,96,93,82,79,87,87,85,91,95,95,95,95,136],"gold":122,"neow_bonus":"","is_daily":false,"chose_seed":false,"campfire_upgraded":8,"win_rate":0.0,"timestamp":1613252390,"path_taken":["M","M","?","?","?","E","R","M","T","E","?","E","$","E","R","BOSS","M","M","M","$","M","R","E","R","T","?","E","R","M","?","R","BOSS","M","?","$","M","M","E","M","M","T","M","M","M","R","$","R","BOSS"],"items_purchased_type":["Relic","Card","Relic","Card","Relic"],"build_version":"2020-12-18","purchased_purges":3,"victory":true,"max_hp_per_floor":[83,83,83,83,83,86,86,89,89,89,93,99,99,101,101,101,101,103,109,109,109,115,115,117,117,117,117,117,117,122,122,122,124,124,126,126,126,128,130,132,134,136,136,136,136,138,138,138,138,138],"card_choices":[{"not_picked":["Flex","Thunderclap"],"picked":"SKIP","floor":1},{"not_picked":["Perfected Strike"],"picked":"Sword Boomerang","floor":2},{"not_picked":["Pommel Strike"],"picked":"Sword Boomerang","floor":6},{"not_picked":["Flame Barrier"],"picked":"Impervious","floor":8},{"not_picked":["Impervious"],"picked":"Seeing Red","floor":10},{"not_picked":["Rage","Body Slam+1"],"picked":"SKIP","floor":11},{"not_picked":["Armaments"],"picked":"Feel No Pain","floor":12},{"not_picked":["Infernal Blade","Shockwave"],"picked":"Singing Bowl","floor":14},{"not_picked":["Limit Break"],"picked":"Offering","floor":16},{"not_picked":["Carnage+1","Pommel Strike+1"],"picked":"Singing Bowl","floor":18},{"not_picked":["Battle Trance","Heavy Blade+1"],"picked":"Singing Bowl","floor":19},{"not_picked":["True Grit"],"picked":"Hemokinesis+1","floor":20},{"not_picked":["Sword Boomerang+1","Thunderclap+1"],"picked":"Singing Bowl","floor":22},{"not_picked":["Flex","Warcry"],"picked":"Singing Bowl","floor":24},{"not_picked":["Iron Wave+1"],"picked":"Havoc","floor":28},{"not_picked":["Fire Breathing+1","Armaments"],"picked":"Singing Bowl","floor":30},{"not_picked":["Barricade","Exhume"],"picked":"Singing Bowl","floor":33},{"not_picked":["Heavy Blade+1","True Grit+1"],"picked":"Singing Bowl","floor":35},{"not_picked":["Sword Boomerang+1","Warcry"],"picked":"Singing Bowl","floor":38},{"not_picked":["Body Slam+1","Iron Wave+1"],"picked":"Singing Bowl","floor":39},{"not_picked":["Barricade","True Grit+1"],"picked":"Singing Bowl","floor":40},{"not_picked":["Thunderclap+1","Wild Strike+1"],"picked":"Singing Bowl","floor":41},{"not_picked":["Ghostly Armor","Sever Soul+1"],"picked":"Singing Bowl","floor":42},{"not_picked":["Searing Blow+1"],"picked":"Blood for Blood+1","floor":44},{"not_picked":["Anger+1"],"picked":"Feel No Pain","floor":45},{"not_picked":["Disarm","Searing Blow+1"],"picked":"Singing Bowl","floor":46}],"player_experience":378723,"relics_obtained":[{"floor":6,"key":"Centennial Puzzle"},{"floor":9,"key":"Potion Belt"},{"floor":10,"key":"Molten Egg 2"},{"floor":12,"key":"Meat on the Bone"},{"floor":14,"key":"Singing Bowl"},{"floor":24,"key":"Pocketwatch"},{"floor":26,"key":"Ancient Tea Set"},{"floor":28,"key":"Akabeko"},{"floor":40,"key":"FossilizedHelix"}],"event_choices":[{"damage_healed":0,"gold_gain":75,"player_choice":"Gather Gold","damage_taken":11,"max_hp_gain":0,"max_hp_loss":0,"event_name":"World of Goop","floor":3,"gold_loss":0},{"damage_healed":0,"gold_gain":0,"player_choice":"Grow","damage_taken":0,"max_hp_gain":0,"max_hp_loss":0,"event_name":"Living Wall","floor":4,"gold_loss":0,"cards_upgraded":["Berserk"]},{"damage_healed":0,"gold_gain":0,"player_choice":"Rummage","damage_taken":0,"relics_obtained":["WarpedTongs"],"max_hp_gain":0,"max_hp_loss":0,"event_name":"Accursed Blacksmith","floor":5,"gold_loss":0,"cards_obtained":["Pain"]},{"cards_removed":["Normality"],"damage_healed":0,"gold_gain":0,"player_choice":"Elegance","damage_taken":0,"max_hp_gain":0,"max_hp_loss":0,"event_name":"Back to Basics","floor":27,"gold_loss":0},{"damage_healed":0,"gold_gain":75,"player_choice":"Touch","damage_taken":12,"max_hp_gain":0,"max_hp_loss":0,"event_name":"FaceTrader","floor":31,"gold_loss":0},{"damage_healed":0,"gold_gain":0,"player_choice":"Ignored","damage_taken":0,"max_hp_gain":0,"max_hp_loss":0,"event_name":"Tomb of Lord Red Mask","floor":36,"gold_loss":0}],"is_beta":true,"boss_relics":[{"not_picked":["SlaversCollar","Fusion Hammer"],"picked":"Cursed Key"},{"not_picked":["Black Star","Empty Cage"],"picked":"Runic Cube"}],"items_purged_floors":[13,21,37],"is_endless":false,"potions_floor_spawned":[2,6,11,12,14,16,18,28,30,33,35,38,41,45],"ascension_level":9}}