{"host":"mz5hf7l9u79ze5ha","time":1613230006,"event":{"mods":["AchievementEnabler","BaseMod","Bestiary","Better Third Choice","BetterRewards","Colored Map","Colored Powertips","Curses Come First","Downfall","Googly Eyes","Hermit","Hubris","Minty Spire (QoL Compilation)","Quick Restart","Rare Cards Sparkle","Relic Stats","Reliquary","Replay The Spire","StSLib","The Bladedancer","The Bug Knight","The Cursed","The Hierophant","The Marked","Unceasing Turn Reminder"],"gold_per_floor":[116,116,132,82,93,125,136,154,154,154,182,182,182,182,182,287,287,301,311,325,325,341,366,366,366,366,399,416,442,442,452,452,548,548,559,574,574,574],"floor_reached":37,"language":"ENG","playtime":1665,"items_purged":[],"score":485,"play_id":"64e7e7a3-65cb-426f-980b-180824326c7e","local_time":"20210213172646","is_ascension_mode":true,"campfire_choices":[{"data":"Demon Form","floor":10,"key":"SMITH"},{"floor":13,"key":"REST"},{"data":"Replay:Undeath\u0027s Touch","floor":15,"key":"SMITH"},{"floor":25,"key":"REST"},{"floor":30,"key":"REST"},{"floor":32,"key":"REST"}],"circlet_count":0,"master_deck":["Strike_R+1","Strike_R+1","Strike_R+1","Defend_R+1","Defend_R+1","Defend_R+1","Bash","Demon Form+1","Sword Boomerang","Spot Weakness","Thunderclap","Clash","Replay:Undeath\u0027s Touch+1","Demonic Infusion+1","hubris:ReadiedAction","Run Through","Warcry","Replay:Many Hands","Flex","Sword Boomerang+1","Reaper"],"relics":["Burning Blood","ReplayTheSpireMod:Shallot","Replay:Rubber Ducky","Boot","reliquary:RedCape","reliquary:WeakTea","hubris:DeckOfHolding","Replay:Mystery Machine","hubris:Backtick","Mummified Hand"],"acts_visited":["Exordium","TheCity","TheBeyond"],"potions_floor_usage":[11,16,19,22,23,28,33,37],"damage_taken":[{"damage":7,"enemies":"2 Louse","floor":1,"turns":3},{"damage":4,"enemies":"Jaw Worm","floor":3,"turns":4},{"damage":4,"enemies":"Small Slimes","floor":5,"turns":3},{"damage":21,"enemies":"Lagavulin","floor":6,"turns":7},{"damage":3,"enemies":"3 Louse","floor":7,"turns":2},{"damage":4,"enemies":"Gremlin Gang","floor":8,"turns":3},{"damage":32,"enemies":"3 Sentries","floor":11,"turns":7},{"damage":8,"enemies":"Fading Forest","floor":16,"turns":11},{"damage":20,"enemies":"Shell Parasite","floor":18,"turns":5},{"damage":9,"enemies":"Chosen","floor":19,"turns":3},{"damage":16,"enemies":"Centurion and Healer","floor":20,"turns":4},{"damage":15,"enemies":"Snake Plant","floor":22,"turns":3},{"damage":5,"enemies":"Gremlin Leader","floor":23,"turns":4},{"damage":18,"enemies":"Book of Stabbing","floor":27,"turns":4},{"damage":13,"enemies":"Cultist and Chosen","floor":28,"turns":2},{"damage":15,"enemies":"Gremlin Leader","floor":29,"turns":4},{"damage":20,"enemies":"Centurion and Healer","floor":31,"turns":3},{"damage":18,"enemies":"hubris:MusketHawk","floor":33,"turns":6},{"damage":8,"enemies":"3 Darklings","floor":35,"turns":3},{"damage":77,"enemies":"3 Shapes","floor":36,"turns":5},{"damage":41,"enemies":"Transient","floor":37,"turns":3}],"seed_played":"-3830395783644010033","potions_obtained":[{"floor":1,"key":"Milkshake"},{"floor":6,"key":"Reflective Coating"},{"floor":11,"key":"Weak Potion"},{"floor":18,"key":"champ:CounterPotion"},{"floor":19,"key":"champ:CounterPotion"},{"floor":20,"key":"DuplicationPotion"},{"floor":27,"key":"LiquidBronze"},{"floor":31,"key":"Adrenaline Potion"},{"floor":36,"key":"Swift Potion"}],"is_trial":false,"path_per_floor":["M","?","M","?","M","E","M","M","T","R","E","?","R","?","R","B",null,"M","M","M","?","M","E","?","R","T","E","M","E","R","M","R","B",null,"M","M","M"],"character_chosen":"IRONCLAD","items_purchased":[],"campfire_rested":4,"item_purchase_floors":[],"current_hp_per_floor":[71,64,66,66,68,53,56,58,58,58,32,37,60,60,60,58,77,63,60,50,50,41,42,42,65,65,53,46,37,60,46,69,57,77,75,17,0,0],"gold":574,"neow_bonus":"THREE_RARE_CARDS","is_daily":false,"chose_seed":false,"campfire_upgraded":2,"win_rate":0.0,"timestamp":1613230006,"path_taken":["M","?","M","?","M","E","M","M","T","R","E","?","R","?","R","BOSS","M","?","M","?","M","E","?","R","T","E","M","E","R","?","R","BOSS","M","M","M"],"items_purchased_type":[],"build_version":"2020-12-22","purchased_purges":0,"victory":false,"max_hp_per_floor":[72,72,72,72,72,72,72,72,72,72,72,77,77,77,77,77,77,77,77,77,77,77,77,77,77,77,77,77,77,77,77,77,77,77,77,77,77,77],"relic_stats":{"counters":[21,89],"Mummified Hand":[2],"Boot":[138],"obtain_stats":[{"hubris:Backtick":34,"ReplayTheSpireMod:Shallot":6,"Mummified Hand":34,"hubris:DeckOfHolding":27,"reliquary:WeakTea":23,"reliquary:RedCape":17,"Replay:Mystery Machine":29,"Boot":11,"Burning Blood":0,"Replay:Rubber Ducky":9},{"hubris:Backtick":18,"ReplayTheSpireMod:Shallot":4,"Mummified Hand":18,"hubris:DeckOfHolding":14,"reliquary:WeakTea":13,"reliquary:RedCape":8,"Replay:Mystery Machine":16,"Boot":7,"Burning Blood":0,"Replay:Rubber Ducky":6},{"hubris:Backtick":78,"ReplayTheSpireMod:Shallot":17,"Mummified Hand":78,"hubris:DeckOfHolding":63,"reliquary:WeakTea":59,"reliquary:RedCape":40,"Replay:Mystery Machine":69,"Boot":29,"Burning Blood":0,"Replay:Rubber Ducky":22}],"Burning Blood":120},"card_choices":[{"not_picked":["Reaper","Offering"],"picked":"Demon Form","floor":0},{"not_picked":["Sentinel","Body Slam"],"picked":"Sword Boomerang","floor":1},{"not_picked":["Metallicize","Power Through"],"picked":"Spot Weakness","floor":3},{"not_picked":["hubris:ReadiedAction","Wild Strike","ReplayTheSpireMod:Muscle Training"],"picked":"SKIP","floor":5},{"not_picked":["Second Wind","Demon Form"],"picked":"Thunderclap","floor":6},{"not_picked":["Body Slam","Reckless Charge"],"picked":"Clash","floor":7},{"not_picked":["Anger","Armaments","Clothesline"],"picked":"SKIP","floor":8},{"not_picked":["Anger","Rupture"],"picked":"Replay:Undeath\u0027s Touch","floor":11},{"not_picked":["Double Tap","Berserk"],"picked":"Demonic Infusion","floor":16},{"not_picked":["Disarm","Infernal Blade"],"picked":"hubris:ReadiedAction","floor":18},{"not_picked":["ReplayTheSpireMod:Strike From Hell","Perfected Strike","Havoc+1"],"picked":"SKIP","floor":19},{"not_picked":["Iron Wave","Havoc"],"picked":"Run Through","floor":20},{"not_picked":["Run Through","Searing Blow","Massacre"],"picked":"SKIP","floor":22},{"not_picked":["Juggernaut","Bloodletting"],"picked":"Warcry","floor":23},{"not_picked":["hubris:ReadiedAction+1","Cleave"],"picked":"Replay:Many Hands","floor":27},{"not_picked":["Uppercut","Reckless Charge+1"],"picked":"Flex","floor":28},{"not_picked":["Shrug It Off+1","Cleave"],"picked":"Sword Boomerang+1","floor":29},{"not_picked":["Entrench","Exhume","Headbutt"],"picked":"SKIP","floor":31},{"not_picked":["Corruption","Impervious"],"picked":"Reaper","floor":33},{"not_picked":["Armaments","Havoc+1","Reckless Charge"],"picked":"SKIP","floor":35},{"not_picked":["ReplayTheSpireMod:Strike From Hell","Dual Wield+1","Perfected Strike+1"],"picked":"SKIP","floor":36}],"player_experience":180957,"relics_obtained":[{"floor":6,"key":"ReplayTheSpireMod:Shallot"},{"floor":9,"key":"Replay:Rubber Ducky"},{"floor":11,"key":"Boot"},{"floor":23,"key":"reliquary:WeakTea"},{"floor":27,"key":"hubris:DeckOfHolding"},{"floor":29,"key":"Replay:Mystery Machine"}],"event_choices":[{"cards_removed":["Strike_R"],"damage_healed":0,"gold_gain":0,"player_choice":"Card Removal","damage_taken":7,"max_hp_gain":0,"max_hp_loss":0,"event_name":"Golden Wing","floor":2,"gold_loss":0},{"cards_removed":["Strike_R"],"damage_healed":0,"gold_gain":0,"player_choice":"Card Removal","damage_taken":0,"max_hp_gain":0,"max_hp_loss":0,"event_name":"The Cleric","floor":4,"gold_loss":50},{"damage_healed":0,"gold_gain":0,"player_choice":"Donut","damage_taken":0,"max_hp_gain":5,"max_hp_loss":0,"event_name":"Big Fish","floor":12,"gold_loss":0},{"cards_removed":["Defend_R"],"damage_healed":0,"gold_gain":0,"player_choice":"Offered Basic","damage_taken":0,"max_hp_gain":0,"max_hp_loss":0,"event_name":"Bonfire Elementals","floor":14,"gold_loss":0},{"damage_healed":0,"gold_gain":0,"player_choice":"Simplicity","damage_taken":0,"max_hp_gain":0,"max_hp_loss":6,"event_name":"betterThird:BetterWriting","floor":21,"gold_loss":0},{"damage_healed":0,"gold_gain":0,"player_choice":"Forge","damage_taken":0,"max_hp_gain":0,"max_hp_loss":0,"event_name":"Accursed Blacksmith","floor":24,"gold_loss":0,"cards_upgraded":["Demonic Infusion"]}],"is_beta":false,"boss_relics":[{"not_picked":["hubris:GrandSneckoEye","Ectoplasm"],"picked":"reliquary:RedCape"},{"not_picked":["Runic Pyramid","Kintsugi"],"picked":"hubris:Backtick"}],"items_purged_floors":[],"is_endless":false,"potions_floor_spawned":[1,6,11,18,19,20,27,31,36],"killed_by":"Transient","ascension_level":2}}