{"host":"1vy6j31128f61x2z","time":1613233092,"event":{"mods":["AchievementEnabler","BaseMod","Colored Powertips","Minty Spire (QoL Compilation)","Permanent Neow"],"gold_per_floor":[110,285,303,321,339,339,372,372,372,390,390,406,435,12,12,113,113,128,128,161,173,173,198,198,41,41,41,41,75,98,128,128,226,226,239,89,1088,271,287,312,312,340,409,68,85,96,112,124,124,124],"floor_reached":51,"language":"ENG","playtime":2703,"items_purged":["Normality","Normality"],"score":1110,"play_id":"d51a79bb-c480-4c94-a7df-7beb72d4913e","local_time":"20210213111812","is_ascension_mode":true,"campfire_choices":[{"data":"Tantrum","floor":6.0,"key":"SMITH"},{"data":"CrushJoints","floor":8.0,"key":"SMITH"},{"data":"MentalFortress","floor":15.0,"key":"SMITH"},{"data":"Scrawl","floor":24.0,"key":"SMITH"},{"floor":27.0,"key":"REST"},{"floor":32.0,"key":"REST"},{"data":"SpiritShield","floor":41.0,"key":"SMITH"},{"floor":49,"key":"REST"}],"circlet_count":0,"master_deck":["Strike_P+1","Strike_P+1","Strike_P+1","Strike_P+1","Defend_P+1","Defend_P+1","Defend_P+1","Defend_P+1","Eruption+1","Vigilance+1","Halt","Doubt","Wireheading","Tantrum+1","Adaptation","CrushJoints+1","FlurryOfBlows","Weave","CarveReality","MentalFortress+1","CutThroughFate","Scrawl+1","ClearTheMind+1","BowlingBash+1","Crescendo+1","Wallop","SandsOfTime","Crescendo+1","Wallop","SandsOfTime+1","SpiritShield+1","Protect","CutThroughFate","Purity","ReachHeaven","DeceiveReality+1","BowlingBash+1","Vengeance","Conclude","CutThroughFate+1"],"relics":["PureWater","Darkstone Periapt","Shuriken","Dream Catcher","Incense Burner","Black Star","Red Mask","War Paint","Prayer Wheel","Happy Flower","Sundial","Meat on the Bone","Unceasing Top","Centennial Puzzle","Damaru","Smiling Mask","Busted Crown","Vajra","Bag of Preparation","Bottled Tornado","OrangePellets","Eternal Feather","Yang","Blue Candle","Boot","Singing Bowl","Bottled Flame"],"acts_visited":["Exordium","TheCity","TheBeyond"],"potions_floor_usage":[50,50,50],"damage_taken":[{"damage":0.0,"enemies":"2 Louse","floor":1.0,"turns":2.0},{"damage":2.0,"enemies":"Cultist","floor":3.0,"turns":3.0},{"damage":0.0,"enemies":"Jaw Worm","floor":4.0,"turns":3.0},{"damage":8.0,"enemies":"Looter","floor":5.0,"turns":3.0},{"damage":22.0,"enemies":"3 Sentries","floor":7.0,"turns":5.0},{"damage":0.0,"enemies":"3 Louse","floor":10.0,"turns":4.0},{"damage":8.0,"enemies":"Blue Slaver","floor":12.0,"turns":3.0},{"damage":0.0,"enemies":"Lagavulin","floor":13.0,"turns":4.0},{"damage":9.0,"enemies":"The Guardian","floor":16.0,"turns":7.0},{"damage":12.0,"enemies":"Chosen","floor":18.0,"turns":3.0},{"damage":0.0,"enemies":"Masked Bandits","floor":20.0,"turns":2.0},{"damage":11.0,"enemies":"2 Thieves","floor":21.0,"turns":3.0},{"damage":26.0,"enemies":"Gremlin Leader","floor":23.0,"turns":6.0},{"damage":16.0,"enemies":"Slavers","floor":29.0,"turns":3.0},{"damage":18.0,"enemies":"Book of Stabbing","floor":31.0,"turns":3.0},{"damage":25.0,"enemies":"Automaton","floor":33.0,"turns":6.0},{"damage":6.0,"enemies":"3 Shapes","floor":35.0,"turns":4.0},{"damage":0.0,"enemies":"Orb Walker","floor":39.0,"turns":2.0},{"damage":2.0,"enemies":"Giant Head","floor":40.0,"turns":6.0},{"damage":65.0,"enemies":"Nemesis","floor":42.0,"turns":7.0},{"damage":0,"enemies":"4 Shapes","floor":45,"turns":4},{"damage":10,"enemies":"Writhing Mass","floor":46,"turns":3},{"damage":13,"enemies":"Spire Growth","floor":47,"turns":3},{"damage":0,"enemies":"Maw","floor":48,"turns":4},{"damage":49,"enemies":"Donu and Deca","floor":50,"turns":5}],"seed_played":"-5387722555611097072","potions_obtained":[{"floor":3.0,"key":"Explosive Potion"},{"floor":4.0,"key":"Dexterity Potion"},{"floor":7.0,"key":"Energy Potion"},{"floor":33.0,"key":"Fruit Juice"},{"floor":42.0,"key":"Weak Potion"},{"floor":45,"key":"BlessingOfTheForge"},{"floor":48,"key":"Regen Potion"}],"is_trial":false,"path_per_floor":["M","?","M","M","M","R","E","R","T","M","?","M","E","$","R","B",null,"M","?","?","M","?","E","R","$","T","R","$","E","T","E","R","B",null,"M","$","?","$","M","E","R","E","T","$","M","M","M","M","R","B",null],"character_chosen":"WATCHER","items_purchased":["MentalFortress","Incense Burner","CutThroughFate","Happy Flower","Vajra","CutThroughFate","Purity","Bag of Preparation","Bottled Tornado","OrangePellets","ReachHeaven","Bottled Flame","Conclude"],"campfire_rested":3,"item_purchase_floors":[14,14,14,25,36,38,38,38,38,38,38,44,44],"current_hp_per_floor":[72,72,70,70,62,62,40,40,40,40,40,32,32,32,32,23,60,48,48,48,37,61,35,35,35,35,56,56,40,40,34,55,42,65,59,59,76,76,76,74,89,36,36,36,50,56,59,63,105,68],"gold":124,"neow_bonus":"UPGRADE_CARD","is_daily":false,"chose_seed":false,"campfire_upgraded":5,"win_rate":0.0,"timestamp":1613233092,"path_taken":["M","?","M","M","M","R","E","R","T","M","?","M","E","$","R","BOSS","M","?","?","M","?","E","R","$","T","R","?","E","?","E","R","BOSS","M","$","?","$","M","E","R","E","T","$","M","M","M","M","R","BOSS"],"items_purchased_type":["Card","Relic","Card","Relic","Relic","Card","Card","Relic","Relic","Relic","Card","Relic","Card"],"build_version":"2020-12-22","purchased_purges":2,"victory":true,"max_hp_per_floor":[72,72,72,72,72,72,72,72,72,72,72,72,72,72,72,72,72,72,72,72,72,72,72,72,72,72,72,72,72,72,72,72,72,72,72,72,89,89,89,89,89,89,89,89,91,95,99,103,105,105],"card_choices":[{"not_picked":["BowlingBash","DeceiveReality"],"picked":"Halt","floor":1.0},{"not_picked":["JustLucky","Crescendo"],"picked":"Wireheading","floor":3.0},{"not_picked":["Prostrate","Swivel"],"picked":"Tantrum","floor":4.0},{"not_picked":["EmptyFist","FlurryOfBlows"],"picked":"Adaptation","floor":5.0},{"not_picked":["Consecrate","LikeWater"],"picked":"CrushJoints","floor":7.0},{"not_picked":["Evaluate","SignatureMove"],"picked":"FlurryOfBlows","floor":10.0},{"not_picked":["Brilliance","Prostrate"],"picked":"Weave","floor":12.0},{"not_picked":["FollowUp","CutThroughFate"],"picked":"CarveReality","floor":13.0},{"not_picked":["Alpha","Brilliance"],"picked":"Scrawl","floor":16.0},{"not_picked":["CutThroughFate","Sanctity"],"picked":"ClearTheMind+1","floor":18.0},{"not_picked":["EmptyFist+1","Worship"],"picked":"BowlingBash+1","floor":20.0},{"not_picked":["Wireheading","BowlingBash"],"picked":"Crescendo","floor":21.0},{"not_picked":["Prostrate","ForeignInfluence"],"picked":"Wallop","floor":23.0},{"not_picked":["EmptyFist","LikeWater"],"picked":"SandsOfTime","floor":27.0},{"not_picked":["BowlingBash","FlyingSleeves+1"],"picked":"Crescendo+1","floor":29.0},{"not_picked":["Brilliance","Judgement"],"picked":"Wallop","floor":31.0},{"not_picked":["CutThroughFate","Protect+1"],"picked":"SandsOfTime+1","floor":32.0},{"not_picked":["Alpha","LessonLearned"],"picked":"SpiritShield","floor":33.0},{"not_picked":[],"picked":"Protect","floor":35.0},{"not_picked":["TalkToTheHand"],"picked":"SKIP","floor":35.0},{"not_picked":[],"picked":"DeceiveReality+1","floor":39.0},{"not_picked":["FlyingSleeves"],"picked":"SKIP","floor":39.0},{"not_picked":[],"picked":"BowlingBash+1","floor":40.0},{"not_picked":[],"picked":"Vengeance","floor":42.0},{"not_picked":["JustLucky+1"],"picked":"Singing Bowl","floor":45},{"not_picked":[],"picked":"CutThroughFate+1","floor":45},{"not_picked":["Protect"],"picked":"Singing Bowl","floor":46},{"not_picked":["FollowUp+1"],"picked":"Singing Bowl","floor":46},{"not_picked":["FearNoEvil+1"],"picked":"Singing Bowl","floor":47},{"not_picked":["Swivel"],"picked":"Singing Bowl","floor":47},{"not_picked":["ThirdEye+1"],"picked":"Singing Bowl","floor":48},{"not_picked":["WindmillStrike+1"],"picked":"Singing Bowl","floor":48},{"not_picked":["JustLucky"],"picked":"Singing Bowl","floor":49}],"player_experience":74167,"relics_obtained":[{"floor":7.0,"key":"Darkstone Periapt"},{"floor":9.0,"key":"Shuriken"},{"floor":13.0,"key":"Dream Catcher"},{"floor":20.0,"key":"Red Mask"},{"floor":23.0,"key":"War Paint"},{"floor":23.0,"key":"Prayer Wheel"},{"floor":26.0,"key":"Sundial"},{"floor":29.0,"key":"Meat on the Bone"},{"floor":29.0,"key":"Unceasing Top"},{"floor":30.0,"key":"Centennial Puzzle"},{"floor":31.0,"key":"Damaru"},{"floor":31.0,"key":"Smiling Mask"},{"floor":40.0,"key":"Eternal Feather"},{"floor":40.0,"key":"Yang"},{"floor":42.0,"key":"Blue Candle"},{"floor":42.0,"key":"Boot"},{"floor":43.0,"key":"Singing Bowl"}],"event_choices":[{"damage_healed":0.0,"max_hp_gain":0.0,"max_hp_loss":0.0,"gold_gain":175.0,"event_name":"Liars Game","player_choice":"AGREE","floor":2.0,"gold_loss":0.0,"damage_taken":0.0,"cards_obtained":["Doubt"]},{"damage_healed":0.0,"max_hp_gain":0.0,"max_hp_loss":0.0,"gold_gain":0.0,"event_name":"The Woman in Blue","player_choice":"Bought 0 Potions","floor":11.0,"gold_loss":0.0,"damage_taken":0.0},{"damage_healed":0.0,"max_hp_gain":0.0,"max_hp_loss":0.0,"gold_gain":0.0,"event_name":"Back to Basics","player_choice":"Simplicity","floor":19.0,"gold_loss":0.0,"damage_taken":0.0,"cards_upgraded":["Strike_P","Strike_P","Strike_P","Strike_P","Defend_P","Defend_P","Defend_P","Defend_P"]},{"damage_healed":0.0,"max_hp_gain":0.0,"max_hp_loss":0.0,"gold_gain":0.0,"event_name":"Masked Bandits","player_choice":"Fought Bandits","floor":20.0,"gold_loss":0.0,"damage_taken":0.0},{"damage_healed":24.0,"max_hp_gain":0.0,"max_hp_loss":0.0,"gold_gain":0.0,"event_name":"The Library","player_choice":"Heal","floor":22.0,"gold_loss":0.0,"damage_taken":0.0},{"damage_healed":0.0,"max_hp_gain":0.0,"max_hp_loss":0.0,"gold_gain":999.0,"event_name":"MindBloom","player_choice":"Gold","floor":37.0,"gold_loss":0.0,"damage_taken":0.0,"cards_obtained":["Normality","Normality"]}],"is_beta":false,"boss_relics":[{"not_picked":["Runic Pyramid","Ectoplasm"],"picked":"Black Star"},{"not_picked":["Empty Cage","Fusion Hammer"],"picked":"Busted Crown"}],"items_purged_floors":[38,44],"is_endless":false,"potions_floor_spawned":[3,4,7,13,20,21,33,35,42,45,48],"ascension_level":5}}