{"host":"3c8x8j1h2jyrixpf","time":1613177940,"event":{"mods":["BaseMod","Colored Powertips","Highlight Path","Minty Spire (QoL Compilation)","StSLib"],"gold_per_floor":[113,113,130,80,100,100,131,145,145,145,145,173,173,184,184,287,287,302,302,353,353,23,23,34,34,34,34,63,82,82,82],"floor_reached":30,"language":"ENG","playtime":836,"items_purged":["Strike_P"],"score":450,"play_id":"75b68a75-2672-4894-8f0e-76548760d32f","local_time":"20210212185900","is_ascension_mode":true,"campfire_choices":[{"data":"EmptyFist","floor":6,"key":"SMITH"},{"data":"CutThroughFate","floor":11,"key":"SMITH"},{"data":"FlurryOfBlows","floor":13,"key":"SMITH"},{"floor":15,"key":"REST"},{"data":"Alpha","floor":23,"key":"SMITH"},{"data":"JustLucky","floor":25,"key":"SMITH"}],"circlet_count":0,"master_deck":["AscendersBane","Defend_P+1","Defend_P+1","Eruption","Vigilance","Adaptation","FlurryOfBlows+1","EmptyFist+1","CutThroughFate+1","ClearTheMind","FollowUp","SashWhip","Alpha+1","Halt+1","Prostrate+1","BowlingBash+1","Consecrate","J.A.X.","JustLucky+1","BattleHymn","WheelKick"],"relics":["Runic Dome","War Paint","Letter Opener","Lizard Tail","Astrolabe","Oddly Smooth Stone","Membership Card","Toxic Egg 2","Bottled Flame"],"acts_visited":["Exordium","TheCity"],"potions_floor_usage":[2,7,28,29,29],"damage_taken":[{"damage":2,"enemies":"Small Slimes","floor":1,"turns":3},{"damage":0,"enemies":"Cultist","floor":3,"turns":3},{"damage":19,"enemies":"2 Louse","floor":5,"turns":3},{"damage":19,"enemies":"3 Sentries","floor":7,"turns":8},{"damage":0,"enemies":"Looter","floor":8,"turns":2},{"damage":0,"enemies":"Lagavulin","floor":12,"turns":4},{"damage":8,"enemies":"Blue Slaver","floor":14,"turns":3},{"damage":38,"enemies":"Hexaghost","floor":16,"turns":8},{"damage":3,"enemies":"Spheric Guardian","floor":18,"turns":3},{"damage":16,"enemies":"2 Thieves","floor":24,"turns":4},{"damage":29,"enemies":"Slavers","floor":28,"turns":3},{"damage":4,"enemies":"Snecko","floor":29,"turns":4},{"damage":73,"enemies":"Book of Stabbing","floor":30,"turns":2}],"seed_played":"7737832174949744085","potions_obtained":[{"floor":1,"key":"Fruit Juice"},{"floor":2,"key":"Dexterity Potion"},{"floor":2,"key":"StancePotion"},{"floor":7,"key":"Swift Potion"},{"floor":28,"key":"Block Potion"}],"is_trial":false,"path_per_floor":["M","?","M","?","M","R","E","M","T","?","R","E","R","M","R","B",null,"M","?","T","?","$","R","M","R","T","?","E","M","E"],"character_chosen":"WATCHER","items_purchased":["Membership Card","JustLucky","Toxic Egg 2"],"campfire_rested":1,"item_purchase_floors":[22,22,22],"current_hp_per_floor":[63,68,68,68,49,49,30,30,30,35,35,35,35,27,51,13,65,62,62,62,62,62,62,46,46,46,46,17,13,0,0],"gold":82,"neow_bonus":"BOSS_RELIC","is_daily":false,"chose_seed":false,"campfire_upgraded":5,"win_rate":0.0,"timestamp":1613177940,"path_taken":["M","?","?","?","M","R","E","M","T","?","R","E","R","M","R","BOSS","M","?","?","?","$","R","M","R","T","?","E","M","E"],"items_purchased_type":["Relic","Card","Relic"],"build_version":"2020-12-22","purchased_purges":1,"victory":false,"max_hp_per_floor":[72,77,77,77,77,77,77,77,77,82,82,82,82,82,82,82,82,82,82,82,82,82,82,82,82,82,82,82,82,82,82],"card_choices":[{"not_picked":["Protect","FollowUp"],"picked":"Adaptation","floor":1},{"not_picked":["Collect","WreathOfFlame"],"picked":"FlurryOfBlows","floor":3},{"not_picked":["Evaluate","ReachHeaven"],"picked":"EmptyFist","floor":5},{"not_picked":["Sanctity","Perseverance"],"picked":"CutThroughFate","floor":7},{"not_picked":["SashWhip","EmptyFist"],"picked":"ClearTheMind","floor":8},{"not_picked":["Brilliance","Pray"],"picked":"FollowUp","floor":12},{"not_picked":["Prostrate","ClearTheMind"],"picked":"SashWhip","floor":14},{"not_picked":["ConjureBlade","Judgement"],"picked":"Alpha","floor":16},{"not_picked":["FlyingSleeves","ForeignInfluence"],"picked":"Consecrate","floor":18},{"not_picked":["Collect+1","EmptyMind+1"],"picked":"BattleHymn","floor":24},{"not_picked":["CutThroughFate","ForeignInfluence+1","Consecrate"],"picked":"SKIP","floor":28},{"not_picked":["CutThroughFate","ForeignInfluence+1","Consecrate"],"picked":"SKIP","floor":28},{"not_picked":["ForeignInfluence+1","JustLucky+1"],"picked":"WheelKick","floor":29}],"player_experience":239957,"relics_obtained":[{"floor":7,"key":"War Paint"},{"floor":9,"key":"Letter Opener"},{"floor":12,"key":"Lizard Tail"},{"floor":20,"key":"Oddly Smooth Stone"},{"floor":28,"key":"Bottled Flame"}],"event_choices":[{"damage_healed":0,"gold_gain":0,"player_choice":"Got Potions","damage_taken":0,"max_hp_gain":0,"max_hp_loss":0,"event_name":"Lab","floor":2,"gold_loss":0},{"cards_removed":["Strike_P"],"damage_healed":0,"gold_gain":0,"player_choice":"Card Removal","damage_taken":0,"max_hp_gain":0,"max_hp_loss":0,"event_name":"The Cleric","floor":4,"gold_loss":50},{"damage_healed":0,"gold_gain":0,"player_choice":"Donut","damage_taken":0,"max_hp_gain":5,"max_hp_loss":0,"event_name":"Big Fish","floor":10,"gold_loss":0},{"damage_healed":0,"gold_gain":0,"player_choice":"Obtain J.A.X.","damage_taken":0,"max_hp_gain":0,"max_hp_loss":0,"event_name":"Drug Dealer","floor":19,"gold_loss":0,"cards_obtained":["J.A.X."]},{"cards_removed":["Strike_P"],"damage_healed":0,"gold_gain":0,"player_choice":"Elegance","damage_taken":0,"max_hp_gain":0,"max_hp_loss":0,"event_name":"Back to Basics","floor":21,"gold_loss":0}],"is_beta":false,"boss_relics":[{"not_picked":["Empty Cage","Coffee Dripper"],"picked":"Astrolabe"}],"items_purged_floors":[22],"is_endless":false,"potions_floor_spawned":[1,7,12,16,28],"killed_by":"Book of Stabbing","ascension_level":12}}