{"host":"a1eatafr7pisesky","time":1613196711,"event":{"mods":["AchievementEnabler","BaseMod","Colored Map","Keyboard Shortcuts","Minty Spire (QoL Compilation)","Say the Spire","StSLib","SuperFastMode","everything is the same but u backflip on backflip"],"gold_per_floor":[115,115,129,54,54,89,100,114,114,114,39,57,82,96,96,174,174,194,194,194,210,4,4,4,30,79,91,101,101,101],"floor_reached":29,"language":"KOR","playtime":662,"items_purged":["Strike_B","Strike_B"],"score":459,"play_id":"52803807-9a95-418a-82d3-2faaef0defbe","local_time":"20210213151151","is_ascension_mode":true,"campfire_choices":[{"floor":10,"key":"REST"},{"data":"Buffer","floor":15,"key":"SMITH"},{"data":"Seek","floor":23,"key":"SMITH"}],"circlet_count":0,"master_deck":["AscendersBane","Strike_B","Defend_B","Defend_B+1","Defend_B+1","Defend_B","Zap","Dualcast+1","Ball Lightning","Genetic Algorithm+1","Echo Form","Cold Snap","Buffer+1","Cold Snap","Sunder","Cold Snap","Seek+1","Capacitor","Ball Lightning","Defragment","Barrage","Ball Lightning"],"relics":["Cracked Core","Unceasing Top","Eternal Feather","Letter Opener","Cables","SacredBark","Toxic Egg 2","Vajra"],"acts_visited":["Exordium","TheCity"],"potions_floor_usage":[12,13,16,21,25,27],"damage_taken":[{"damage":6.0,"enemies":"2 Louse","floor":1.0,"turns":3.0},{"damage":0.0,"enemies":"Cultist","floor":3.0,"turns":2.0},{"damage":25.0,"enemies":"3 Sentries","floor":6.0,"turns":8.0},{"damage":3,"enemies":"Jaw Worm","floor":7,"turns":4},{"damage":5,"enemies":"3 Louse","floor":8,"turns":4},{"damage":14,"enemies":"Large Slime","floor":12,"turns":5},{"damage":6,"enemies":"Lagavulin","floor":13,"turns":6},{"damage":2,"enemies":"2 Fungi Beasts","floor":14,"turns":2},{"damage":19,"enemies":"Hexaghost","floor":16,"turns":10},{"damage":3,"enemies":"Spheric Guardian","floor":18,"turns":4},{"damage":4,"enemies":"2 Thieves","floor":21,"turns":4},{"damage":25,"enemies":"Slavers","floor":25,"turns":4},{"damage":28,"enemies":"Shelled Parasite and Fungi","floor":27,"turns":6},{"damage":17,"enemies":"Snake Plant","floor":28,"turns":5},{"damage":7,"enemies":"Sentry and Sphere","floor":29,"turns":3}],"seed_played":"-7174753108100607406","potions_obtained":[{"floor":1.0,"key":"EssenceOfSteel"},{"floor":12,"key":"Fruit Juice"},{"floor":14,"key":"Energy Potion"},{"floor":16,"key":"Fire Potion"},{"floor":25,"key":"Regen Potion"}],"is_trial":false,"path_per_floor":["M","?","M","?","?","E","M","M","T","R","$","M","E","M","R","B",null,"M","?","?","M","$","R","?","E","T","M","M","M"],"character_chosen":"DEFECT","items_purchased":["EssenceOfDarkness"],"campfire_rested":1,"item_purchase_floors":[22],"current_hp_per_floor":[58,58,58,58,39,14,11,6,6,34,34,20,19,17,26,7,54,51,32,32,28,28,37,37,12,12,24,7,0,0],"gold":101,"neow_bonus":"ONE_RARE_RELIC","is_daily":false,"chose_seed":false,"campfire_upgraded":2,"win_rate":0.0,"timestamp":1613196711,"path_taken":["M","?","?","?","?","E","M","M","T","R","$","M","E","M","R","BOSS","M","?","?","M","$","R","?","E","T","M","?","M"],"items_purchased_type":["Potion"],"build_version":"2020-12-22","purchased_purges":2,"victory":false,"max_hp_per_floor":[64,64,64,64,64,64,64,64,64,64,64,64,69,69,69,69,69,69,74,74,74,74,74,74,74,74,74,74,74,74],"card_choices":[{"not_picked":["Skim","Streamline"],"picked":"Ball Lightning","floor":1.0},{"not_picked":["Chaos","Compile Driver"],"picked":"Genetic Algorithm","floor":3.0},{"not_picked":["Genetic Algorithm","Darkness"],"picked":"Echo Form","floor":6.0},{"not_picked":["Conserve Battery","Gash"],"picked":"Cold Snap","floor":7},{"not_picked":["Cold Snap","Streamline"],"picked":"Buffer","floor":8},{"not_picked":["Coolheaded","Stack"],"picked":"Cold Snap","floor":12},{"not_picked":["Ball Lightning","Consume"],"picked":"Sunder","floor":13},{"not_picked":["Reinforced Body","Darkness"],"picked":"Cold Snap","floor":14},{"not_picked":["Rainbow","Multi-Cast"],"picked":"Seek","floor":16},{"not_picked":["Cold Snap","Hologram","Chaos+1"],"picked":"SKIP","floor":18},{"not_picked":["Leap","Streamline"],"picked":"Ball Lightning","floor":21},{"not_picked":["All For One","Steam+1"],"picked":"Defragment","floor":25},{"not_picked":["Scrape","Hologram+1"],"picked":"Barrage","floor":27},{"not_picked":["Fusion+1","Stack+1"],"picked":"Ball Lightning","floor":28}],"player_experience":449625,"relics_obtained":[{"floor":6.0,"key":"Eternal Feather"},{"floor":9,"key":"Letter Opener"},{"floor":13,"key":"Cables"},{"floor":25,"key":"Toxic Egg 2"},{"floor":26,"key":"Vajra"}],"event_choices":[{"damage_healed":0.0,"max_hp_gain":0.0,"max_hp_loss":0.0,"gold_gain":0.0,"event_name":"Upgrade Shrine","player_choice":"Upgraded","floor":2.0,"gold_loss":0.0,"damage_taken":0.0,"cards_upgraded":["Dualcast"]},{"cards_removed":["Strike_B"],"damage_healed":0.0,"max_hp_gain":0.0,"max_hp_loss":0.0,"gold_gain":0.0,"event_name":"The Cleric","player_choice":"Card Removal","floor":4.0,"gold_loss":75.0,"damage_taken":0.0},{"damage_healed":0.0,"max_hp_gain":0.0,"max_hp_loss":0.0,"gold_gain":0.0,"event_name":"Shining Light","player_choice":"Entered Light","floor":5.0,"gold_loss":0.0,"damage_taken":19.0,"cards_upgraded":["Defend_B","Defend_B"]},{"damage_healed":0,"gold_gain":0,"player_choice":"Shed Blood","damage_taken":24,"max_hp_gain":5,"max_hp_loss":0,"event_name":"Forgotten Altar","floor":19,"gold_loss":0},{"damage_healed":0,"gold_gain":0,"player_choice":"Read","damage_taken":0,"max_hp_gain":0,"max_hp_loss":0,"event_name":"The Library","floor":20,"gold_loss":0,"cards_obtained":["Capacitor"]},{"damage_healed":0,"gold_gain":0,"player_choice":"Upgraded","damage_taken":0,"max_hp_gain":0,"max_hp_loss":0,"event_name":"Upgrade Shrine","floor":24,"gold_loss":0,"cards_upgraded":["Genetic Algorithm"]}],"is_beta":false,"boss_relics":[{"not_picked":["Runic Dome","Tiny House"],"picked":"SacredBark"}],"items_purged_floors":[11,22],"is_endless":false,"potions_floor_spawned":[1,12,14,16,25],"killed_by":"Sentry and Sphere","ascension_level":16}}