{"host":"h2g8ky7y1n1j4svm","time":1613237059,"event":{"mods":["AchievementEnabler","BaseMod","Bestiary","Block Reminder","Colored Map","Highlight Path","Minty Spire (QoL Compilation)","Quick Restart","Relic Stats","SuperFastMode"],"gold_per_floor":[109,9,84,96,106,106,125,125,125,125,136,136,154,19,19,117,117,130,130,149,160,172,172,172,172],"floor_reached":24,"language":"ENG","playtime":2599,"items_purged":["Strike_R","Strike_R"],"score":190,"play_id":"f1d9ffed-1366-4b46-b382-08130ae93cb9","local_time":"20210213182419","is_ascension_mode":false,"campfire_choices":[{"data":"Bash","floor":6,"key":"SMITH"},{"data":"Rampage","floor":8,"key":"SMITH"},{"data":"Flex","floor":10,"key":"SMITH"},{"data":"True Grit","floor":12,"key":"SMITH"},{"data":"Iron Wave","floor":15,"key":"SMITH"},{"floor":23,"key":"REST"}],"circlet_count":0,"master_deck":["Strike_R","Strike_R","Defend_R","Defend_R","Defend_R","Defend_R","Bash+1","Rampage+1","Cleave","Flex+1","Iron Wave+1","True Grit+1","Iron Wave","Inflame","Limit Break","Headbutt","Decay","Shrug It Off","Inflame+1"],"relics":["Burning Blood"],"acts_visited":["Exordium","TheCity"],"potions_floor_usage":[16,18,21,22,24],"damage_taken":[{"damage":2,"enemies":"2 Louse","floor":1,"turns":3},{"damage":3,"enemies":"Jaw Worm","floor":4,"turns":3},{"damage":1,"enemies":"Cultist","floor":5,"turns":3},{"damage":12,"enemies":"Exordium Wildlife","floor":7,"turns":3},{"damage":0,"enemies":"3 Louse","floor":11,"turns":1},{"damage":11,"enemies":"Large Slime","floor":13,"turns":4},{"damage":47,"enemies":"Hexaghost","floor":16,"turns":8},{"damage":14,"enemies":"Spheric Guardian","floor":18,"turns":4},{"damage":33,"enemies":"Shell Parasite","floor":20,"turns":7},{"damage":25,"enemies":"Snecko","floor":21,"turns":7},{"damage":30,"enemies":"Centurion and Healer","floor":22,"turns":6},{"damage":42,"enemies":"3 Cultists","floor":24,"turns":5}],"seed_played":"-7636480855278955758","potions_obtained":[{"floor":11,"key":"Explosive Potion"},{"floor":13,"key":"BlessingOfTheForge"},{"floor":16,"key":"Explosive Potion"},{"floor":18,"key":"ElixirPotion"},{"floor":21,"key":"BloodPotion"},{"floor":22,"key":"Weak Potion"}],"is_trial":false,"path_per_floor":["M","$","?","M","M","R","M","R","T","R","M","R","M","$","R","B",null,"M","?","M","M","M","R","M"],"character_chosen":"IRONCLAD","items_purchased":["Cleave","Inflame"],"campfire_rested":1,"item_purchase_floors":[2,14],"current_hp_per_floor":[80,80,69,72,77,77,71,71,71,71,77,77,72,72,72,31,80,72,72,45,26,18,42,0,0],"gold":172,"neow_bonus":"REMOVE_CARD","is_daily":false,"chose_seed":false,"campfire_upgraded":5,"win_rate":0.0,"timestamp":1613237059,"path_taken":["M","$","?","M","M","R","M","R","T","R","M","R","M","$","R","BOSS","M","?","M","M","M","R","M"],"items_purchased_type":["Card","Card"],"build_version":"2020-12-22","purchased_purges":2,"victory":false,"max_hp_per_floor":[80,80,80,80,80,80,80,80,80,80,80,80,80,80,80,80,80,80,80,80,80,80,80,80,80],"relic_stats":{"counters":[12,54],"obtain_stats":[{"Burning Blood":0},{"Burning Blood":0},{"Burning Blood":0}],"Burning Blood":62},"card_choices":[{"not_picked":["Clash","Armaments"],"picked":"Rampage","floor":1},{"not_picked":["Entrench","Clash","Cleave"],"picked":"SKIP","floor":4},{"not_picked":["Heavy Blade","Entrench"],"picked":"Flex","floor":5},{"not_picked":["Armaments","Clothesline"],"picked":"Iron Wave","floor":7},{"not_picked":["Cleave","Reckless Charge"],"picked":"True Grit","floor":11},{"not_picked":["Perfected Strike","Clothesline"],"picked":"Iron Wave","floor":13},{"not_picked":["Bludgeon","Double Tap"],"picked":"Limit Break","floor":16},{"not_picked":["Havoc","Rage+1"],"picked":"Headbutt","floor":18},{"not_picked":["Fire Breathing+1","Seeing Red"],"picked":"Shrug It Off","floor":20},{"not_picked":["Rupture","Iron Wave","Havoc"],"picked":"SKIP","floor":21},{"not_picked":["Warcry","Dual Wield"],"picked":"Inflame+1","floor":22}],"player_experience":979237,"relics_obtained":[],"event_choices":[{"damage_healed":0,"gold_gain":75,"player_choice":"Gather Gold","damage_taken":11,"max_hp_gain":0,"max_hp_loss":0,"event_name":"World of Goop","floor":3,"gold_loss":0},{"damage_healed":0,"gold_gain":0,"player_choice":"Cursed","damage_taken":0,"max_hp_gain":0,"max_hp_loss":0,"event_name":"Wheel of Change","floor":19,"gold_loss":0,"cards_obtained":["Decay"]}],"is_beta":false,"boss_relics":[{"not_picked":[]}],"items_purged_floors":[2,14],"is_endless":false,"potions_floor_spawned":[11,13,16,18,21,22],"killed_by":"3 Cultists","ascension_level":0}}