{"host":"y4fuci1jk2rsxnep","time":1613212197,"event":{"mods":["AchievementEnabler","BaseMod","Colored Powertips","Custom Start","Defuse TimeMaze Blight","Dio Mod","Downfall","Hermit","Hero for Fun","Hubris","Hunter ??","Infinite Spire","Minty Spire (QoL Compilation)","Quick Restart","Reliquary","Remove Card Discount Mod","Replay The Spire","StSLib","The Blackbeard","The Bug Knight","The Mystic","The Runesmith"],"gold_per_floor":[19,19,30,49,59,59,87,105,105,122,132,146,156,173,173,271,271,286,286,302,8,28,28,53,67,93,103,138,151,151,147,147,250,250,261,275,285,285,304,304,314,348,348,382,396,380,395,413,413,514,514,530,530,530,530],"floor_reached":54,"language":"ENG","playtime":1255,"items_purged":["Defend_Y","Defend_Y","Defend_Y","Defend_Y","Defend_Y","Ignore","Side_Hop","Wear_Disguise","Wear_Disguise","Terrifying_Presence","Strike_Y","Strike_Y","Strike_Y","Strike_Y","Strike_Y","Hop+1","Oh","Do_Nothing","Side_Hop","Hip_Strike","Normal_Punch","Normal_Punch+1","Hop+1","Consecutive_Normal_Punch+1","Consecutive_Normal_Punch+1","Consecutive_Normal_Punch+1"],"score":1035,"play_id":"43f6db0d-e9fc-4011-91b8-669fdeba5404","local_time":"20210213112957","is_ascension_mode":false,"campfire_choices":[{"floor":6,"key":"RECALL"},{"floor":15,"key":"DIG"},{"data":"Consecutive_Normal_Punch","floor":23,"key":"SMITH"},{"data":"Consecutive_Normal_Punch","floor":32,"key":"SMITH"},{"data":"Consecutive_Normal_Punch","floor":40,"key":"SMITH"},{"data":"Serious_Punch","floor":49,"key":"SMITH"}],"circlet_count":0,"master_deck":[],"relics":["Cape","reliquary:RosewoodLute","Bronze Scales","Replay:Bronze Core","reliquary:Firecrackers","Ancient Tea Set","PreservedInsect","Runesmith:AutoHammer","Pandora\u0027s Box","Toxic Egg 2","Gremlin Horn","hubris:HollowSoul"],"acts_visited":["Exordium","TheCity","TheBeyond","Exordium"],"potions_floor_usage":[],"damage_taken":[{"damage":0,"enemies":"Small Slimes","floor":1,"turns":1},{"damage":0,"enemies":"Jaw Worm","floor":3,"turns":1},{"damage":0,"enemies":"Cultist","floor":4,"turns":1},{"damage":0,"enemies":"3 Louse","floor":5,"turns":2},{"damage":0,"enemies":"Replay:BlueRogue","floor":7,"turns":1},{"damage":0,"enemies":"Blue Slaver","floor":8,"turns":1},{"damage":0,"enemies":"Red Slaver","floor":10,"turns":1},{"damage":0,"enemies":"Gremlin Gang","floor":11,"turns":2},{"damage":0,"enemies":"Blue Slaver","floor":12,"turns":1},{"damage":0,"enemies":"2 Fungi Beasts","floor":13,"turns":1},{"damage":0,"enemies":"Lots of Slimes","floor":14,"turns":3},{"damage":0,"enemies":"The Guardian","floor":16,"turns":1},{"damage":0,"enemies":"Chosen","floor":18,"turns":1},{"damage":0,"enemies":"3 Byrds","floor":20,"turns":1},{"damage":0,"enemies":"Snake Plant","floor":22,"turns":1},{"damage":0,"enemies":"Chosen and Byrds","floor":25,"turns":1},{"damage":0,"enemies":"Sentry and Sphere","floor":27,"turns":1},{"damage":0,"enemies":"Nightmare","floor":28,"turns":1},{"damage":0,"enemies":"Centurion and Healer","floor":29,"turns":1},{"damage":0,"enemies":"Collector","floor":33,"turns":1},{"damage":0,"enemies":"3 Shapes","floor":35,"turns":1},{"damage":0,"enemies":"3 Darklings","floor":36,"turns":1},{"damage":0,"enemies":"Spire Growth","floor":37,"turns":1},{"damage":0,"enemies":"Maw","floor":39,"turns":1},{"damage":0,"enemies":"Sphere and 2 Shapes","floor":41,"turns":1},{"damage":0,"enemies":"Nightmare","floor":42,"turns":1},{"damage":0,"enemies":"Reptomancer","floor":44,"turns":1},{"damage":0,"enemies":"Jaw Worm Horde","floor":45,"turns":1},{"damage":0,"enemies":"3 Darklings","floor":47,"turns":1},{"damage":0,"enemies":"4 Shapes","floor":48,"turns":1},{"damage":0,"enemies":"Awakened One","floor":50,"turns":2},{"damage":0,"enemies":"2 Louse","floor":52,"turns":1},{"damage":0,"enemies":"Jaw Worm","floor":54,"turns":1}],"seed_played":"1605630163893121637","potions_obtained":[{"floor":3,"key":"Swift Potion"},{"floor":4,"key":"Energy Potion"},{"floor":10,"key":"hexamod:SoulburnPotion"},{"floor":16,"key":"Ancient Potion"}],"is_trial":false,"path_per_floor":["M","?","M","M","M","R","E","M","T","M","M","M","M","M","R","B",null,"M","?","M","$","M","R","T","M","T","M","NM","M","?","$","R","B",null,"M","M","M","?","M","R","M","NM","T","E","M","$","M","M","R","B",null,"M","?","M"],"character_chosen":"OPM","items_purchased":["reliquary:Firecrackers"],"campfire_rested":0,"item_purchase_floors":[21],"current_hp_per_floor":[999,999,999,999,999,999,999,999,999,999,999,999,999,999,999,999,999,999,999,999,999,999,999,999,999,999,999,999,999,999,999,999,999,999,999,999,999,999,999,999,999,999,999,999,999,999,999,999,999,999,999,999,999,999,999],"gold":530,"neow_bonus":"THREE_CARDS","is_daily":false,"chose_seed":false,"campfire_upgraded":4,"win_rate":0.0,"timestamp":1613212197,"path_taken":["M","?","M","M","M","R","E","M","T","M","M","M","M","M","R","BOSS","M","?","M","$","M","R","?","M","T","M","NM","M","?","?","R","BOSS","M","M","M","?","M","R","M","NM","T","E","M","$","?","M","R","BOSS","M","?","M"],"items_purchased_type":["Relic"],"build_version":"2020-12-22","purchased_purges":26,"victory":false,"max_hp_per_floor":[999,999,999,999,999,999,999,999,999,999,999,999,999,999,999,999,999,999,999,999,999,999,999,999,999,999,999,999,999,999,999,999,999,999,999,999,999,999,999,999,999,999,999,999,999,999,999,999,999,999,999,999,999,999,999],"card_choices":[{"not_picked":["Slap","Toss_Stone"],"picked":"Ignore","floor":0},{"not_picked":["Yawn","Hop","Toss_Stone"],"picked":"SKIP","floor":1},{"not_picked":["Side_Hop","Yawn"],"picked":"Consecutive_Normal_Punch","floor":3},{"not_picked":["Yawn","Do_Nothing"],"picked":"Normal_Punch","floor":4},{"not_picked":["Ignore","Hop"],"picked":"Normal_Punch","floor":5},{"not_picked":["Toss_Stone","Side_Hop"],"picked":"Consecutive_Normal_Punch","floor":7},{"not_picked":["Yawn","Serious_Punch"],"picked":"Side_Hop","floor":8},{"not_picked":["Do_Nothing","Hop","Ignore"],"picked":"SKIP","floor":10},{"not_picked":["Ignore","Normal_Punch","Consecutive_Normal_Punch"],"picked":"SKIP","floor":11},{"not_picked":["Side_Hop","Do_Nothing"],"picked":"Wear_Disguise","floor":12},{"not_picked":["Slap","Hop"],"picked":"Wear_Disguise","floor":13},{"not_picked":["Normal_Punch","Ignore","Yawn"],"picked":"SKIP","floor":14},{"not_picked":["Get_Hopes_Up","Serious_Punch"],"picked":"Terrifying_Presence","floor":16},{"not_picked":["Side_Hop","Ignore+1"],"picked":"Hop+1","floor":18},{"not_picked":["Consecutive_Normal_Punch+1","Wear_Disguise"],"picked":"Hop+1","floor":20},{"not_picked":["Side_Hop","Toss_Stone"],"picked":"Do_Nothing","floor":22},{"not_picked":["Hop","Terrifying_Presence","Yawn"],"picked":"SKIP","floor":25},{"not_picked":["Slap","Yawn","Side_Hop+1"],"picked":"SKIP","floor":27},{"not_picked":["Slap","Yawn","Side_Hop+1"],"picked":"SKIP","floor":27},{"not_picked":["Ignore","Side_Hop+1","Yawn"],"picked":"SKIP","floor":28},{"not_picked":["Slap","Hop","Do_Nothing"],"picked":"SKIP","floor":29},{"not_picked":["Get_Hopes_Up","Oh"],"picked":"Hip_Strike","floor":33},{"not_picked":["Ignore+1","Hop+1","Wear_Disguise+1"],"picked":"SKIP","floor":35},{"not_picked":["Slap","Ignore+1"],"picked":"Side_Hop","floor":36},{"not_picked":["Do_Nothing+1","Ignore+1","Wear_Disguise+1"],"picked":"SKIP","floor":37},{"not_picked":["Hop","Do_Nothing"],"picked":"Consecutive_Normal_Punch","floor":39},{"not_picked":["Side_Hop+1","Ignore+1","Hop+1"],"picked":"SKIP","floor":41},{"not_picked":["Normal_Punch+1","Wear_Disguise"],"picked":"Serious_Punch","floor":42},{"not_picked":["Normal_Punch+1","Consecutive_Normal_Punch","Wear_Disguise"],"picked":"SKIP","floor":44},{"not_picked":["Yawn+1","Do_Nothing+1","Normal_Punch+1"],"picked":"SKIP","floor":45},{"not_picked":["Hop+1","Yawn+1","Do_Nothing+1"],"picked":"SKIP","floor":47},{"not_picked":["Hop+1","Yawn+1","Do_Nothing+1"],"picked":"SKIP","floor":47},{"not_picked":["Normal_Punch","Hop+1","Wear_Disguise"],"picked":"SKIP","floor":48},{"not_picked":["Hop+1","Side_Hop+1","Do_Nothing+1"],"picked":"SKIP","floor":52},{"not_picked":["Hop+1","Side_Hop+1","Do_Nothing+1"],"picked":"SKIP","floor":52}],"player_experience":538745,"relics_obtained":[{"floor":7,"key":"reliquary:RosewoodLute"},{"floor":15,"key":"Bronze Scales"},{"floor":24,"key":"Ancient Tea Set"},{"floor":26,"key":"PreservedInsect"},{"floor":28,"key":"Runesmith:AutoHammer"},{"floor":43,"key":"Toxic Egg 2"},{"floor":44,"key":"Gremlin Horn"}],"event_choices":[{"damage_healed":0,"gold_gain":0,"player_choice":"Ignored","damage_taken":0,"max_hp_gain":0,"max_hp_loss":0,"event_name":"Vampires","floor":19,"gold_loss":0},{"damage_healed":0,"gold_gain":0,"player_choice":"Forge","damage_taken":0,"max_hp_gain":0,"max_hp_loss":0,"event_name":"Accursed Blacksmith","floor":38,"gold_loss":0,"cards_upgraded":["Normal_Punch"]}],"is_beta":false,"boss_relics":[{"not_picked":["Replay:Drink Me","reliquary:Ember"],"picked":"Replay:Bronze Core"},{"not_picked":["SacredBark","Busted Crown"],"picked":"Pandora\u0027s Box"},{"not_picked":["Cursed Key","Replay:Grab Bag"],"picked":"hubris:HollowSoul"}],"items_purged_floors":[21,21,21,21,21,21,21,21,21,21,21,21,21,21,21,21,31,31,46,46,46,46,46,46,46,46],"is_endless":true,"potions_floor_spawned":[3,4,10,11,12,16,18,25,28,29,36,39,41,47,48],"killed_by":"Jaw Worm","ascension_level":0}}