{"host":"6gwm7y0tp7acoxay","time":1613180143,"event":{"mods":["BaseMod","Colored Map","Keyboard Shortcuts","Minty Spire (QoL Compilation)","Quick Restart","StSLib","SuperFastMode","everything is the same but u backflip on backflip"],"gold_per_floor":[114,114,114,129,144,144,174,189,214,64,64,64,94,109,109,209,209,224,239,239,239,86,116,116,146,146,176,76,91,121,136,136,236,236,251,126,141,141,152,182,182,212,212,242,242,272,22,37,37,37],"floor_reached":51,"language":"KOR","playtime":1733,"items_purged":["Cleave","Warcry","Pommel Strike"],"score":1474,"play_id":"97e49ed9-b380-45f5-a6c3-e796751612a3","local_time":"20210213103543","daily_mods":["SealedDeck","Colorless Cards","Elite Swarm"],"is_ascension_mode":false,"campfire_choices":[{"data":"Armaments","floor":6,"key":"SMITH"},{"data":"Disarm","floor":11,"key":"SMITH"},{"data":"Panache","floor":15,"key":"SMITH"},{"data":"Feel No Pain","floor":24,"key":"SMITH"},{"data":"Juggernaut","floor":32,"key":"SMITH"},{"data":"Deep Breath","floor":41,"key":"SMITH"},{"data":"Finesse","floor":49,"key":"SMITH"}],"circlet_count":0,"master_deck":["Shrug It Off","Disarm+1","Deep Breath+1","Feel No Pain+1","True Grit+1","Armaments+1","Panacea+1","Finesse+1","Exhume","Panache+1","Evolve","Juggernaut+1"],"relics":["Burning Blood","Ornamental Fan","Bag of Preparation","TheAbacus","Letter Opener","Bottled Lightning","Coffee Dripper","Enchiridion","Thread and Needle","StoneCalendar","Orichalcum","PreservedInsect","Calipers","Black Star","Lizard Tail","Smiling Mask","Whetstone","Nunchaku","War Paint","Magic Flower","Blood Vial","Gambling Chip","Bronze Scales","Singing Bowl","Oddly Smooth Stone","Lantern"],"acts_visited":["Exordium","TheCity","TheBeyond"],"potions_floor_usage":[27,50,50,50],"damage_taken":[{"damage":0,"enemies":"Jaw Worm","floor":1,"turns":5},{"damage":1,"enemies":"Cultist","floor":4,"turns":4},{"damage":0,"enemies":"Small Slimes","floor":5,"turns":3},{"damage":0,"enemies":"Lagavulin","floor":7,"turns":8},{"damage":0,"enemies":"Exordium Wildlife","floor":8,"turns":5},{"damage":0,"enemies":"3 Sentries","floor":13,"turns":5},{"damage":0,"enemies":"Looter","floor":14,"turns":2},{"damage":0,"enemies":"The Guardian","floor":16,"turns":6},{"damage":0,"enemies":"Shell Parasite","floor":18,"turns":3},{"damage":3,"enemies":"2 Thieves","floor":19,"turns":2},{"damage":0,"enemies":"Book of Stabbing","floor":23,"turns":4},{"damage":0,"enemies":"Gremlin Leader","floor":25,"turns":4},{"damage":0,"enemies":"Book of Stabbing","floor":27,"turns":6},{"damage":0,"enemies":"Sentry and Sphere","floor":29,"turns":4},{"damage":0,"enemies":"Slavers","floor":30,"turns":2},{"damage":0,"enemies":"Snecko","floor":31,"turns":3},{"damage":0,"enemies":"Collector","floor":33,"turns":3},{"damage":0,"enemies":"3 Darklings","floor":35,"turns":3},{"damage":0,"enemies":"3 Shapes","floor":37,"turns":2},{"damage":1,"enemies":"2 Orb Walkers","floor":39,"turns":2},{"damage":0,"enemies":"Reptomancer","floor":40,"turns":3},{"damage":0,"enemies":"Giant Head","floor":42,"turns":3},{"damage":0,"enemies":"Reptomancer","floor":44,"turns":2},{"damage":0,"enemies":"Nemesis","floor":46,"turns":3},{"damage":0,"enemies":"Writhing Mass","floor":48,"turns":2},{"damage":0,"enemies":"Donu and Deca","floor":50,"turns":2}],"seed_played":"6099103822572544471","potions_obtained":[{"floor":1,"key":"Swift Potion"},{"floor":5,"key":"Regen Potion"},{"floor":7,"key":"BlessingOfTheForge"},{"floor":29,"key":"EssenceOfSteel"},{"floor":40,"key":"PowerPotion"}],"is_trial":false,"path_per_floor":["M","?","?","M","M","R","E","M","T","$","R","T","E","M","R","B",null,"M","M","?","?","$","E","R","E","T","E","$","M","E","M","R","B",null,"M","$","M","?","?","E","R","E","T","E","?","E","$","M","R","B",null],"character_chosen":"IRONCLAD","items_purchased":["TheAbacus","Evolve","Lantern","HeartOfIron"],"campfire_rested":0,"item_purchase_floors":[10,22,47,47],"current_hp_per_floor":[80,85,85,85,85,85,85,85,85,85,85,85,85,85,85,85,85,85,85,69,53,53,59,59,65,65,86,86,90,90,90,90,90,90,90,90,90,90,90,90,90,90,90,90,90,92,92,94,94,94],"gold":37,"neow_bonus":"","is_daily":true,"chose_seed":false,"campfire_upgraded":7,"win_rate":0.0,"timestamp":1613180143,"path_taken":["M","?","?","M","?","R","E","M","T","$","R","?","E","M","R","BOSS","M","?","?","?","$","E","R","E","T","E","?","M","E","M","R","BOSS","M","$","M","?","?","E","R","E","T","E","?","E","$","?","R","BOSS"],"items_purchased_type":["Relic","Card","Relic","Potion"],"build_version":"2020-12-22","purchased_purges":3,"victory":true,"max_hp_per_floor":[80,85,85,85,85,85,85,85,85,85,85,85,85,85,85,85,85,85,85,85,90,90,90,90,90,90,90,90,90,90,90,90,90,90,90,90,90,90,90,90,90,90,90,90,90,92,92,94,94,94],"card_choices":[{"not_picked":["Purity","Inflame"],"picked":"Panacea","floor":1},{"not_picked":["Headbutt","Dual Wield"],"picked":"Finesse","floor":4},{"not_picked":["True Grit","Wild Strike","Warcry"],"picked":"SKIP","floor":5},{"not_picked":["Metamorphosis","Secret Technique"],"picked":"Exhume","floor":7},{"not_picked":["Wild Strike","Spot Weakness","Clash"],"picked":"SKIP","floor":8},{"not_picked":["Master of Strategy","Fiend Fire"],"picked":"Panache","floor":13},{"not_picked":["Thunderclap","Anger","Heavy Blade"],"picked":"SKIP","floor":14},{"not_picked":["Whirlwind","Twin Strike","Clash"],"picked":"SKIP","floor":18},{"not_picked":["Impatience+1","Deep Breath+1","Jack Of All Trades"],"picked":"SKIP","floor":19},{"not_picked":["Bludgeon","Impervious","Violence"],"picked":"SKIP","floor":23},{"not_picked":["Fiend Fire","Reaper","Exhume"],"picked":"SKIP","floor":25},{"not_picked":["Demon Form","Thinking Ahead","Exhume"],"picked":"SKIP","floor":27},{"not_picked":["Wild Strike+1","Bloodletting","Shrug It Off"],"picked":"SKIP","floor":29},{"not_picked":["Feed","Reaper"],"picked":"Juggernaut","floor":30},{"not_picked":["True Grit","Sword Boomerang","Shrug It Off"],"picked":"SKIP","floor":31},{"not_picked":["Pummel+1","Armaments+1","Cleave"],"picked":"SKIP","floor":35},{"not_picked":["Warcry+1","Iron Wave+1","Second Wind"],"picked":"SKIP","floor":37},{"not_picked":["Immolate","Bludgeon","Corruption"],"picked":"SKIP","floor":40},{"not_picked":["HandOfGreed","Sadistic Nature","Violence"],"picked":"SKIP","floor":42},{"not_picked":["Brutality","Limit Break","Magnetism"],"picked":"SKIP","floor":44},{"not_picked":["Demon Form","Brutality","Offering"],"picked":"Singing Bowl","floor":46},{"not_picked":["Whirlwind","Headbutt+1","Impatience"],"picked":"Singing Bowl","floor":48}],"player_experience":4534300,"relics_obtained":[{"floor":7,"key":"Ornamental Fan"},{"floor":9,"key":"Bag of Preparation"},{"floor":12,"key":"Letter Opener"},{"floor":13,"key":"Bottled Lightning"},{"floor":20,"key":"Enchiridion"},{"floor":23,"key":"Thread and Needle"},{"floor":25,"key":"StoneCalendar"},{"floor":26,"key":"Orichalcum"},{"floor":27,"key":"PreservedInsect"},{"floor":30,"key":"Calipers"},{"floor":39,"key":"Lizard Tail"},{"floor":40,"key":"Smiling Mask"},{"floor":40,"key":"Whetstone"},{"floor":42,"key":"Nunchaku"},{"floor":42,"key":"War Paint"},{"floor":43,"key":"Magic Flower"},{"floor":44,"key":"Blood Vial"},{"floor":44,"key":"Gambling Chip"},{"floor":46,"key":"Singing Bowl"},{"floor":46,"key":"Oddly Smooth Stone"}],"event_choices":[{"damage_healed":0,"gold_gain":0,"player_choice":"Donut","damage_taken":0,"max_hp_gain":5,"max_hp_loss":0,"event_name":"Big Fish","floor":2,"gold_loss":0},{"cards_removed":["Inflame"],"damage_healed":0,"gold_gain":0,"player_choice":"Offered Uncommon","damage_taken":0,"max_hp_gain":0,"max_hp_loss":0,"event_name":"Bonfire Elementals","floor":3,"gold_loss":0},{"damage_healed":0,"gold_gain":0,"player_choice":"Obtained Book","damage_taken":16,"max_hp_gain":0,"max_hp_loss":0,"event_name":"Cursed Tome","floor":20,"gold_loss":0},{"damage_healed":0,"gold_gain":0,"player_choice":"Shed Blood","damage_taken":21,"max_hp_gain":5,"max_hp_loss":0,"event_name":"Forgotten Altar","floor":21,"gold_loss":0},{"damage_healed":0,"gold_gain":0,"player_choice":"Memory 1","damage_taken":0,"max_hp_gain":0,"max_hp_loss":0,"event_name":"SensoryStone","floor":38,"gold_loss":0},{"damage_healed":0,"gold_gain":0,"player_choice":"Fight","damage_taken":0,"max_hp_gain":0,"max_hp_loss":0,"event_name":"Mysterious Sphere","floor":39,"gold_loss":0},{"damage_healed":0,"gold_gain":0,"player_choice":"Gave Potion","damage_taken":0,"relics_obtained":["Bronze Scales"],"max_hp_gain":0,"max_hp_loss":0,"event_name":"WeMeetAgain","floor":45,"gold_loss":0}],"is_beta":false,"boss_relics":[{"not_picked":["Runic Pyramid","Mark of Pain"],"picked":"Coffee Dripper"},{"not_picked":["Velvet Choker","Busted Crown"],"picked":"Black Star"}],"items_purged_floors":[22,28,36],"is_endless":false,"potions_floor_spawned":[1,5,7,16,19,25,29,31,39,40,42],"ascension_level":0}}