{"host":"609l7sx3bs4zmbf1","time":1613184647,"event":{"mods":["AchievementEnabler","Aspiration","BaseMod","Bestiary","Better Altar","Better Match","Better Note","Better Sensory Stone","Better Skull","Better Third Choice","BetterRewards","Conspire","GifTheSpireLib","Hero for Fun","Hubris","Minty Spire (QoL Compilation)","Rare Cards Sparkle","Spicy Shops","StSLib","Stuff the Spire","The Blue Laboratory","Uncapped","Waifu the Spire"],"gold_per_floor":[111,122,122,133,144,179,189,208,258,283,293,305,318,328,328,427,427,445,445,445,457,457,482,2,37,37,37,55,55,55,75,75,179,179,193,212,265,265,265,265],"floor_reached":39,"language":"ENG","playtime":5753,"items_purged":["Doubt"],"score":671,"play_id":"c165d71f-b3b9-4da9-af7e-44b1cec0b880","local_time":"20210212205047","is_ascension_mode":true,"campfire_choices":[{"floor":15.0,"key":"REST"},{"floor":27.0,"key":"RECALL"},{"floor":32.0,"key":"REST"}],"circlet_count":0,"master_deck":["Strike_R","Strike_R","Strike_R","Strike_R","Strike_R","Defend_R","Defend_R","Defend_R","Defend_R","Warcry","Havoc","StuffTheSpire:Slingshot","Wild Strike","Thunderclap+1","StuffTheSpire:Slingshot+1","Heavy Blade","Dual Wield","Metallicize","Headbutt","Feel No Pain","Sever Soul","Sentinel","Barricade","Rage","Immolate","Rupture+1","StuffTheSpire:CuriosityCurse","Entrench","Power Through","Pommel Strike","Inflame","StuffTheSpire:Resist","White Noise+1","Ghostly Armor+1","Corruption","Flame Barrier+1","Combust","conspire:ExplosiveBarrier+1","Twin Strike"],"relics":["Burning Blood","Oddly Smooth Stone","Sling","StuffTheSpire:HeavyRock","Happy Flower","hubris:ToyBattleship","aspiration:SecretTechniqueScroll","aspiration:ChemicalBlood","MutagenicStrength","Whetstone","Omamori","hubris:AstralHammer","Anchor","StuffTheSpire:Mouthbags","Toy Ornithopter","hubris:ScarierMask","Ice Cream"],"acts_visited":["Exordium","TheCity","TheBeyond"],"potions_floor_usage":[39,39],"damage_taken":[{"damage":6.0,"enemies":"conspire:RoseBush","floor":1.0,"turns":3.0},{"damage":10.0,"enemies":"Cultist","floor":2.0,"turns":4.0},{"damage":0.0,"enemies":"Jaw Worm","floor":4.0,"turns":4.0},{"damage":3.0,"enemies":"2 Fungi Beasts","floor":5.0,"turns":3.0},{"damage":14.0,"enemies":"Gremlin Nob","floor":6.0,"turns":3.0},{"damage":11.0,"enemies":"Looter","floor":7.0,"turns":2.0},{"damage":26.0,"enemies":"Lots of Slimes","floor":8.0,"turns":5.0},{"damage":21.0,"enemies":"Lagavulin","floor":10.0,"turns":5.0},{"damage":7.0,"enemies":"3 Louse","floor":11.0,"turns":3.0},{"damage":4.0,"enemies":"Blue Slaver","floor":12.0,"turns":2.0},{"damage":0.0,"enemies":"2 Fungi Beasts","floor":13.0,"turns":3.0},{"damage":8.0,"enemies":"3 Louse","floor":14.0,"turns":2.0},{"damage":26.0,"enemies":"Hexaghost","floor":16.0,"turns":12.0},{"damage":29.0,"enemies":"conspire:FuzzyDice","floor":18.0,"turns":7.0},{"damage":11.0,"enemies":"Spheric Guardian","floor":21.0,"turns":5.0},{"damage":29.0,"enemies":"conspire:SneckoGhost","floor":23.0,"turns":4.0},{"damage":15.0,"enemies":"Book of Stabbing","floor":25.0,"turns":4.0},{"damage":20.0,"enemies":"conspire:HollyBat","floor":28.0,"turns":9.0},{"damage":10.0,"enemies":"Cultist and Chosen","floor":31.0,"turns":7.0},{"damage":21.0,"enemies":"Champ","floor":33.0,"turns":13.0},{"damage":12.0,"enemies":"3 Darklings","floor":35.0,"turns":3.0},{"damage":6.0,"enemies":"3 Shapes","floor":36.0,"turns":2.0},{"damage":11.0,"enemies":"2 Orb Walkers","floor":37.0,"turns":5.0},{"damage":55,"enemies":"Transient","floor":39,"turns":4}],"seed_played":"4288693871579721117","potions_obtained":[{"floor":2.0,"key":"blueLaboratory:LimitlessPotion"},{"floor":4.0,"key":"Fire Potion"},{"floor":10.0,"key":"blueLaboratory:FrostheartPotion"},{"floor":11.0,"key":"blueLaboratory:PolymorphPotion"},{"floor":14.0,"key":"blueLaboratory:BottledHope"},{"floor":16.0,"key":"GamblersBrew"},{"floor":18.0,"key":"blueLaboratory:BottleOfRum"},{"floor":21.0,"key":"BlessingOfTheForge"},{"floor":28.0,"key":"blueLaboratory:EnragingPotion"},{"floor":31.0,"key":"LiquidMemories"}],"is_trial":false,"path_per_floor":["M","M","?","M","M","E","M","M","T","E","M","M","M","M","R","B",null,"M","?","?","M","?","E","$","E","T","R","M","?","?","M","R","B",null,"M","M","?","?","M"],"character_chosen":"IRONCLAD","items_purchased":["Oddly Smooth Stone","Sling","Warcry","Havoc","StuffTheSpire:Slingshot","Omamori","hubris:AstralHammer","Anchor","Pommel Strike"],"campfire_rested":2,"item_purchase_floors":[0,0,0,0,0,24,24,24,24],"current_hp_per_floor":[80,76,76,80,80,72,67,47,47,32,31,33,39,37,61,41,80,57,57,57,52,78,55,55,46,46,46,32,32,32,48,72,67,80,74,74,69,80,35,35],"gold":265,"neow_bonus":"","is_daily":false,"chose_seed":false,"campfire_upgraded":0,"win_rate":0.0,"timestamp":1613184647,"path_taken":["M","M","?","M","?","E","M","M","T","E","M","M","?","M","R","BOSS","M","?","?","M","?","E","$","E","T","R","?","?","?","M","R","BOSS","M","M","?","?","?"],"items_purchased_type":["Relic","Relic","Card","Card","Card","Relic","Relic","Relic","Card"],"build_version":"2020-12-22","purchased_purges":1,"victory":false,"max_hp_per_floor":[80,80,80,80,80,80,80,80,80,80,80,80,80,80,80,80,80,80,80,80,80,80,80,80,80,80,80,80,80,80,80,80,80,80,80,80,80,80,80,80],"card_choices":[{"not_picked":["True Grit","Evolve"],"picked":"Wild Strike","floor":1.0},{"not_picked":["hubris:ReadiedAction","Sever Soul"],"picked":"Thunderclap","floor":2.0},{"not_picked":["Warcry","Whirlwind"],"picked":"Heavy Blade","floor":4.0},{"not_picked":["Iron Wave","Thunderclap"],"picked":"Dual Wield","floor":5.0},{"not_picked":["Dropkick","hubris:CleavingFinish"],"picked":"Metallicize","floor":6.0},{"not_picked":["Thunderclap","hubris:SharpeningStone"],"picked":"Headbutt","floor":7.0},{"not_picked":["Headbutt","Flex"],"picked":"Twin Strike","floor":8.0},{"not_picked":["Anger","Dark Embrace"],"picked":"Feel No Pain","floor":10.0},{"not_picked":["Anger","StuffTheSpire:Slingshot"],"picked":"Sever Soul","floor":11.0},{"not_picked":["Wild Strike","Reckless Charge"],"picked":"Sentinel","floor":12.0},{"not_picked":["StuffTheSpire:RockThrow","StuffTheSpire:Resist"],"picked":"Barricade","floor":13.0},{"not_picked":["Disarm","Twin Strike"],"picked":"Rage","floor":14.0},{"not_picked":["Exhume","Double Tap"],"picked":"Immolate","floor":16.0},{"not_picked":["Pommel Strike","Shockwave"],"picked":"Rupture+1","floor":18.0},{"not_picked":["Heavy Blade+1","Power Through+1"],"picked":"Entrench","floor":21.0},{"not_picked":["Cleave","Berserk"],"picked":"Power Through","floor":23.0},{"not_picked":["StuffTheSpire:Incineration","Rampage"],"picked":"Inflame","floor":25.0},{"not_picked":["Thunderclap","Iron Wave"],"picked":"StuffTheSpire:Resist","floor":28.0},{"not_picked":["Pommel Strike","hubris:SharpeningStone"],"picked":"Ghostly Armor+1","floor":31.0},{"not_picked":["Reaper","Exhume"],"picked":"Corruption","floor":33.0},{"not_picked":["Battle Trance+1","Shrug It Off"],"picked":"Flame Barrier+1","floor":35.0},{"not_picked":["Body Slam+1","Sentinel+1"],"picked":"Combust","floor":36.0},{"not_picked":["Sentinel","Metallicize+1"],"picked":"conspire:ExplosiveBarrier+1","floor":37.0}],"player_experience":438554,"relics_obtained":[{"floor":6.0,"key":"StuffTheSpire:HeavyRock"},{"floor":9.0,"key":"Happy Flower"},{"floor":10.0,"key":"hubris:ToyBattleship"},{"floor":23.0,"key":"Whetstone"},{"floor":25.0,"key":"StuffTheSpire:Mouthbags"},{"floor":26.0,"key":"Toy Ornithopter"},{"floor":37.0,"key":"Ice Cream"}],"event_choices":[{"damage_healed":0.0,"max_hp_gain":0.0,"max_hp_loss":0.0,"gold_gain":0.0,"cards_transformed":["Bash"],"event_name":"Transmorgrifier","player_choice":"Transformed","floor":3.0,"gold_loss":0.0,"damage_taken":0.0,"cards_obtained":["StuffTheSpire:Slingshot"]},{"damage_healed":0.0,"max_hp_gain":0.0,"max_hp_loss":0.0,"gold_gain":0.0,"event_name":"Drug Dealer","player_choice":"Inject Mutagens","floor":20.0,"gold_loss":0.0,"damage_taken":0.0,"relics_obtained":["MutagenicStrength"]},{"damage_healed":26.0,"max_hp_gain":0.0,"max_hp_loss":0.0,"gold_gain":0.0,"event_name":"The Library","player_choice":"Heal","floor":22.0,"gold_loss":0.0,"damage_taken":0.0},{"damage_healed":0.0,"max_hp_gain":0.0,"max_hp_loss":0.0,"gold_gain":2.0,"event_name":"betterStone:BetterStone","player_choice":"4","floor":29.0,"gold_loss":0.0,"damage_taken":0.0,"cards_obtained":["White Noise"]},{"damage_healed":0.0,"max_hp_gain":0.0,"max_hp_loss":0.0,"gold_gain":0.0,"event_name":"Mysterious Sphere","player_choice":"Fight","floor":37.0,"gold_loss":0.0,"damage_taken":0.0},{"damage_healed":11.0,"max_hp_gain":0.0,"max_hp_loss":0.0,"gold_gain":0.0,"event_name":"Wheel of Change","player_choice":"Full Heal","floor":38.0,"gold_loss":0.0,"damage_taken":0.0}],"is_beta":false,"boss_relics":[{"not_picked":["Runic Pyramid","Sozu"],"picked":"aspiration:SecretTechniqueScroll"},{"not_picked":["SacredBark","Empty Cage"],"picked":"hubris:ScarierMask"}],"items_purged_floors":[0],"is_endless":false,"potions_floor_spawned":[2,4,10,11,14,16,18,21,28,31],"killed_by":"Transient","ascension_level":2}}