{"host":"gc9rk8b4vlc0bstx","time":1613180382,"event":{"mods":["BaseMod","Force Act Four","Minty Spire (QoL Compilation)","Permanent Neow","Relic Stats","StSLib"],"gold_per_floor":[115,133,133,149,27,60,60,72,72,91,121,121,134,166,166,243,243,222,61,61,96,67,67,67,67],"floor_reached":24,"language":"ENG","playtime":1383,"items_purged":[],"score":478,"play_id":"617508c4-7bc3-4673-80c7-a42725ec0702","local_time":"20210212173942","is_ascension_mode":true,"campfire_choices":[{"data":"Perfected Strike","floor":7,"key":"SMITH"},{"data":"Demon Form","floor":12,"key":"SMITH"},{"data":"Trip","floor":15,"key":"SMITH"},{"data":"Whirlwind","floor":23,"key":"SMITH"}],"circlet_count":0,"master_deck":["AscendersBane","Strike_R","Strike_R","Strike_R+1","Strike_R","Strike_R","Defend_R","Defend_R","Defend_R","Defend_R","Bash","Sword Boomerang+1","Perfected Strike+1","Twin Strike","Shrug It Off","Trip+1","Headbutt","Demon Form+1","Spot Weakness","Shrug It Off","Impervious","Pommel Strike","Feed","Feed","Dark Embrace","Perfected Strike","Whirlwind+1","Thunderclap","Shrug It Off"],"relics":["Burning Blood","Orichalcum","Toy Ornithopter","Kunai","Pantograph","Runic Dome","Orrery","Red Mask"],"acts_visited":["Exordium","TheCity"],"potions_floor_usage":[6,13,14,24,24],"damage_taken":[{"damage":21,"enemies":"Jaw Worm","floor":1,"turns":4},{"damage":14,"enemies":"Small Slimes","floor":2,"turns":5},{"damage":0,"enemies":"Cultist","floor":4,"turns":2},{"damage":22,"enemies":"3 Sentries","floor":6,"turns":7},{"damage":0,"enemies":"Exordium Wildlife","floor":8,"turns":2},{"damage":6,"enemies":"Looter","floor":10,"turns":3},{"damage":0,"enemies":"Lagavulin","floor":11,"turns":4},{"damage":5,"enemies":"2 Fungi Beasts","floor":13,"turns":3},{"damage":20,"enemies":"Gremlin Nob","floor":14,"turns":5},{"damage":33,"enemies":"Slime Boss","floor":16,"turns":5},{"damage":14,"enemies":"2 Thieves","floor":18,"turns":4},{"damage":47,"enemies":"Masked Bandits","floor":21,"turns":7},{"damage":48,"enemies":"Gremlin Leader","floor":24,"turns":5}],"seed_played":"7333535031830912379","potions_obtained":[{"floor":1,"key":"SpeedPotion"},{"floor":2,"key":"LiquidMemories"},{"floor":8,"key":"ElixirPotion"},{"floor":11,"key":"ColorlessPotion"},{"floor":13,"key":"SneckoOil"},{"floor":21,"key":"PowerPotion"}],"is_trial":false,"path_per_floor":["M","M","?","M","$","E","R","M","T","M","E","R","M","E","R","B",null,"M","$","?","?","$","R","E"],"character_chosen":"IRONCLAD","items_purchased":["Shrug It Off","Trip","Orrery","Shrug It Off"],"campfire_rested":0,"item_purchase_floors":[5,5,19,22],"current_hp_per_floor":[60,52,27,33,33,17,17,23,23,23,29,29,35,26,26,24,68,63,63,63,28,28,28,0,0],"gold":67,"neow_bonus":"TEN_PERCENT_HP_BONUS","is_daily":false,"chose_seed":false,"campfire_upgraded":4,"win_rate":0.0,"timestamp":1613180382,"path_taken":["M","M","?","M","$","E","R","M","T","M","E","R","M","E","R","BOSS","M","$","?","?","?","R","E"],"items_purchased_type":["Card","Card","Relic","Card"],"build_version":"2020-12-22","purchased_purges":0,"victory":false,"max_hp_per_floor":[82,82,82,82,82,82,82,82,82,82,82,82,82,82,82,82,82,85,85,85,91,91,91,91,91],"relic_stats":{"counters":[13,56],"Pantograph":25,"Kunai":[3],"Orichalcum":[78],"obtain_stats":[{"Runic Dome":17,"Pantograph":14,"Orrery":19,"Red Mask":21,"Kunai":11,"Orichalcum":6,"Burning Blood":0,"Toy Ornithopter":9},{"Runic Dome":10,"Pantograph":9,"Orrery":11,"Red Mask":12,"Kunai":7,"Orichalcum":4,"Burning Blood":0,"Toy Ornithopter":5},{"Runic Dome":40,"Pantograph":35,"Orrery":44,"Red Mask":51,"Kunai":27,"Orichalcum":18,"Burning Blood":0,"Toy Ornithopter":20}],"Burning Blood":72,"Toy Ornithopter":20},"card_choices":[{"not_picked":["Dual Wield","Havoc"],"picked":"Sword Boomerang","floor":1},{"not_picked":["Dual Wield","Power Through"],"picked":"Perfected Strike","floor":2},{"not_picked":["Wild Strike","Rampage"],"picked":"Twin Strike","floor":4},{"not_picked":["Sword Boomerang","Armaments"],"picked":"Headbutt","floor":6},{"not_picked":["Wild Strike","Iron Wave"],"picked":"Demon Form","floor":8},{"not_picked":["Warcry","Armaments"],"picked":"Spot Weakness","floor":10},{"not_picked":["Sentinel","Havoc"],"picked":"Shrug It Off","floor":11},{"not_picked":["Heavy Blade","Battle Trance"],"picked":"Impervious","floor":13},{"not_picked":["Heavy Blade","Warcry"],"picked":"Pommel Strike","floor":14},{"not_picked":["Offering","Demon Form"],"picked":"Feed","floor":16},{"not_picked":["Flex","Twin Strike","Sword Boomerang"],"picked":"SKIP","floor":18},{"not_picked":["Headbutt","Armaments"],"picked":"Feed","floor":19},{"not_picked":["Heavy Blade","True Grit"],"picked":"Dark Embrace","floor":19},{"not_picked":["Sword Boomerang","Dual Wield"],"picked":"Perfected Strike","floor":19},{"not_picked":["Flex","Entrench"],"picked":"Thunderclap","floor":21}],"player_experience":961428,"relics_obtained":[{"floor":6,"key":"Orichalcum"},{"floor":9,"key":"Toy Ornithopter"},{"floor":11,"key":"Kunai"},{"floor":14,"key":"Pantograph"},{"floor":21,"key":"Red Mask"}],"event_choices":[{"damage_healed":0,"gold_gain":0,"player_choice":"Entered Light","damage_taken":25,"max_hp_gain":0,"max_hp_loss":0,"event_name":"Shining Light","floor":3,"gold_loss":0,"cards_upgraded":["Sword Boomerang","Strike_R"]},{"damage_healed":0,"gold_gain":0,"player_choice":"Read","damage_taken":0,"max_hp_gain":0,"max_hp_loss":0,"event_name":"The Library","floor":20,"gold_loss":0,"cards_obtained":["Whirlwind"]},{"damage_healed":0,"gold_gain":0,"player_choice":"Fought Bandits","damage_taken":0,"max_hp_gain":0,"max_hp_loss":0,"event_name":"Masked Bandits","floor":21,"gold_loss":0}],"is_beta":false,"boss_relics":[{"not_picked":["Sozu","Fusion Hammer"],"picked":"Runic Dome"}],"items_purged_floors":[],"is_endless":false,"potions_floor_spawned":[1,2,8,11,13,21],"killed_by":"Gremlin Leader","ascension_level":20}}