{"host":"10hinapzqlh39548","time":1613243050,"event":{"mods":["BaseMod","Colored Powertips","Minty Spire (QoL Compilation)","MostiFishMod","Reliquary","Replay The Spire","StSLib","The Runesmith"],"gold_per_floor":[113,127,142,159,173,173,19,47,47,66,66,80,99,99,99,194,194,213,29,47,63,113,146,161,179,206,220,220,246,246,263,263,363,363,376,394,442,161,179,179,207,207,230,241,261,271,288,288,288,288,288,288,225,253,253],"floor_reached":56,"language":"ENG","playtime":6442,"items_purged":["Runesmith:Strike_RS","Runesmith:Strike_RS","Runesmith:Strike_RS"],"score":1206,"play_id":"9ca3e346-1cb8-4e49-92ff-e8cabe2415b5","local_time":"20210213200410","is_ascension_mode":false,"campfire_choices":[{"data":"Runesmith:Firestorm","floor":6,"key":"SMITH"},{"floor":15,"key":"REST"},{"data":"Runesmith:Grindstone","floor":28,"key":"SMITH"},{"data":"Runesmith:CraftMagma","floor":32,"key":"SMITH"},{"data":"Runesmith:PoweredAnvil","floor":40,"key":"SMITH"},{"data":"Runesmith:Grindstone","floor":42,"key":"SMITH"},{"floor":49,"key":"RECALL"},{"data":"Pot Of Greed","floor":52,"key":"SMITH"}],"circlet_count":0,"master_deck":["Runesmith:Defend_RS","Runesmith:Defend_RS","Runesmith:Defend_RS","Runesmith:Defend_RS","Runesmith:CraftFirestone","Runesmith:Fortify","Runesmith:ChiselStab","Runesmith:Accelerate+1","Runesmith:HeatExchange","Runesmith:Firestorm+1","Runesmith:HeatedChisel","Runesmith:Attraction+1","Runesmith:DoubleUp","Runesmith:Grindstone+1","Runesmith:CraftMagma","ReplayTheSpireMod:Private Reserves","Runesmith:EarthShield+1","Runesmith:HeatedChisel","Pot Of Greed+1","Pot Of Greed","Runesmith:CraftMagma+1","Runesmith:Firestorm+1","Runesmith:CreatorForm","Pot Of Greed","Runesmith:Grindstone+1","Runesmith:PoweredAnvil+1","Runesmith:HeatedChisel+1","Parasite","Runesmith:Grindstone","Runesmith:PoweredAnvil","Runesmith:Accelerate"],"relics":["Runesmith:BrokenRuby","DaveBox","NeowsBlessing","Membership Card","SynthV:TestCard","DianPoetry","HollowDreamFlower","RhineCircuit","Guide Book","reliquary:FerryPass","Grinning Jar","Ice Cream","Sozu","ThornShield","reliquary:Firecrackers","SynthV","Quantum Egg","Replay:Baseball","Garlic"],"acts_visited":["Exordium","TheCity","TheBeyond","TheEnding"],"potions_floor_usage":[11,14,50,55],"damage_taken":[{"damage":0,"enemies":"Cultist","floor":1,"turns":1},{"damage":0,"enemies":"Jaw Worm","floor":2,"turns":1},{"damage":0,"enemies":"2 Louse","floor":3,"turns":1},{"damage":34,"enemies":"Gremlin Gang","floor":4,"turns":4},{"damage":15,"enemies":"3 Louse","floor":5,"turns":3},{"damage":15,"enemies":"Lagavulin","floor":8,"turns":5},{"damage":7,"enemies":"2 Fungi Beasts","floor":10,"turns":4},{"damage":3,"enemies":"Blue Slaver","floor":12,"turns":2},{"damage":0,"enemies":"Large Slime","floor":13,"turns":4},{"damage":0,"enemies":"Lots of Slimes","floor":14,"turns":1},{"damage":12,"enemies":"Hexaghost","floor":16,"turns":9},{"damage":5,"enemies":"3 Byrds","floor":18,"turns":3},{"damage":13,"enemies":"2 Thieves","floor":20,"turns":3},{"damage":16,"enemies":"Shelled Parasite and Fungi","floor":21,"turns":5},{"damage":37,"enemies":"Gremlin Leader","floor":23,"turns":7},{"damage":10,"enemies":"Sentry and Sphere","floor":24,"turns":6},{"damage":3,"enemies":"Centurion and Healer","floor":25,"turns":7},{"damage":1,"enemies":"Shelled Parasite and Fungi","floor":27,"turns":5},{"damage":3,"enemies":"Book of Stabbing","floor":29,"turns":5},{"damage":0,"enemies":"Snecko","floor":31,"turns":5},{"damage":7,"enemies":"Automaton","floor":33,"turns":8},{"damage":0,"enemies":"3 Shapes","floor":35,"turns":4},{"damage":12,"enemies":"3 Darklings","floor":36,"turns":5},{"damage":21,"enemies":"2 Orb Walkers","floor":37,"turns":5},{"damage":3,"enemies":"Jaw Worm Horde","floor":39,"turns":5},{"damage":0,"enemies":"R_Hoarder","floor":41,"turns":7},{"damage":13,"enemies":"4 Shapes","floor":44,"turns":3},{"damage":0,"enemies":"Writhing Mass","floor":45,"turns":4},{"damage":23,"enemies":"Jaw Worm Horde","floor":46,"turns":4},{"damage":7,"enemies":"Spire Growth","floor":47,"turns":5},{"damage":12,"enemies":"Donu and Deca","floor":50,"turns":7},{"damage":30,"enemies":"Shield and Spear","floor":54,"turns":7},{"damage":45,"enemies":"The Heart","floor":55,"turns":9}],"seed_played":"5507003503758373667","potions_obtained":[{"floor":2,"key":"BlessingOfTheForge"},{"floor":5,"key":"SmokeBomb"},{"floor":8,"key":"PowerPotion"},{"floor":11,"key":"Fruit Juice"},{"floor":11,"key":"LifebloodPotion"},{"floor":18,"key":"AttackPotion"}],"is_trial":false,"path_per_floor":["M","M","M","M","M","R","$","E","T","M","?","M","M","M","R","B",null,"M","$","M","M","?","E","M","M","T","M","R","E","?","M","R","B",null,"M","M","?","$","M","R","E","R","T","M","M","M","M","?","R","B",null,"R","$","E","B",null],"character_chosen":"RUNESMITH_CLASS","items_purchased":["DianPoetry","Runesmith:CraftMagma","Guide Book","ReplayTheSpireMod:Private Reserves","reliquary:Firecrackers","SynthV","Runesmith:PoweredAnvil"],"campfire_rested":1,"item_purchase_floors":[7,19,19,19,38,38,38],"current_hp_per_floor":[70,70,70,36,21,21,21,6,6,3,8,9,13,17,39,31,75,70,70,61,49,49,16,10,11,11,14,14,15,15,19,19,16,75,75,63,46,46,47,47,51,51,51,42,46,27,24,24,24,16,75,75,75,45,4],"gold":253,"neow_bonus":"THREE_ENEMY_KILL","is_daily":false,"chose_seed":false,"campfire_upgraded":6,"win_rate":0.0,"timestamp":1613243050,"path_taken":["M","M","M","?","M","R","$","E","T","M","?","M","M","?","R","BOSS","M","$","M","M","?","E","M","?","T","M","R","E","?","M","R","BOSS","M","M","?","$","M","R","E","R","T","M","M","M","M","?","R","BOSS","R","$","E","BOSS"],"items_purchased_type":["Relic","Card","Relic","Card","Relic","Relic","Card"],"build_version":"2020-12-22","purchased_purges":3,"victory":true,"max_hp_per_floor":[70,70,70,70,70,70,70,70,70,70,75,75,75,75,75,75,75,75,75,75,75,75,75,75,75,75,75,75,75,75,75,75,75,75,75,75,75,75,75,75,75,75,75,75,75,75,75,75,75,75,75,75,75,75,75],"card_choices":[{"not_picked":["Runesmith:ShiftingStrike","Runesmith:Firewall"],"picked":"Runesmith:ChiselStab","floor":1},{"not_picked":["Runesmith:ChiselStab","Runesmith:EnergizedChisel","Runesmith:CraftProtectio","Runesmith:Duplicate"],"picked":"Runesmith:Accelerate","floor":2},{"not_picked":["Runesmith:BackupBattery","Runesmith:Discharge","Runesmith:FieryHammer","Runesmith:OneForEveryone"],"picked":"Runesmith:HeatExchange","floor":3},{"not_picked":["Runesmith:HammerAndChisel","Runesmith:FrozenChisel","Runesmith:EarthShield","Runesmith:CraftProtectio"],"picked":"Runesmith:Firestorm","floor":4},{"not_picked":["Runesmith:Repurpose","Runesmith:ChaoticBlast","Runesmith:HammerThrow","Runesmith:Electrocute"],"picked":"Runesmith:HeatedChisel","floor":5},{"not_picked":["Runesmith:OneForEveryone","Runesmith:NanitesCloud","Runesmith:Duplicate","Runesmith:Overpower"],"picked":"Runesmith:Attraction","floor":8},{"not_picked":["Runesmith:StaticCage","Runesmith:MakeshiftArmor","Runesmith:CraftVitae","Runesmith:HammerThrow"],"picked":"Runesmith:DoubleUp","floor":10},{"not_picked":["Runesmith:RuneHurl","Runesmith:Refine","Runesmith:EarthShield","Runesmith:Retool","Runesmith:Empowerment"],"picked":"SKIP","floor":12},{"not_picked":["Runesmith:StaticCage","Runesmith:CraftReservo","Runesmith:EarthShield","Runesmith:DuctTape"],"picked":"Runesmith:Grindstone","floor":13},{"not_picked":["Runesmith:UnstableHammer+1","Runesmith:StaticCage","Runesmith:Repurpose","Runesmith:PerfectChisel","Runesmith:BackupBattery"],"picked":"SKIP","floor":18},{"not_picked":["Runesmith:ChiselStab","Runesmith:BackupBattery","Runesmith:Electrocute","Runesmith:CraftMagma+1"],"picked":"Runesmith:EarthShield+1","floor":20},{"not_picked":["Runesmith:UnstableHammer","Runesmith:BackupBattery","Runesmith:Firewall","Runesmith:Retool"],"picked":"Runesmith:HeatedChisel","floor":21},{"not_picked":["Runesmith:WhiteBalance","Runesmith:ChargedHammer+1","Runesmith:ShiftingStrike","Runesmith:MakeshiftArmor+1","Runesmith:CraftProtectio"],"picked":"SKIP","floor":23},{"not_picked":["Runesmith:FieryHammer","Runesmith:Overpower","Runesmith:HammerThrow","Runesmith:StaticCage","Runesmith:Electrocute"],"picked":"SKIP","floor":24},{"not_picked":["Runesmith:CraftProtectio","Runesmith:RuneHurl","Runesmith:EarthShield+1","Runesmith:LastStand","Runesmith:HeatedChisel"],"picked":"SKIP","floor":25},{"not_picked":["Runesmith:RuneHurl","Runesmith:CraftIncendium+1","Runesmith:UnstableHammer+1","Runesmith:BackupBattery","Runesmith:HeatExchange"],"picked":"SKIP","floor":27},{"not_picked":["Runesmith:BackupBattery+1","Runesmith:StaticCage","Runesmith:UnstableHammer","Runesmith:HeatExchange"],"picked":"Runesmith:CraftMagma","floor":29},{"not_picked":["Runesmith:RuneHurl","Runesmith:LastStand","Runesmith:Superposition","Runesmith:Terraform+1"],"picked":"Runesmith:Firestorm+1","floor":31},{"not_picked":["Runesmith:CraftPrismatica","Runesmith:LastStand","Runesmith:Supernova","Runesmith:ReplicatingBarrier"],"picked":"Runesmith:CreatorForm","floor":33},{"not_picked":["Runesmith:StaticCage","Runesmith:CraftProtectio","Runesmith:CraftIncendium+1","Runesmith:HeatedChisel","Runesmith:UnstableHammer+1"],"picked":"SKIP","floor":35},{"not_picked":["Runesmith:EnergizedChisel+1","Runesmith:Repurpose","Runesmith:Accelerate+1","Runesmith:Empowerment"],"picked":"Runesmith:Grindstone","floor":36},{"not_picked":["Runesmith:Attraction+1","Runesmith:Repurpose","Runesmith:Electrocute","Runesmith:FissionHammer","Runesmith:LithiumIon"],"picked":"SKIP","floor":39},{"not_picked":["Runesmith:NanitesCloud+1","Runesmith:Repurpose+1","Runesmith:Firewall+1","Runesmith:CraftIncendium+1","Runesmith:LightningRod"],"picked":"SKIP","floor":41},{"not_picked":["Runesmith:EnergizedChisel","Runesmith:ChaoticBlast","Runesmith:BackupBattery+1","Runesmith:MakeshiftArmor"],"picked":"Runesmith:HeatedChisel+1","floor":44},{"not_picked":["Runesmith:StaticCage","Runesmith:Superposition+1","Runesmith:CraftMagma+1","Runesmith:HeatExchange","Runesmith:Overpower"],"picked":"SKIP","floor":45},{"not_picked":["Runesmith:CraftProtectio+1","Runesmith:DuctTape","Runesmith:Repurpose+1","Runesmith:HammerTime"],"picked":"Runesmith:Grindstone","floor":46},{"not_picked":["Runesmith:LithiumIon","Runesmith:EnergizedChisel","Runesmith:Discharge","Runesmith:Terraform+1"],"picked":"Runesmith:PoweredAnvil","floor":47},{"not_picked":["Runesmith:ChaoticBlast","Runesmith:HammerTime","Runesmith:HammerThrow+1","Runesmith:FieryHammer"],"picked":"Runesmith:Accelerate","floor":54}],"player_experience":1199758,"relics_obtained":[{"floor":1,"key":"SynthV:TestCard"},{"floor":8,"key":"HollowDreamFlower"},{"floor":23,"key":"reliquary:FerryPass"},{"floor":26,"key":"Grinning Jar"},{"floor":29,"key":"Ice Cream"},{"floor":37,"key":"ThornShield"},{"floor":41,"key":"Quantum Egg"},{"floor":43,"key":"Replay:Baseball"},{"floor":54,"key":"Garlic"}],"event_choices":[{"damage_healed":0,"gold_gain":0,"player_choice":"Got Potions","damage_taken":0,"max_hp_gain":0,"max_hp_loss":0,"event_name":"Lab","floor":11,"gold_loss":0},{"damage_healed":0,"gold_gain":100,"player_choice":"Bet on Murderer","damage_taken":0,"max_hp_gain":0,"max_hp_loss":0,"event_name":"The Joust","floor":22,"gold_loss":50},{"cards_removed":["Runesmith:Strike_RS"],"damage_healed":0,"gold_gain":0,"player_choice":"Elegance","damage_taken":0,"max_hp_gain":0,"max_hp_loss":0,"event_name":"Back to Basics","floor":30,"gold_loss":0},{"damage_healed":0,"gold_gain":0,"player_choice":"Fight","damage_taken":0,"max_hp_gain":0,"max_hp_loss":0,"event_name":"Mysterious Sphere","floor":37,"gold_loss":0},{"damage_healed":0,"gold_gain":0,"player_choice":"Ignored","damage_taken":0,"max_hp_gain":0,"max_hp_loss":0,"event_name":"Tomb of Lord Red Mask","floor":48,"gold_loss":0}],"is_beta":false,"boss_relics":[{"not_picked":["Philosopher\u0027s Stone","Abe\u0027s Treasure"],"picked":"RhineCircuit"},{"not_picked":["reliquary:RedPaperclip","GuanYuAspect"],"picked":"Sozu"}],"items_purged_floors":[19,38,53],"is_endless":false,"potions_floor_spawned":[2,5,8,12,14,18,21,25,33,35,37,44,45],"ascension_level":0}}