{"host":"raaimkojny05jekw","time":1613218278,"event":{"mods":["AchievementEnabler","BaseMod","Colored Map","Colored Powertips","DeckTracker","Minty Spire (QoL Compilation)","Quick Restart","Rare Cards Sparkle","everything is the same but u backflip on backflip"],"gold_per_floor":[116,291,301,33,33,33,59,59,112,112,124,149,99,118,118,222,222,238,238,153,153,168,168,200,215,240,240,86,86,96,106,106,209,209,229,229,129,129,179,179,4,17,98,98,98,98,131,149,149,149],"floor_reached":51,"language":"KOR","playtime":1432,"items_purged":["Doubt","Perfected Strike","Sever Soul"],"score":955,"play_id":"6620f24d-8d22-4186-a717-5da56e8ebccd","local_time":"20210213211118","is_ascension_mode":true,"campfire_choices":[{"data":"Bash","floor":6,"key":"SMITH"},{"data":"Offering","floor":8,"key":"SMITH"},{"data":"Inflame","floor":15,"key":"SMITH"},{"data":"Berserk","floor":23,"key":"SMITH"},{"data":"Battle Trance","floor":27,"key":"SMITH"},{"data":"Bloodletting","floor":29,"key":"SMITH"},{"data":"Strike_R","floor":32,"key":"PURGE"},{"data":"Double Tap","floor":40,"key":"SMITH"},{"floor":44,"key":"RECALL"},{"data":"Heavy Blade","floor":46,"key":"SMITH"},{"floor":49,"key":"DIG"}],"circlet_count":0,"master_deck":["Bash+1","Reaper","Bloodletting+1","Carnage+1","Offering+1","Inflame+1","Sword Boomerang","Shockwave","Sword Boomerang","Battle Trance+1","Berserk+1","Shrug It Off+1","Havoc+1","Metallicize","Intimidate+1","Inflame+1","Double Tap+1","Shockwave","Impervious","Thunderclap","Fire Breathing","Sadistic Nature","Heavy Blade+1","Whirlwind"],"relics":["Burning Blood","Shovel","Nunchaku","Darkstone Periapt","Shuriken","Sozu","Ornamental Fan","Peace Pipe","Akabeko","Brimstone","Pandora\u0027s Box","FossilizedHelix","Kunai","Omamori","StrikeDummy"],"acts_visited":["Exordium","TheCity","TheBeyond"],"potions_floor_usage":[7,12,16,33],"damage_taken":[{"damage":7,"enemies":"Jaw Worm","floor":1,"turns":3},{"damage":3,"enemies":"Small Slimes","floor":3,"turns":5},{"damage":3,"enemies":"Gremlin Nob","floor":7,"turns":2},{"damage":2,"enemies":"2 Louse","floor":11,"turns":3},{"damage":24,"enemies":"3 Sentries","floor":12,"turns":5},{"damage":6,"enemies":"Looter","floor":14,"turns":1},{"damage":32,"enemies":"The Guardian","floor":16,"turns":4},{"damage":10,"enemies":"Spheric Guardian","floor":18,"turns":3},{"damage":16,"enemies":"Shell Parasite","floor":22,"turns":3},{"damage":14,"enemies":"Slavers","floor":24,"turns":4},{"damage":9,"enemies":"Snecko","floor":25,"turns":2},{"damage":10,"enemies":"Chosen and Byrds","floor":30,"turns":4},{"damage":40,"enemies":"Snake Plant","floor":31,"turns":3},{"damage":19,"enemies":"Automaton","floor":33,"turns":5},{"damage":9,"enemies":"Orb Walker","floor":35,"turns":1},{"damage":6,"enemies":"Mind Bloom Boss Battle","floor":39,"turns":2},{"damage":0,"enemies":"3 Shapes","floor":42,"turns":2},{"damage":6,"enemies":"Nemesis","floor":47,"turns":3},{"damage":6,"enemies":"Writhing Mass","floor":48,"turns":3},{"damage":75,"enemies":"Awakened One","floor":50,"turns":6}],"seed_played":"690651452886260746","potions_obtained":[{"floor":3,"key":"LiquidMemories"},{"floor":7,"key":"Explosive Potion"},{"floor":12,"key":"DuplicationPotion"},{"floor":16,"key":"EssenceOfSteel"}],"is_trial":false,"path_per_floor":["M","?","M","$","?","R","E","R","T","?","M","E","?","M","R","B",null,"M","?","?","?","M","R","E","M","T","R","$","R","M","M","R","B",null,"M","?","$","?","?","R","$","M","T","R","?","R","E","M","R","B",null],"character_chosen":"IRONCLAD","items_purchased":["Offering","Inflame","Brimstone","Heavy Blade"],"campfire_rested":0,"item_purchase_floors":[4,4,28,41],"current_hp_per_floor":[71,71,72,72,72,72,72,72,72,69,72,67,67,67,67,53,67,68,68,68,68,58,58,72,72,72,72,72,72,72,54,54,67,71,68,68,68,63,72,72,72,72,72,72,72,72,72,72,72,19],"gold":149,"neow_bonus":"THREE_RARE_CARDS","is_daily":false,"chose_seed":false,"campfire_upgraded":8,"win_rate":0.0,"timestamp":1613218278,"path_taken":["M","?","M","$","?","R","E","R","T","?","M","E","?","M","R","BOSS","M","?","?","?","M","R","E","M","T","R","$","R","M","M","R","BOSS","M","?","$","?","?","R","$","M","T","R","?","R","E","M","R","BOSS"],"items_purchased_type":["Card","Card","Relic","Card"],"build_version":"2020-12-22","purchased_purges":3,"victory":true,"max_hp_per_floor":[72,72,72,72,72,72,72,72,72,72,72,72,72,72,72,72,72,72,72,72,72,72,72,72,72,72,72,72,72,72,72,72,72,72,72,72,72,72,72,72,72,72,72,72,72,72,72,72,72,72],"card_choices":[{"not_picked":["Demon Form","Juggernaut"],"picked":"Reaper","floor":0},{"not_picked":["Armaments","Shrug It Off"],"picked":"Bloodletting","floor":1},{"not_picked":["Armaments","Pommel Strike"],"picked":"Carnage","floor":3},{"not_picked":["Body Slam","Havoc"],"picked":"Sword Boomerang","floor":7},{"not_picked":["Headbutt","Sentinel"],"picked":"Shockwave","floor":11},{"not_picked":["Dropkick","Uppercut"],"picked":"Sword Boomerang","floor":12},{"not_picked":["Reaper","Disarm"],"picked":"Battle Trance","floor":14},{"not_picked":["Demon Form","Fiend Fire"],"picked":"Berserk","floor":16},{"not_picked":["True Grit","Twin Strike"],"picked":"Shrug It Off+1","floor":18},{"not_picked":["Twin Strike","Body Slam"],"picked":"Havoc+1","floor":22},{"not_picked":["Clothesline","Cleave","Corruption"],"picked":"SKIP","floor":24},{"not_picked":["Iron Wave","True Grit"],"picked":"Metallicize","floor":25},{"not_picked":["Rupture","Twin Strike+1"],"picked":"Intimidate+1","floor":30},{"not_picked":["Evolve","Second Wind"],"picked":"Inflame+1","floor":31},{"not_picked":["Feed","Berserk"],"picked":"Double Tap","floor":33},{"not_picked":["Anger","Clash+1","Twin Strike+1"],"picked":"SKIP","floor":35},{"not_picked":["Dramatic Entrance","Magnetism"],"picked":"Sadistic Nature","floor":38},{"not_picked":["Whirlwind","Clash","Iron Wave"],"picked":"SKIP","floor":42},{"not_picked":["Clash","Iron Wave"],"picked":"Whirlwind","floor":42},{"not_picked":["Heavy Blade","Flex+1","Dropkick+1"],"picked":"SKIP","floor":47},{"not_picked":["Second Wind","Warcry","Flex+1"],"picked":"SKIP","floor":48}],"player_experience":744066,"relics_obtained":[{"floor":7,"key":"Shovel"},{"floor":9,"key":"Nunchaku"},{"floor":12,"key":"Shuriken"},{"floor":24,"key":"Peace Pipe"},{"floor":26,"key":"Akabeko"},{"floor":39,"key":"FossilizedHelix"},{"floor":43,"key":"Kunai"},{"floor":47,"key":"Omamori"},{"floor":49,"key":"StrikeDummy"}],"event_choices":[{"damage_healed":0,"gold_gain":175,"player_choice":"AGREE","damage_taken":0,"max_hp_gain":0,"max_hp_loss":0,"event_name":"Liars Game","floor":2,"gold_loss":0,"cards_obtained":["Doubt"]},{"damage_healed":0,"gold_gain":0,"player_choice":"Grow","damage_taken":0,"max_hp_gain":0,"max_hp_loss":0,"event_name":"Living Wall","floor":5,"gold_loss":0,"cards_upgraded":["Carnage"]},{"damage_healed":0,"gold_gain":0,"player_choice":"Success","damage_taken":3,"relics_obtained":["Darkstone Periapt"],"max_hp_gain":0,"max_hp_loss":0,"event_name":"Scrap Ooze","floor":10,"gold_loss":0},{"cards_removed":["Strike_R"],"damage_healed":0,"gold_gain":0,"player_choice":"Card Removal","damage_taken":0,"max_hp_gain":0,"max_hp_loss":0,"event_name":"The Cleric","floor":13,"gold_loss":50},{"damage_healed":0,"gold_gain":0,"player_choice":"Ignored","damage_taken":0,"max_hp_gain":0,"max_hp_loss":0,"event_name":"Ghosts","floor":19,"gold_loss":0},{"damage_healed":0,"gold_gain":0,"player_choice":"Obtained Relic","damage_taken":0,"relics_obtained":["Ornamental Fan"],"max_hp_gain":0,"max_hp_loss":0,"event_name":"Addict","floor":20,"gold_loss":85},{"damage_healed":0,"gold_gain":0,"player_choice":"Ignored","damage_taken":0,"max_hp_gain":0,"max_hp_loss":0,"event_name":"Vampires","floor":21,"gold_loss":0},{"damage_healed":0,"gold_gain":0,"player_choice":"Ignored","damage_taken":0,"max_hp_gain":0,"max_hp_loss":0,"event_name":"Tomb of Lord Red Mask","floor":36,"gold_loss":0},{"damage_healed":0,"gold_gain":0,"player_choice":"Memory 2","damage_taken":5,"max_hp_gain":0,"max_hp_loss":0,"event_name":"SensoryStone","floor":38,"gold_loss":0},{"damage_healed":0,"gold_gain":0,"player_choice":"Fight","damage_taken":0,"max_hp_gain":0,"max_hp_loss":0,"event_name":"MindBloom","floor":39,"gold_loss":0},{"cards_removed":["Feed"],"damage_healed":0,"gold_gain":0,"player_choice":"Purged","damage_taken":0,"max_hp_gain":0,"max_hp_loss":0,"event_name":"Purifier","floor":45,"gold_loss":0}],"is_beta":false,"boss_relics":[{"not_picked":["Calling Bell","Empty Cage"],"picked":"Sozu"},{"not_picked":["Runic Pyramid","Mark of Pain"],"picked":"Pandora\u0027s Box"}],"items_purged_floors":[4,37,41],"is_endless":false,"potions_floor_spawned":[3,7,12,16,18,22,25,30,33,35,39,48],"ascension_level":5}}