{"host":"x05n69rv5q9mps34","time":1613255662,"event":{"mods":["AchievementEnabler","BaseMod","Colored Map","Minty Spire (QoL Compilation)","SuperFastMode"],"gold_per_floor":[112,126,126,137,147,147,179,179,179,191,191,191,226,239,239,336,336,346,36,36,36,52,52,70,98,124,143,160,172,122,141,141,244,244,255,255,268,284,330,330,350,350,350,350,365,415,415,428,428,428,428,428,60,90,90],"floor_reached":56,"language":"ENG","playtime":5595,"items_purged":["Bite+1"],"score":1694,"play_id":"3af08cc1-ad0f-4edc-9833-f1eeb0d47c62","local_time":"20210213203422","is_ascension_mode":true,"campfire_choices":[{"floor":6,"key":"REST"},{"data":"Dropkick","floor":8,"key":"SMITH"},{"floor":15,"key":"REST"},{"data":"Battle Trance","floor":23,"key":"SMITH"},{"floor":32,"key":"REST"},{"floor":40,"key":"REST"},{"floor":44,"key":"RECALL"},{"floor":47,"key":"REST"},{"floor":49,"key":"REST"},{"floor":52,"key":"REST"}],"circlet_count":0,"master_deck":["AscendersBane","Defend_R","Defend_R+1","Defend_R","Defend_R","Bash","CurseOfTheBell","Dropkick+1","Combust","Shrug It Off","Clash","Sever Soul+1","Headbutt+1","Demon Form","Uppercut+1","Double Tap","Metallicize","Rupture","Impervious","Disarm","Power Through","Body Slam+1","Battle Trance+1","Bite+1","Bite+1","Bite+1","Bite+1","Limit Break","Burning Pact","Shrug It Off","Feed+1","Power Through","Fire Breathing+1","Evolve","Apotheosis","Heavy Blade+1","Juggernaut"],"relics":["Calling Bell","Blue Candle","Champion Belt","Incense Burner","Molten Egg 2","Darkstone Periapt","Turnip","Velvet Choker","Orrery","Enchiridion","Singing Bowl","Pen Nib","Busted Crown","Calipers","Dead Branch","Mummified Hand","Self Forming Clay"],"acts_visited":["Exordium","TheCity","TheBeyond","TheEnding"],"potions_floor_usage":[7,13,25,25,37,46,48,55],"damage_taken":[{"damage":3,"enemies":"Cultist","floor":1,"turns":4},{"damage":8,"enemies":"Small Slimes","floor":2,"turns":4},{"damage":5,"enemies":"Jaw Worm","floor":4,"turns":4},{"damage":6,"enemies":"Exordium Thugs","floor":5,"turns":5},{"damage":16,"enemies":"Lagavulin","floor":7,"turns":6},{"damage":4,"enemies":"Blue Slaver","floor":10,"turns":3},{"damage":33,"enemies":"Gremlin Nob","floor":13,"turns":5},{"damage":2,"enemies":"3 Louse","floor":14,"turns":3},{"damage":19,"enemies":"Slime Boss","floor":16,"turns":8},{"damage":5,"enemies":"3 Byrds","floor":18,"turns":5},{"damage":10,"enemies":"Shell Parasite","floor":22,"turns":6},{"damage":21,"enemies":"Cultist and Chosen","floor":24,"turns":6},{"damage":25,"enemies":"Book of Stabbing","floor":25,"turns":4},{"damage":13,"enemies":"Snecko","floor":27,"turns":4},{"damage":17,"enemies":"3 Cultists","floor":28,"turns":6},{"damage":1,"enemies":"Shelled Parasite and Fungi","floor":29,"turns":2},{"damage":0,"enemies":"Snake Plant","floor":31,"turns":4},{"damage":41,"enemies":"Champ","floor":33,"turns":7},{"damage":0,"enemies":"Orb Walker","floor":35,"turns":2},{"damage":22,"enemies":"3 Darklings","floor":37,"turns":5},{"damage":6,"enemies":"Transient","floor":38,"turns":5},{"damage":68,"enemies":"2 Orb Walkers","floor":39,"turns":5},{"damage":4,"enemies":"Maw","floor":41,"turns":7},{"damage":29,"enemies":"Spire Growth","floor":45,"turns":5},{"damage":24,"enemies":"Mind Bloom Boss Battle","floor":46,"turns":7},{"damage":42,"enemies":"Jaw Worm Horde","floor":48,"turns":4},{"damage":85,"enemies":"Awakened One","floor":50,"turns":14},{"damage":67,"enemies":"Shield and Spear","floor":54,"turns":9},{"damage":70,"enemies":"The Heart","floor":55,"turns":8}],"seed_played":"-7229371127515981396","potions_obtained":[{"floor":1,"key":"Fire Potion"},{"floor":10,"key":"Regen Potion"},{"floor":13,"key":"FearPotion"},{"floor":16,"key":"Regen Potion"},{"floor":28,"key":"Explosive Potion"},{"floor":29,"key":"ColorlessPotion"},{"floor":33,"key":"LiquidBronze"},{"floor":45,"key":"EssenceOfSteel"},{"floor":46,"key":"ColorlessPotion"},{"floor":48,"key":"FairyPotion"}],"is_trial":false,"path_per_floor":["M","M","?","M","M","R","E","R","T","M","?","?","E","M","R","B",null,"M","$","?","?","M","R","M","E","T","M","M","M","?","M","R","B",null,"M","?","M","M","?","R","M","?","T","R","M","?","R","M","R","B",null,"R","$","E","B",null],"character_chosen":"IRONCLAD","items_purchased":["Rupture","Impervious","Orrery","Mummified Hand","Heavy Blade+1"],"campfire_rested":7,"item_purchase_floors":[19,19,19,53,53],"current_hp_per_floor":[71,65,40,37,33,57,43,43,43,41,41,25,8,8,32,15,64,61,61,45,45,50,50,44,40,40,30,33,34,34,42,67,41,75,75,75,71,71,21,49,66,66,66,66,45,44,73,43,74,25,84,104,104,49,35],"gold":90,"neow_bonus":"BOSS_RELIC","is_daily":false,"chose_seed":false,"campfire_upgraded":2,"win_rate":0.0,"timestamp":1613255662,"path_taken":["M","?","?","M","M","R","E","R","T","M","?","?","E","?","R","BOSS","M","$","?","?","M","R","M","E","T","M","M","M","?","?","R","BOSS","M","?","M","M","?","R","M","?","T","R","M","?","R","M","R","BOSS","R","$","E","BOSS"],"items_purchased_type":["Card","Card","Relic","Relic","Card"],"build_version":"2020-12-22","purchased_purges":1,"victory":true,"max_hp_per_floor":[80,80,80,80,80,80,80,80,80,80,80,80,80,80,80,80,80,80,80,80,80,80,80,80,80,80,80,82,84,84,86,86,86,86,86,82,88,88,94,94,94,94,94,94,96,98,98,104,104,104,104,104,104,104,104],"card_choices":[{"not_picked":["True Grit","Bloodletting"],"picked":"Dropkick","floor":1},{"not_picked":["Flex","Ghostly Armor"],"picked":"Combust","floor":2},{"not_picked":["Bloodletting","Combust"],"picked":"Shrug It Off","floor":4},{"not_picked":["Twin Strike","Havoc"],"picked":"Clash","floor":5},{"not_picked":["Uppercut+1","Body Slam+1"],"picked":"Sever Soul+1","floor":7},{"not_picked":["Sword Boomerang+1","Armaments"],"picked":"Headbutt+1","floor":10},{"not_picked":["Perfected Strike+1","Anger+1"],"picked":"Uppercut+1","floor":13},{"not_picked":["Barricade","Clothesline+1","Body Slam+1"],"picked":"SKIP","floor":14},{"not_picked":["Juggernaut","Demon Form"],"picked":"Double Tap","floor":16},{"not_picked":["Rampage+1","Anger+1"],"picked":"Metallicize","floor":18},{"not_picked":["Rampage+1","Perfected Strike+1"],"picked":"Disarm","floor":19},{"not_picked":["Pommel Strike+1","Body Slam+1"],"picked":"Power Through","floor":19},{"not_picked":["Shockwave+1","Headbutt+1"],"picked":"Body Slam+1","floor":19},{"not_picked":["Reckless Charge+1","Metallicize"],"picked":"Battle Trance","floor":19},{"not_picked":["Reckless Charge+1","Havoc+1","Infernal Blade"],"picked":"SKIP","floor":22},{"not_picked":["Armaments","Pummel+1"],"picked":"Limit Break","floor":24},{"not_picked":["Iron Wave+1","Clash+1"],"picked":"Burning Pact","floor":25},{"not_picked":["Flex","Twin Strike+1"],"picked":"Shrug It Off","floor":27},{"not_picked":["Warcry","Uppercut+1","Wild Strike+1"],"picked":"Singing Bowl","floor":28},{"not_picked":["Pommel Strike+1","True Grit","Perfected Strike+1"],"picked":"Singing Bowl","floor":29},{"not_picked":["Sword Boomerang+1","Shockwave","Iron Wave+1"],"picked":"Singing Bowl","floor":31},{"not_picked":["Corruption","Immolate+1"],"picked":"Feed+1","floor":33},{"not_picked":[],"picked":"Power Through","floor":35},{"not_picked":["Clothesline+1"],"picked":"Singing Bowl","floor":37},{"not_picked":[],"picked":"Fire Breathing+1","floor":38},{"not_picked":["Flex"],"picked":"Singing Bowl","floor":39},{"not_picked":[],"picked":"Evolve","floor":41},{"not_picked":[],"picked":"Apotheosis","floor":42},{"not_picked":["Reckless Charge+1"],"picked":"Singing Bowl","floor":45},{"not_picked":["Perfected Strike+1"],"picked":"Singing Bowl","floor":46},{"not_picked":["True Grit"],"picked":"Singing Bowl","floor":48},{"not_picked":[],"picked":"Juggernaut","floor":54}],"player_experience":979131,"relics_obtained":[{"floor":0,"key":"Blood Vial"},{"floor":0,"key":"Blue Candle"},{"floor":0,"key":"Champion Belt"},{"floor":7,"key":"Molten Egg 2"},{"floor":9,"key":"Darkstone Periapt"},{"floor":13,"key":"Turnip"},{"floor":20,"key":"Enchiridion"},{"floor":25,"key":"Singing Bowl"},{"floor":26,"key":"Pen Nib"},{"floor":39,"key":"Calipers"},{"floor":46,"key":"Dead Branch"},{"floor":54,"key":"Self Forming Clay"}],"event_choices":[{"damage_healed":0,"gold_gain":0,"player_choice":"Success","damage_taken":25,"relics_obtained":["Incense Burner"],"max_hp_gain":0,"max_hp_loss":0,"event_name":"Scrap Ooze","floor":3,"gold_loss":0},{"damage_healed":0,"gold_gain":0,"cards_transformed":["Strike_R"],"player_choice":"Change","damage_taken":0,"max_hp_gain":0,"max_hp_loss":0,"event_name":"Living Wall","floor":11,"gold_loss":0,"cards_obtained":["Demon Form"]},{"damage_healed":0,"gold_gain":0,"player_choice":"Entered Light","damage_taken":16,"max_hp_gain":0,"max_hp_loss":0,"event_name":"Shining Light","floor":12,"gold_loss":0,"cards_upgraded":["Strike_R","Defend_R"]},{"damage_healed":0,"gold_gain":0,"player_choice":"Obtained Book","damage_taken":16,"max_hp_gain":0,"max_hp_loss":0,"event_name":"Cursed Tome","floor":20,"gold_loss":0},{"damage_healed":0,"gold_gain":0,"player_choice":"Became a vampire (Vial)","damage_taken":0,"max_hp_gain":0,"max_hp_loss":0,"event_name":"Vampires","floor":21,"relics_lost":["Blood Vial"],"gold_loss":0,"cards_obtained":["Bite","Bite","Bite","Bite","Bite"]},{"damage_healed":0,"gold_gain":0,"player_choice":"Bet on Murderer","damage_taken":0,"max_hp_gain":0,"max_hp_loss":0,"event_name":"The Joust","floor":30,"gold_loss":50},{"damage_healed":0,"gold_gain":0,"player_choice":"Max HP","damage_taken":0,"max_hp_gain":0,"max_hp_loss":4,"event_name":"Winding Halls","floor":36,"gold_loss":0},{"damage_healed":0,"gold_gain":0,"player_choice":"Fight","damage_taken":0,"max_hp_gain":0,"max_hp_loss":0,"event_name":"Mysterious Sphere","floor":39,"gold_loss":0},{"damage_healed":0,"gold_gain":0,"player_choice":"Memory 1","damage_taken":0,"max_hp_gain":0,"max_hp_loss":0,"event_name":"SensoryStone","floor":42,"gold_loss":0},{"damage_healed":0,"gold_gain":0,"player_choice":"Fight","damage_taken":0,"max_hp_gain":0,"max_hp_loss":0,"event_name":"MindBloom","floor":46,"gold_loss":0}],"is_beta":false,"boss_relics":[{"not_picked":["Runic Pyramid","SacredBark"],"picked":"Velvet Choker"},{"not_picked":["Black Star","Sozu"],"picked":"Busted Crown"}],"items_purged_floors":[53],"is_endless":false,"potions_floor_spawned":[1,10,13,16,28,29,33,45,46,48],"ascension_level":11}}