{"host":"rm0ctv8qd8mnbkg1","time":1613220340,"event":{"mods":["Act Like it!","BaseMod","Beaked The Cultist","BetterRewards","Colored Map","DNKmod","Dark Map","Defuse TimeMaze Blight","Downfall","Friendly Minions","Gensokyo","Hallownest","Hubris","Marisa????????","Minty Spire (QoL Compilation)","MostiFishMod","Permanent Neow","Quarter Circle Forward PUNCH!","RRrroohrrRGHHhhh!!","Rare Cards Sparkle","Relic Sorter","Reliquary","Replay The Spire","RumiaBox-????????","Shade Mod","Shop Mod","Spicy Shops","Spire Arcade","StSLib","The Construct","The Servant 0.9.4","TheVacant","Wandering Minibosses","??????REMEMod"],"gold_per_floor":[10015,10015,10101,10133,10145,10157,9498,9498,9498,9498,9498,9498,8330,8272,8288,8303,8303,8403,8403,8416,8741,7912,7912,7458,7550,7550,7596,7596,6976,7030,7085,7085,7130,7130,7268,7368,7430,7703,7703,7326,7430,7430,7430,7430,7430,7430,7561,6791,6896,6152,6152,6447],"floor_reached":53,"language":"ENG","playtime":1267,"items_purged":["ReplayTheSpireMod:Splinters","Normality","Doubt","Writhe"],"score":1042,"play_id":"bf4d83b7-0ad9-40bb-b9e4-3cc5b98fab53","local_time":"20210213124540","is_ascension_mode":false,"campfire_choices":[{"data":"theVacant:Rejection","floor":6,"key":"SMITH"},{"data":"Massacre","floor":8,"key":"SMITH"},{"data":"Heavy Blade","floor":12,"key":"SMITH"},{"data":"REME_BattleFury","floor":17,"key":"SMITH"},{"data":"Finesse","floor":26,"key":"SMITH"},{"data":"Cleave","floor":32,"key":"SMITH"},{"floor":34,"key":"DIG"},{"data":"Gensokyo:LochNessMonster","floor":42,"key":"SMITH"},{"data":"Carnage","floor":44,"key":"SMITH"},{"data":"Bash","floor":44,"key":"SMITH"},{"data":"Perfected Strike","floor":51,"key":"SMITH"},{"data":"Thunderclap","floor":51,"key":"SMITH"}],"circlet_count":0,"master_deck":["Strike_R+1","Strike_R","Strike_R","Strike_R","Defend_R","Defend_R","Defend_R","Defend_R+1","Bash+1","theVacant:Rejection+1","Heavy Blade+1","Flex+1","Dual Wield+1","Infernal Blade+1","Massacre+1","Carnage+1","REME_BattleFury+1","REME_Cut+1","Finesse+1","Rampage+1","Rage+1","Rage+1","Specialist+1","Combust+1","Fire Breathing+1","Impervious+1","Cleave+1","Inflame+1","ReplayTheSpireMod:Muscle Training+1","ReplayTheSpireMod:Muscle Training+1","Thunderclap+1","Wild Strike+1","Spot Weakness","Twin Strike+1","Barricade+1","REME_Scribble","Iron Wave+1","Life Link+1","Gensokyo:LochNessMonster+1","Clothesline+1","Wild Strike+1","Inflame+1","Perfected Strike+1"],"relics":["Burning Blood","REME_ComplimentaryCards","DaveBox","ArrowTower","hubris:Towel","MawBank","Brimstone","Counterbalance","Dodecahedron","HornCleat","Shuriken","BargainBundle","Golden Egg","hubris:OldNail","ClockworkSouvenir","rorgmod:Black Star","Replay:Bandana","Chemical X","Shovel","Gremlin Food","Strange Spoon","Technique","qcfpunch:Red_Headband","Bronze Scales","GodSword5","hubris:TinFlute","War Paint","Frozen Eye","Replay:Wax Seal","ReplayFunnel","Guardian:PocketSentry","MoreBug","Replay:Wanted Poster","wanderingMiniBosses:ThiefScarf","HandDrill","Replay:Arrowhead","reliquary:Stiletto","Ccalipers","Bag of Preparation","hubris:GlazedTorus","Guide Book","reliquary:JackalopeAntler","hubris:Potato","qcfpunch:Duffel_Bag","Blood Vial","hubris:CuriousFeather","PlanX"],"acts_visited":["Exordium","Exordium","Gensokyo:Gensokyoer"],"potions_floor_usage":[],"damage_taken":[{"damage":0,"enemies":"Cultist","floor":1,"turns":2},{"damage":4,"enemies":"Jaw Worm","floor":4,"turns":2},{"damage":1,"enemies":"2 Louse","floor":15,"turns":2},{"damage":0,"enemies":"Blue Slaver","floor":16,"turns":2},{"damage":1,"enemies":"The Guardian","floor":18,"turns":3},{"damage":0,"enemies":"Gensokyo:AngelMirror","floor":20,"turns":2},{"damage":39,"enemies":"Gensokyo:Tenshi","floor":25,"turns":2},{"damage":9,"enemies":"Gensokyo:CosmicMonolith","floor":27,"turns":2},{"damage":1,"enemies":"Gensokyo:Wraith","floor":31,"turns":4},{"damage":9,"enemies":"Gensokyo:Monolith_and_Dog","floor":33,"turns":2},{"damage":28,"enemies":"Gensokyo:Eternal_Rivals","floor":35,"turns":5},{"damage":0,"enemies":"Gensokyo:3_Bats","floor":37,"turns":2},{"damage":5,"enemies":"Gensokyo:3_Boulders","floor":38,"turns":4},{"damage":2,"enemies":"Gensokyo:Rafflesia","floor":41,"turns":4},{"damage":11,"enemies":"Gensokyo:Marisa","floor":47,"turns":2},{"damage":0,"enemies":"Gensokyo:Kasen","floor":49,"turns":3},{"damage":0,"enemies":"Gensokyo:Yuyuko","floor":52,"turns":4}],"seed_played":"-8409067044764192334","potions_obtained":[{"floor":41,"key":"EssenceOfSteel"}],"is_trial":false,"path_per_floor":["M","?","?","M","T","R","$","R","T","PTL","PTL","R","$","$","M","M","R","B",null,"M","?","$","?","COS","E","R","M","T","$","T","M","R","M","R","B",null,"M","M","?","COS","M","R","?","R","T","?","E","$","E","$","R","B",null],"character_chosen":"IRONCLAD","items_purchased":["Brimstone","Counterbalance","Dodecahedron","Massacre","Shuriken","Carnage","REME_BattleFury","REME_Cut","Finesse","BargainBundle","Golden Egg","hubris:OldNail","ClockworkSouvenir","Rampage","Rage","Specialist","Combust","Replay:Bandana","Inflame","Chemical X","Shovel","Gremlin Food","ReplayTheSpireMod:Muscle Training","hubris:TinFlute","War Paint","Frozen Eye","hubris:GlazedTorus","Inflame","Guide Book","reliquary:JackalopeAntler","Blood Vial","hubris:CuriousFeather","PlanX"],"campfire_rested":0,"item_purchase_floors":[7,7,7,7,13,13,13,13,13,14,14,14,14,14,14,14,14,22,22,22,22,22,22,29,29,29,48,48,48,48,50,50,50],"current_hp_per_floor":[1000,1000,1000,1000,1000,1000,1000,1000,1000,1000,1000,1000,1000,1000,1000,1000,1000,1000,1000,1000,1000,1000,1000,1000,967,967,964,964,964,964,970,970,968,968,947,1000,1000,1002,1002,1002,1004,1004,603,603,603,603,599,599,606,606,606,606],"gold":6447,"neow_bonus":"REMOVE_CARD","is_daily":false,"chose_seed":false,"campfire_upgraded":11,"win_rate":0.0,"timestamp":1613220340,"path_taken":["M","?","?","M","?","R","$","R","T","PTL","PTL","R","?","$","M","M","R","BOSS","M","?","$","?","COS","E","R","M","T","$","?","M","R","M","R","BOSS","M","M","?","COS","M","R","?","R","T","?","E","?","E","$","R","BOSS"],"items_purchased_type":["Relic","Relic","Relic","Card","Relic","Card","Card","Card","Card","Relic","Relic","Relic","Relic","Card","Card","Card","Card","Relic","Card","Relic","Relic","Relic","Card","Relic","Relic","Relic","Relic","Card","Relic","Relic","Relic","Relic","Relic"],"build_version":"2020-12-22","purchased_purges":4,"victory":true,"max_hp_per_floor":[1000,1000,1000,1000,1000,1000,1000,1000,1000,1000,1000,1000,1000,1000,1000,1000,1000,1000,1000,1000,1000,1000,1000,1000,1000,1000,1000,1000,1000,1000,1000,1000,1000,1000,1000,1000,1000,1002,1002,1002,1004,1004,1004,1004,1004,1004,1004,1004,1004,1004,1004,1004],"card_choices":[{"not_picked":["Intimidate","ReplayTheSpireMod:Strike From Hell"],"picked":"Heavy Blade","floor":1},{"not_picked":["REME_Cut","Headbutt"],"picked":"Flex","floor":3},{"not_picked":["Clothesline","Abandon"],"picked":"Dual Wield","floor":3},{"not_picked":["Cleave","Thunderclap"],"picked":"Infernal Blade","floor":4},{"not_picked":["Havoc","Anger"],"picked":"Fire Breathing","floor":15},{"not_picked":["Rampage","Burning Pact","Armaments"],"picked":"SKIP","floor":16},{"not_picked":["REME_TheLastStrike","MostiFishMod:PerfectStrikeMKII"],"picked":"Impervious","floor":18},{"not_picked":["True Grit","Heavy Blade"],"picked":"Cleave","floor":20},{"not_picked":["ReplayTheSpireMod:LeadingStrike","REME_SingleHolding"],"picked":"Thunderclap","floor":25},{"not_picked":["Rage","Clash"],"picked":"Wild Strike+1","floor":27},{"not_picked":["Carnage","True Grit+1"],"picked":"Spot Weakness","floor":31},{"not_picked":["hubris:ReadiedAction","Havoc+1"],"picked":"Twin Strike+1","floor":33},{"not_picked":["MostiFishMod:KnuckleDown","MostiFishMod:TemporaryOutbreak"],"picked":"Barricade","floor":35},{"not_picked":["Headbutt+1","Armaments"],"picked":"REME_Scribble","floor":37},{"not_picked":["Rage+1","REME_SingleHolding+1"],"picked":"Iron Wave+1","floor":38},{"not_picked":["Body Slam","Intimidate"],"picked":"Life Link+1","floor":38},{"not_picked":["Anger","Run Through"],"picked":"Clothesline+1","floor":41},{"not_picked":["Body Slam","Heavy Blade"],"picked":"Wild Strike+1","floor":47},{"not_picked":["Defy Death","MostiFishMod:KnuckleDown"],"picked":"Perfected Strike","floor":49}],"player_experience":354282,"relics_obtained":[{"floor":3,"key":"MawBank"},{"floor":5,"key":"GodSword3"},{"floor":9,"key":"HornCleat"},{"floor":25,"key":"qcfpunch:Red_Headband"},{"floor":25,"key":"Bronze Scales"},{"floor":28,"key":"GodSword5"},{"floor":30,"key":"Replay:Wax Seal"},{"floor":34,"key":"ReplayFunnel"},{"floor":38,"key":"wanderingMiniBosses:ThiefScarf"},{"floor":45,"key":"reliquary:Stiletto"},{"floor":47,"key":"Ccalipers"},{"floor":47,"key":"Bag of Preparation"},{"floor":49,"key":"hubris:Potato"},{"floor":49,"key":"qcfpunch:Duffel_Bag"}],"event_choices":[],"is_beta":false,"boss_relics":[{"not_picked":["hubris:BlackHole","reliquary:RedCape"],"picked":"rorgmod:Black Star"},{"not_picked":["SacredBark","Philosopher\u0027s Stone"],"picked":"Replay:Wanted Poster"}],"items_purged_floors":[7,7,13,29],"is_endless":false,"potions_floor_spawned":[4,15,18,20,27,31,33,37,41,47,49],"ascension_level":0}}