{"host":"rb2p2z6v6vieend5","time":1613249530,"event":{"mods":["BaseMod","Block Reminder","Colored Map","DeckTracker","Highlight Path","Minty Spire (QoL Compilation)","Random Character Button","Relic Stats"],"gold_per_floor":[13,13,28,46,59,59,74,113,113,132,146,146,171,171,171,292,292,292,292,292,292],"floor_reached":20,"language":"ENG","playtime":1322,"items_purged":[],"score":243,"play_id":"5f90fd3e-b0f3-43d6-9344-bd3803f5395a","local_time":"20210213215210","is_ascension_mode":true,"campfire_choices":[{"floor":15,"key":"REST"}],"circlet_count":0,"master_deck":["Strike_B","Strike_B","Strike_B","Strike_B","Defend_B","Defend_B","Defend_B","Defend_B","Zap+1","Dualcast","Coolheaded","Leap","Sweeping Beam","Conserve Battery","BootSequence","Redo","Buffer","Steam"],"relics":["Cracked Core","FossilizedHelix","NlothsMask","Golden Idol","The Courier","Ectoplasm"],"acts_visited":["Exordium","TheCity"],"potions_floor_usage":[8,8],"damage_taken":[{"damage":0,"enemies":"Jaw Worm","floor":1,"turns":3},{"damage":0,"enemies":"Cultist","floor":3,"turns":4},{"damage":0,"enemies":"Small Slimes","floor":4,"turns":4},{"damage":0,"enemies":"Red Slaver","floor":5,"turns":4},{"damage":0,"enemies":"2 Fungi Beasts","floor":7,"turns":3},{"damage":25,"enemies":"Gremlin Nob","floor":8,"turns":5},{"damage":21,"enemies":"Large Slime","floor":10,"turns":7},{"damage":0,"enemies":"3 Louse","floor":11,"turns":5},{"damage":0,"enemies":"Looter","floor":13,"turns":3},{"damage":26,"enemies":"Slime Boss","floor":16,"turns":16},{"damage":0,"enemies":"3 Byrds","floor":18,"turns":6},{"damage":8,"enemies":"Shell Parasite","floor":19,"turns":10},{"damage":85,"enemies":"Centurion and Healer","floor":20,"turns":14}],"seed_played":"8101658619414602872","potions_obtained":[{"floor":3,"key":"PowerPotion"},{"floor":4,"key":"ColorlessPotion"},{"floor":11,"key":"Weak Potion"},{"floor":16,"key":"FairyPotion"},{"floor":19,"key":"SpeedPotion"}],"is_trial":false,"path_per_floor":["M","?","M","M","M","?","M","E","T","M","M","?","M","?","R","B",null,"M","M","M"],"character_chosen":"DEFECT","items_purchased":[],"campfire_rested":1,"item_purchase_floors":[],"current_hp_per_floor":[68,68,68,68,68,50,50,25,25,4,4,4,4,9,33,7,62,62,54,0,0],"gold":292,"neow_bonus":"ONE_RARE_RELIC","is_daily":false,"chose_seed":false,"campfire_upgraded":0,"win_rate":0.0,"timestamp":1613249530,"path_taken":["M","?","M","M","?","?","M","E","T","M","M","?","?","?","R","BOSS","M","M","M"],"items_purchased_type":[],"build_version":"2020-12-22","purchased_purges":0,"victory":false,"max_hp_per_floor":[75,75,75,75,75,75,75,75,75,75,75,75,75,80,80,80,80,80,80,80,80],"relic_stats":{"counters":[13,84],"Golden Idol":55,"Ectoplasm":40,"obtain_stats":[{"Golden Idol":6,"The Courier":8,"Ectoplasm":17,"Cracked Core":0,"FossilizedHelix":0,"NlothsMask":2},{"Golden Idol":4,"The Courier":6,"Ectoplasm":10,"Cracked Core":0,"FossilizedHelix":0,"NlothsMask":1},{"Golden Idol":15,"The Courier":23,"Ectoplasm":54,"Cracked Core":0,"FossilizedHelix":0,"NlothsMask":3}]},"card_choices":[{"not_picked":["Steam Power","Consume"],"picked":"Coolheaded","floor":1},{"not_picked":["Cold Snap","Stack"],"picked":"Leap","floor":3},{"not_picked":["Aggregate","Hologram"],"picked":"Sweeping Beam","floor":4},{"not_picked":["Go for the Eyes","Stack"],"picked":"Conserve Battery","floor":5},{"not_picked":["Chill","Stack","Beam Cell"],"picked":"SKIP","floor":7},{"not_picked":["Conserve Battery","Reinforced Body"],"picked":"BootSequence","floor":8},{"not_picked":["All For One","Turbo","Hologram"],"picked":"SKIP","floor":10},{"not_picked":["Turbo","Coolheaded","Sunder"],"picked":"SKIP","floor":11},{"not_picked":["Lockon","Turbo"],"picked":"Redo","floor":13},{"not_picked":["All For One","Reboot"],"picked":"Buffer","floor":16},{"not_picked":["Hologram+1","Coolheaded"],"picked":"Steam","floor":18},{"not_picked":["Sunder","Heatsinks","Steam Power"],"picked":"SKIP","floor":19}],"player_experience":736106,"relics_obtained":[{"floor":8,"key":"The Courier"}],"event_choices":[{"damage_healed":0,"gold_gain":0,"player_choice":"Trade","damage_taken":0,"relics_obtained":["NlothsMask"],"max_hp_gain":0,"max_hp_loss":0,"event_name":"FaceTrader","floor":2,"gold_loss":0},{"damage_healed":0,"gold_gain":0,"player_choice":"Take Damage","damage_taken":18,"relics_obtained":["Golden Idol"],"max_hp_gain":0,"max_hp_loss":0,"event_name":"Golden Idol","floor":6,"gold_loss":0},{"damage_healed":0,"gold_gain":0,"player_choice":"Forge","damage_taken":0,"max_hp_gain":0,"max_hp_loss":0,"event_name":"Accursed Blacksmith","floor":12,"gold_loss":0,"cards_upgraded":["Zap"]},{"damage_healed":0,"gold_gain":0,"player_choice":"Donut","damage_taken":0,"max_hp_gain":5,"max_hp_loss":0,"event_name":"Big Fish","floor":14,"gold_loss":0}],"is_beta":false,"boss_relics":[{"not_picked":["Tiny House","Busted Crown"],"picked":"Ectoplasm"}],"items_purged_floors":[],"is_endless":false,"potions_floor_spawned":[3,4,11,16,19],"killed_by":"Centurion and Healer","ascension_level":7}}