{"host":"36t3qd3wjvajtu1z","time":1613181511,"event":{"mods":["2.2 Compatiblity","AchievementEnabler","BaseMod","Bestiary","Block Reminder","Colored Powertips","Curses Come First","Highlight Path","Minty Spire (QoL Compilation)","Permanent Neow","Quick Restart","Random Character Button","Rare Cards Sparkle","Relic Stats","Slay-I","StSLib","Unknown Chances"],"gold_per_floor":[115,134,151,165,4,29,29,58,85,100,0,31,62,101,113,202,214,239,12,38,51,51,77,77,110,110,110,110],"floor_reached":27,"language":"ENG","playtime":1604,"items_purged":["Strike_R","Strike_R"],"score":548,"play_id":"baf8c7f8-0590-431a-8216-158eb1c5a91d","local_time":"20210212175831","is_ascension_mode":true,"campfire_choices":[{"data":"Disarm","floor":7.0,"key":"SMITH"},{"data":"Blood for Blood","floor":15.0,"key":"SMITH"},{"floor":24.0,"key":"REST"}],"circlet_count":0,"master_deck":["AscendersBane","Strike_R","Strike_R","Strike_R","Defend_R","Defend_R","Defend_R","Defend_R","Bash+1","Carnage","Blood for Blood+1","Anger","Dual Wield","Flame Barrier","Disarm+1","Battle Trance","Evolve","Bludgeon","Shrug It Off+1","Inflame","Fire Breathing","Decay","Immolate"],"relics":["Burning Blood","Oddly Smooth Stone","PreservedInsect","Akabeko","MawBank","Mummified Hand","Runic Pyramid","Bag of Preparation","Bag of Marbles","Tiny Chest","StoneCalendar","Letter Opener"],"acts_visited":["Exordium","TheCity"],"potions_floor_usage":[25],"damage_taken":[{"damage":1.0,"enemies":"Cultist","floor":1.0,"turns":3.0},{"damage":4.0,"enemies":"Small Slimes","floor":2.0,"turns":3.0},{"damage":4.0,"enemies":"2 Louse","floor":3.0,"turns":3.0},{"damage":9.0,"enemies":"Red Slaver","floor":4.0,"turns":3.0},{"damage":8.0,"enemies":"Gremlin Nob","floor":6.0,"turns":3.0},{"damage":18.0,"enemies":"3 Sentries","floor":8.0,"turns":5.0},{"damage":13.0,"enemies":"Large Slime","floor":10.0,"turns":8.0},{"damage":8.0,"enemies":"Gremlin Nob","floor":12.0,"turns":3.0},{"damage":0.0,"enemies":"3 Louse","floor":13.0,"turns":6.0},{"damage":11.0,"enemies":"Lagavulin","floor":14.0,"turns":4.0},{"damage":47.0,"enemies":"The Guardian","floor":16.0,"turns":11.0},{"damage":21.0,"enemies":"2 Thieves","floor":18.0,"turns":4.0},{"damage":12.0,"enemies":"3 Byrds","floor":21.0,"turns":5.0},{"damage":22.0,"enemies":"Book of Stabbing","floor":23.0,"turns":4.0},{"damage":40,"enemies":"Gremlin Leader","floor":25,"turns":5},{"damage":27,"enemies":"Snecko","floor":27,"turns":4}],"seed_played":"-8232694185709122393","potions_obtained":[{"floor":3.0,"key":"Explosive Potion"},{"floor":4.0,"key":"DistilledChaos"},{"floor":6.0,"key":"Swift Potion"},{"floor":10.0,"key":"AttackPotion"},{"floor":12.0,"key":"Ancient Potion"},{"floor":16.0,"key":"GamblersBrew"},{"floor":21.0,"key":"Energy Potion"}],"is_trial":false,"path_per_floor":["M","M","M","M","$","E","R","E","T","M","$","E","M","E","R","B",null,"M","$","T","M","?","E","R","E","T","M"],"character_chosen":"IRONCLAD","items_purchased":["Flame Barrier","Bag of Preparation","Inflame"],"campfire_rested":1,"item_purchase_floors":[5,19,19],"current_hp_per_floor":[73,75,75,72,72,70,70,58,58,51,51,49,55,50,50,9,59,44,44,44,38,38,22,44,10,10,0,0],"gold":110,"neow_bonus":"UPGRADE_CARD","is_daily":false,"chose_seed":false,"campfire_upgraded":2,"win_rate":0.0,"timestamp":1613181511,"path_taken":["M","M","M","M","$","E","R","E","T","M","$","E","M","E","R","BOSS","M","$","?","M","?","E","R","E","T","M"],"items_purchased_type":["Card","Relic","Card"],"build_version":"2020-12-22","purchased_purges":2,"victory":false,"max_hp_per_floor":[75,75,75,75,75,75,75,75,75,75,75,75,75,75,75,75,75,75,75,75,75,75,75,75,75,75,75,75],"relic_stats":{"counters":[16,74],"Mummified Hand":[9],"Tiny Chest":0,"StoneCalendar":[0],"PreservedInsect":140,"Bag of Preparation":[8],"Letter Opener":[5],"MawBank":84,"obtain_stats":[{"Mummified Hand":14,"Oddly Smooth Stone":6,"Tiny Chest":23,"StoneCalendar":25,"PreservedInsect":8,"Bag of Preparation":19,"Bag of Marbles":20,"Letter Opener":26,"MawBank":12,"Burning Blood":0,"Akabeko":9,"Runic Pyramid":17},{"Mummified Hand":10,"Oddly Smooth Stone":5,"Tiny Chest":14,"StoneCalendar":15,"PreservedInsect":6,"Bag of Preparation":12,"Bag of Marbles":12,"Letter Opener":15,"MawBank":8,"Burning Blood":0,"Akabeko":6,"Runic Pyramid":11},{"Mummified Hand":41,"Oddly Smooth Stone":15,"Tiny Chest":65,"StoneCalendar":70,"PreservedInsect":20,"Bag of Preparation":56,"Bag of Marbles":56,"Letter Opener":70,"MawBank":31,"Burning Blood":0,"Akabeko":20,"Runic Pyramid":52}],"Burning Blood":88},"card_choices":[{"not_picked":["Clash","Headbutt"],"picked":"Carnage","floor":1.0},{"not_picked":["Evolve","Rupture"],"picked":"Blood for Blood","floor":2.0},{"not_picked":["Entrench","Pommel Strike"],"picked":"Anger","floor":3.0},{"not_picked":["Wild Strike","Sever Soul"],"picked":"Dual Wield","floor":4.0},{"not_picked":["Clash","Inflame"],"picked":"Disarm","floor":6.0},{"not_picked":["Perfected Strike","Demon Form","Anger"],"picked":"SKIP","floor":8.0},{"not_picked":["Flex","Infernal Blade","Body Slam"],"picked":"SKIP","floor":10.0},{"not_picked":["Dual Wield","Armaments"],"picked":"Battle Trance","floor":12.0},{"not_picked":["Clothesline","Entrench","Intimidate"],"picked":"SKIP","floor":13.0},{"not_picked":["Heavy Blade","Clothesline"],"picked":"Evolve","floor":14.0},{"not_picked":["Offering","Corruption"],"picked":"Bludgeon","floor":16.0},{"not_picked":["Clash","Thunderclap"],"picked":"Shrug It Off+1","floor":18.0},{"not_picked":["Searing Blow+1","Warcry+1"],"picked":"Fire Breathing","floor":21.0},{"not_picked":["Wild Strike","Disarm","Body Slam"],"picked":"SKIP","floor":23.0},{"not_picked":["Body Slam","Rage+1"],"picked":"Immolate","floor":25}],"player_experience":506070,"relics_obtained":[{"floor":6.0,"key":"Oddly Smooth Stone"},{"floor":8.0,"key":"PreservedInsect"},{"floor":9.0,"key":"Akabeko"},{"floor":12.0,"key":"MawBank"},{"floor":14.0,"key":"Mummified Hand"},{"floor":20.0,"key":"Bag of Marbles"},{"floor":23.0,"key":"Tiny Chest"},{"floor":25,"key":"StoneCalendar"},{"floor":26,"key":"Letter Opener"}],"event_choices":[{"damage_healed":0.0,"max_hp_gain":0.0,"max_hp_loss":0.0,"gold_gain":0.0,"event_name":"Forgotten Altar","player_choice":"Smashed Altar","floor":22.0,"gold_loss":0.0,"damage_taken":0.0,"cards_obtained":["Decay"]}],"is_beta":false,"boss_relics":[{"not_picked":["Runic Dome","Velvet Choker"],"picked":"Runic Pyramid"}],"items_purged_floors":[5,11],"is_endless":false,"potions_floor_spawned":[3,4,6,10,12,16,21],"killed_by":"Snecko","ascension_level":19}}