{"host":"i73ch23exsqar74a","time":1613216625,"event":{"mods":["AchievementEnabler","Aspiration","Astrologer","Bard","Bartender","BaseMod","Beaked The Cultist","Better Sensory Stone","CCEM2","CapriCore","Challenge The Spire","ChefMod","Chen","Colored Map","Colored Powertips","Conjunction","Conspire","Downfall","Fireblade Mod","FutureSeer","GifTheSpireLib","Glutton Mod","Gremlin Mod","Halation","Hermit","Highlight Path","HololiveMod","Hubris","Infinite Spire","Jedi Mod","Lobotomy","LobotomyExtend","Luminous","Marked Mod","Minty Spire (QoL Compilation)","Prisma Mod","Quarter Circle Forward PUNCH!","Quick Restart","Random Character Button","RatMod","Relic Sorter","Reliquary","Replay The Spire","SOS???????","Shade Mod","Spicy Shops","Spikes Relics","Spire Arcade","StSLib","Stuff the Spire","The Alterego","The Animator","The Bug Knight","The Construct","The Cursed","The Druid","The Exalted","The Immortal","The Judge","The Poker Player","The Sage","The Wild Card","TheHero","TheSwordswoman","TheVacant","TheVelvet","Thieving Mod","Yuri Mod","???Mod??????Boss","???mod?????"],"gold_per_floor":[118,118,118,135,152,152,180,180,232,250,266,266,283,283,283,379,379,399,399,399,414,434,469,469,166,243,268,268,268],"floor_reached":28,"language":"ENG","playtime":1084,"items_purged":[],"score":271,"play_id":"c5ac05ee-1c8c-474d-8282-45d8ba7cfe1d","local_time":"20210213154345","is_ascension_mode":true,"campfire_choices":[{"data":"theextravagant:ShootingStar","floor":6.0,"key":"SMITH"},{"data":"theextravagant:Pushthrough","floor":8.0,"key":"SMITH"},{"data":"theextravagant:Meditation","floor":12.0,"key":"SMITH"},{"floor":15.0,"key":"REST"},{"data":"theextravagant:Firework","floor":24,"key":"SMITH"}],"circlet_count":0,"master_deck":["theextravagant:SlyStrike","theextravagant:SlyStrike","theextravagant:SlyStrike","theextravagant:SlyStrike","theextravagant:Fence+1","theextravagant:Fence","theextravagant:Fence","theextravagant:Fence","theextravagant:QuickAttack","theextravagant:Triumph","theextravagant:Drift","Trip+1","theextravagant:Firework+1","theextravagant:ShootingStar+1","theextravagant:Pushthrough+1","theextravagant:Meditation+1","theextravagant:Cutthroat+1","theextravagant:SkillfullDodge+1","theextravagant:SnakeEyes","Sword Boomerang","theextravagant:GlyphOfSight","Sword Boomerang+1","Thunderclap"],"relics":["theextravagant:TranslucentFeather","LetterFromLob","Pet Ghost","ReplayTheSpireMod:TigerMarble","Moonlight_r","Gaze_r","aspiration:IroncladSkillbook","Du-Vu Doll","reliquary:ExpiredCoupon","reliquary:BrokenClock","reliquary:PurpleTingedLeaf","ZombieTooth"],"acts_visited":["Exordium","TheCity"],"potions_floor_usage":[27,27],"damage_taken":[{"damage":0.0,"enemies":"conspire:RoseBush","floor":1.0,"turns":4.0},{"damage":0.0,"enemies":"Jaw Worm","floor":4.0,"turns":4.0},{"damage":0.0,"enemies":"Cultist","floor":5.0,"turns":2.0},{"damage":21.0,"enemies":"Lagavulin","floor":7.0,"turns":5.0},{"damage":7.0,"enemies":"Blue Slaver","floor":10.0,"turns":4.0},{"damage":8.0,"enemies":"Red Slaver","floor":11.0,"turns":4.0},{"damage":0.0,"enemies":"Large Slime","floor":13.0,"turns":4.0},{"damage":0.0,"enemies":"Replay:BlueRogue","floor":14.0,"turns":4.0},{"damage":31.0,"enemies":"The Guardian","floor":16.0,"turns":11.0},{"damage":0.0,"enemies":"Shell Parasite","floor":18.0,"turns":3.0},{"damage":34.0,"enemies":"conspire:FuzzyDice","floor":21.0,"turns":5.0},{"damage":10.0,"enemies":"Chosen and Byrds","floor":22.0,"turns":4.0},{"damage":6.0,"enemies":"conspire:Head Lice","floor":23.0,"turns":5.0},{"damage":40,"enemies":"Gremlin Leader","floor":27,"turns":6},{"damage":7,"enemies":"Centurion and Healer","floor":28,"turns":2}],"seed_played":"6180926828492303211","potions_obtained":[{"floor":1.0,"key":"Elixir"},{"floor":4.0,"key":"PowerPotion"},{"floor":11.0,"key":"Energy Potion"},{"floor":16.0,"key":"Fire Potion"},{"floor":18.0,"key":"DistilledChaos"},{"floor":21.0,"key":"Swift Potion"}],"is_trial":false,"path_per_floor":["M","?","?","M","M","R","E","R","T","M","M","R","M","E","R","B",null,"M","?","?","M","M","E","R","$","T","E","M"],"character_chosen":"THE_EXTRAVAGANT","items_purchased":["reliquary:ExpiredCoupon","reliquary:BrokenClock"],"campfire_rested":1,"item_purchase_floors":[25,25],"current_hp_per_floor":[75,75,75,75,75,75,54,54,54,47,39,39,40,14,36,5,74,74,74,74,44,38,36,36,36,36,6,0,0],"gold":268,"neow_bonus":"ONE_RANDOM_RARE_CARD","is_daily":false,"chose_seed":false,"campfire_upgraded":4,"win_rate":0.0,"timestamp":1613216625,"path_taken":["M","?","?","M","M","R","E","R","T","?","M","R","M","E","R","BOSS","M","?","?","?","M","E","R","$","T","E","M"],"items_purchased_type":["Relic","Relic"],"build_version":"2020-12-22","purchased_purges":0,"victory":false,"max_hp_per_floor":[75,75,75,75,75,75,75,75,75,75,73,73,74,74,74,74,74,74,74,74,74,74,74,74,74,74,74,74,74],"card_choices":[{"not_picked":["theextravagant:GlyphOfTime","theextravagant:Shake"],"picked":"theextravagant:Drift","floor":1.0},{"not_picked":["Magnetism","ReplayTheSpireMod:Private Reserves"],"picked":"Trip","floor":2.0},{"not_picked":["theextravagant:Defy","theextravagant:Precaution"],"picked":"theextravagant:Firework","floor":4.0},{"not_picked":["theextravagant:Thrill","theextravagant:Pushthrough"],"picked":"theextravagant:ShootingStar","floor":5.0},{"not_picked":["theextravagant:Defy","theextravagant:ShootingStar"],"picked":"theextravagant:Pushthrough","floor":7.0},{"not_picked":["theextravagant:Defy","theextravagant:ShootingStar"],"picked":"theextravagant:Meditation","floor":10.0},{"not_picked":["theextravagant:Shake","theextravagant:Comeback"],"picked":"theextravagant:Cutthroat","floor":11.0},{"not_picked":["theextravagant:Tension","theextravagant:Pushthrough"],"picked":"theextravagant:SkillfullDodge","floor":13.0},{"not_picked":["theextravagant:SnakeOil","theextravagant:Antiquity"],"picked":"theextravagant:SnakeEyes","floor":16.0},{"not_picked":["theextravagant:SpontaneousStrike","theextravagant:SharpTalons+1","theextravagant:Swirl"],"picked":"Sword Boomerang","floor":18.0},{"not_picked":["theextravagant:PuffUp","theextravagant:Swirl+1","Pommel Strike+1"],"picked":"theextravagant:GlyphOfSight","floor":21.0},{"not_picked":["theextravagant:ArtisticDisplay","theextravagant:PuffUp+1","theextravagant:ShootingStar"],"picked":"Sword Boomerang+1","floor":22.0},{"not_picked":["Hemogenesis","theextravagant:ShootingStar","theextravagant:Courage","ReplayTheSpireMod:Strike From Hell"],"picked":"SKIP","floor":23.0},{"not_picked":["Reckless Charge","ReplayTheSpireMod:Strike From Hell+1","StuffTheSpire:Slingshot"],"picked":"Thunderclap","floor":27}],"player_experience":1451240,"relics_obtained":[{"floor":1.0,"key":"LetterFromLob"},{"floor":7.0,"key":"Pet Ghost"},{"floor":9.0,"key":"ReplayTheSpireMod:TigerMarble"},{"floor":23.0,"key":"Du-Vu Doll"},{"floor":26,"key":"reliquary:PurpleTingedLeaf"},{"floor":27,"key":"ZombieTooth"}],"event_choices":[{"damage_healed":0.0,"max_hp_gain":0.0,"max_hp_loss":0.0,"gold_gain":1.0,"event_name":"betterStone:BetterStone","player_choice":"1","floor":2.0,"gold_loss":0.0,"damage_taken":0.0},{"cards_removed":["theextravagant:Antiquity"],"damage_healed":0.0,"max_hp_gain":0.0,"max_hp_loss":0.0,"gold_gain":0.0,"event_name":"Purifier","player_choice":"Purged","floor":3.0,"gold_loss":0.0,"damage_taken":0.0},{"damage_healed":0.0,"max_hp_gain":0.0,"max_hp_loss":0.0,"gold_gain":0.0,"event_name":"Upgrade Shrine","player_choice":"Upgraded","floor":20.0,"gold_loss":0.0,"damage_taken":0.0,"cards_upgraded":["theextravagant:Cutthroat"]}],"is_beta":false,"boss_relics":[{"not_picked":["halation:PinkAlligatorPlush","reliquary:WritOfMandamus"],"picked":"aspiration:IroncladSkillbook"}],"items_purged_floors":[],"is_endless":false,"potions_floor_spawned":[1,4,11,14,16,18,21],"killed_by":"Centurion and Healer","ascension_level":1}}