{"host":"6qo42zgaknezulyg","time":1613208476,"event":{"mods":["2.2 Compatiblity","BaseMod","Better Altar","Colored Map","Faster Ascension Climbing","Highlight Path","Keyboard Shortcuts","Minty Spire (QoL Compilation)","Permanent Neow","Quick Restart","Reimu£¨ÚÏ???£©","StSLib","SuperFastMode"],"gold_per_floor":[116,130,148,166,136,136,165,165,191,116,132,144,161,161,161,161,161],"floor_reached":16,"language":"ENG","playtime":700,"items_purged":["Strike_Lin:ReiMu"],"score":208,"play_id":"fda61680-a847-4473-a94f-6167c91ee3e6","local_time":"20210213182756","is_ascension_mode":true,"campfire_choices":[{"floor":6.0,"key":"REST"},{"floor":8.0,"key":"REST"},{"floor":15,"key":"REST"}],"circlet_count":0,"master_deck":["AscendersBane","Strike_Lin:ReiMu","Strike_Lin:ReiMu+1","Defend_Lin:ReiMu","Defend_Lin:ReiMu","Defend_Lin:ReiMu","NB:ReiMu","Stagnation:ReiMu","AlertArray:ReiMu","ForcedLanding:ReiMu+1","SubAcupoint:ReiMu","Crusade:ReiMu","MikOfLucky:ReiMu+1","CardOfSanctity:ReiMu","TakeOff:ReiMu"],"relics":["FlyPower:ReiMu","Nunchaku","Whetstone"],"acts_visited":["Exordium"],"potions_floor_usage":[13],"damage_taken":[{"damage":5.0,"enemies":"Jaw Worm","floor":1.0,"turns":6.0},{"damage":16.0,"enemies":"Cultist","floor":2.0,"turns":5.0},{"damage":0.0,"enemies":"2 Louse","floor":3.0,"turns":2.0},{"damage":17.0,"enemies":"Red Slaver","floor":4.0,"turns":5.0},{"damage":17.0,"enemies":"3 Sentries","floor":7.0,"turns":5.0},{"damage":4,"enemies":"2 Fungi Beasts","floor":11,"turns":5},{"damage":0,"enemies":"Large Slime","floor":12,"turns":7},{"damage":14,"enemies":"Exordium Wildlife","floor":13,"turns":5},{"damage":20,"enemies":"Slime Boss","floor":16,"turns":8}],"seed_played":"-601002426458593163","potions_obtained":[{"floor":3.0,"key":"ColorlessPotion"},{"floor":4.0,"key":"SkillPotion"},{"floor":5.0,"key":"SmokeBomb"}],"is_trial":false,"path_per_floor":["M","M","M","M","?","R","E","R","T","$","M","M","M","?","R","B"],"character_chosen":"REIMU","items_purchased":[],"campfire_rested":3,"item_purchase_floors":[],"current_hp_per_floor":[34,18,18,1,1,19,2,20,20,20,16,16,2,2,20,0,0],"gold":161,"neow_bonus":"REMOVE_TWO","is_daily":false,"chose_seed":false,"campfire_upgraded":0,"win_rate":0.0,"timestamp":1613208476,"path_taken":["M","M","M","M","?","R","E","R","T","$","?","M","M","?","R","BOSS"],"items_purchased_type":[],"build_version":"2020-12-22","purchased_purges":1,"victory":false,"max_hp_per_floor":[60,60,60,60,60,60,60,60,60,60,60,60,60,60,60,60,60],"card_choices":[{"not_picked":["Enchanting:ReiMu","Intuition:ReiMu"],"picked":"AlertArray:ReiMu","floor":1.0},{"not_picked":["SpreadBorder2:ReiMu","AlertArray:ReiMu"],"picked":"ForcedLanding:ReiMu","floor":2.0},{"not_picked":["SafetyPray:ReiMu","SubcavityInstant:ReiMu"],"picked":"SubAcupoint:ReiMu","floor":3.0},{"not_picked":["EmergencyTakeOff:ReiMu","InherentArray:ReiMu"],"picked":"Crusade:ReiMu","floor":4.0},{"not_picked":["Enchanting:ReiMu","UpKicking:ReiMu","TightArray:ReiMu"],"picked":"SKIP","floor":7.0},{"not_picked":["PassingAway:ReiMu","SubcavityInstant:ReiMu"],"picked":"MikOfLucky:ReiMu","floor":11},{"not_picked":["WonderfulDomain:ReiMu","SpreadBorder2:ReiMu"],"picked":"CardOfSanctity:ReiMu","floor":12},{"not_picked":["Meditation:ReiMu","TightArray:ReiMu"],"picked":"TakeOff:ReiMu","floor":13}],"player_experience":730723,"relics_obtained":[{"floor":7.0,"key":"Nunchaku"},{"floor":9.0,"key":"Whetstone"}],"event_choices":[{"damage_healed":0.0,"max_hp_gain":0.0,"max_hp_loss":0.0,"gold_gain":0.0,"event_name":"The Woman in Blue","player_choice":"Bought 2 Potions","floor":5.0,"gold_loss":0.0,"damage_taken":0.0},{"damage_healed":0,"gold_gain":0,"player_choice":"Upgraded","damage_taken":0,"max_hp_gain":0,"max_hp_loss":0,"event_name":"Upgrade Shrine","floor":14,"gold_loss":0,"cards_upgraded":["MikOfLucky:ReiMu"]}],"is_beta":false,"boss_relics":[],"items_purged_floors":[10],"is_endless":false,"potions_floor_spawned":[3,4,11,12],"killed_by":"Slime Boss","ascension_level":20}}