{"host":"5ddwedapke4fsx0r","time":1613223744,"event":{"mods":["BaseMod","Downfall","Minty Spire (QoL Compilation)","Reliquary","Shade Mod","StSLib"],"gold_per_floor":[99,117,117,136,136,150,150,182,182,182,167,186,86,101,112,112,112,112],"floor_reached":16,"language":"ENG","playtime":714,"items_purged":[],"score":102,"play_id":"536d8048-e726-49c2-839b-cef1341dcb02","local_time":"20210213144224","is_ascension_mode":false,"campfire_choices":[{"data":"sneckomod:TailWhip","floor":1,"key":"SMITH"},{"floor":10,"key":"RECALL"},{"data":"sneckomod:UnknownStrength","floor":13,"key":"SMITH"}],"circlet_count":0,"master_deck":["sneckomod:Strike","sneckomod:Strike","sneckomod:Strike","sneckomod:Defend","sneckomod:Defend","sneckomod:Defend","sneckomod:TailWhip+1","sneckomod:SnekBite","sneckomod:Unknown","sneckomod:Unknown","sneckomod:DiceCrush","sneckomod:UnknownDexterity+1","sneckomod:UnknownStrength+1","sneckomod:UnendingSupply","sneckomod:DiceBlock","sneckomod:UnknownDraw","sneckomod:RainOfDice","sneckomod:MasterEye"],"relics":["reliquary:Craggleroot","StrikeDummy","reliquary:TuningFork","downfall:BrokenWingStatue","downfall:HeartBlessingRed"],"acts_visited":["Exordium"],"potions_floor_usage":[8],"damage_taken":[{"damage":0,"enemies":"Cultist","floor":2,"turns":3},{"damage":2,"enemies":"2 Louse","floor":4,"turns":2},{"damage":0,"enemies":"Small Slimes","floor":6,"turns":4},{"damage":10,"enemies":"Gremlin Nob","floor":8,"turns":3},{"damage":0,"enemies":"downfall:FleeingMerchant","floor":11,"turns":4},{"damage":9,"enemies":"3 Louse","floor":12,"turns":4},{"damage":15,"enemies":"Large Slime","floor":14,"turns":5},{"damage":3,"enemies":"Red Slaver","floor":15,"turns":5},{"damage":48,"enemies":"WA_ARCHETYPE_RETAIN","floor":16,"turns":4}],"seed_played":"6734616350444060205","potions_obtained":[{"floor":6,"key":"hexamod:SoulburnPotion"},{"floor":8,"key":"BlessingOfTheForge"},{"floor":12,"key":"SneckoOil"}],"is_trial":false,"path_per_floor":["R","M","?","M","?","M","T","E","?","R","$","M","R","M","M","B"],"character_chosen":"THE_SNECKO","items_purchased":[],"campfire_rested":0,"item_purchase_floors":[],"current_hp_per_floor":[90,90,83,81,81,81,81,71,71,71,71,62,62,47,44,0,0,0],"gold":112,"neow_bonus":"BOSS_RELIC","is_daily":false,"chose_seed":false,"campfire_upgraded":2,"win_rate":0.0,"timestamp":1613223744,"path_taken":["R","?","?","M","?","M","T","E","?","R","$","M","R","M","M","BOSS"],"items_purchased_type":[],"build_version":"2020-12-22","purchased_purges":0,"victory":false,"max_hp_per_floor":[90,90,90,90,90,90,90,90,90,90,90,90,90,90,90,90,90,90],"card_choices":[{"not_picked":["sneckomod:QuickMove","sneckomod:IronFang"],"picked":"sneckomod:DiceCrush","floor":2},{"not_picked":["sneckomod:UnknownBlock","sneckomod:ImprovisedGuard"],"picked":"sneckomod:UnknownDexterity","floor":4},{"not_picked":["sneckomod:QuickBite","sneckomod:WideSting"],"picked":"sneckomod:UnknownStrength","floor":6},{"not_picked":["sneckomod:UnknownBlock","sneckomod:UnknownDraw"],"picked":"sneckomod:UnendingSupply","floor":8},{"not_picked":["sneckomod:QuickMove","sneckomod:UnknownCommonSkill"],"picked":"sneckomod:DiceBlock","floor":11},{"not_picked":["sneckomod:SoulDraw","sneckomod:Nope"],"picked":"sneckomod:UnknownDraw","floor":12},{"not_picked":["sneckomod:Mudshield","sneckomod:UnknownBlock"],"picked":"sneckomod:RainOfDice","floor":14},{"not_picked":["sneckomod:DiceBlock","sneckomod:UnknownCommonSkill"],"picked":"sneckomod:MasterEye","floor":15}],"player_experience":505599,"relics_obtained":[{"floor":7,"key":"reliquary:TuningFork"}],"event_choices":[{"damage_healed":0,"gold_gain":0,"player_choice":"Success","damage_taken":7,"relics_obtained":["StrikeDummy"],"max_hp_gain":0,"max_hp_loss":0,"event_name":"Scrap Ooze","floor":3,"gold_loss":0},{"damage_healed":0,"gold_gain":0,"player_choice":"Grow","damage_taken":0,"max_hp_gain":0,"max_hp_loss":0,"event_name":"Living Wall","floor":5,"gold_loss":0,"cards_upgraded":["sneckomod:UnknownDexterity"]}],"is_beta":false,"boss_relics":[],"items_purged_floors":[],"is_endless":false,"potions_floor_spawned":[6,8,12],"killed_by":"WA_ARCHETYPE_RETAIN","ascension_level":0}}