{"host":"67z713vnjolu4670","time":1613206193,"event":{"mods":["Act Like it!","BaseMod","Colored Map","Colored Powertips","Downfall","Gensokyo","Highlight Path","Minty Spire (QoL Compilation)","Replay The Spire","StSLib","The Animator","The Jungle"],"gold_per_floor":[99,114,114,130,141,161,161,33,33,45,63,163,229,298,311,311,311,311],"floor_reached":16,"language":"ZHS","playtime":1679,"items_purged":["Guardian:Defend_Guardian"],"score":98,"play_id":"83cbd643-eda3-4dcd-b132-fabd819afbbf","local_time":"20210213164953","is_ascension_mode":false,"campfire_choices":[{"floor":1,"key":"RECALL"}],"circlet_count":0,"master_deck":["Guardian:Strike_Guardian","Guardian:Strike_Guardian","Guardian:Strike_Guardian","Guardian:Strike_Guardian","Guardian:Defend_Guardian","Guardian:Defend_Guardian","Guardian:Defend_Guardian","Guardian:CurlUp","Guardian:TwinSlam","Guardian:ArmoredProtocol+1","Guardian:Gem_Lightblue","Guardian:StasisField+1","Guardian:Gem_White","Guardian:Incinerate","Guardian:Emergency","Guardian:BodySlam","Guardian:Planning","Guardian:Gem_Lightblue","Guardian:Gem_Orange","Guardian:Gem_Green","Guardian:SentryBeam"],"relics":["Guardian:ModeShifter","downfall:CloakOfManyFaces","CultistMask","FaceOfCleric","NlothsMask","GremlinMask","SsserpentHead"],"acts_visited":["Exordium"],"potions_floor_usage":[16,16,16],"damage_taken":[{"damage":9,"enemies":"2 Louse","floor":2,"turns":3},{"damage":1,"enemies":"Cultist","floor":4,"turns":4},{"damage":0,"enemies":"Small Slimes","floor":5,"turns":3},{"damage":7,"enemies":"3 Louse","floor":6,"turns":5},{"damage":3,"enemies":"downfall:FleeingMerchant","floor":8,"turns":4},{"damage":6,"enemies":"Large Slime","floor":10,"turns":9},{"damage":8,"enemies":"2 Fungi Beasts","floor":11,"turns":5},{"damage":7,"enemies":"downfall:FaceTrader","floor":12,"turns":15},{"damage":7,"enemies":"Blue Slaver","floor":13,"turns":5},{"damage":15,"enemies":"3 Louse","floor":14,"turns":4},{"damage":16,"enemies":"Exordium Wildlife","floor":15,"turns":7},{"damage":27,"enemies":"WA_ARCHETYPE_RETAIN","floor":16,"turns":6}],"seed_played":"5788120434667266362","potions_obtained":[{"floor":2,"key":"DistilledChaos"},{"floor":5,"key":"Explosive Potion"},{"floor":11,"key":"Elixir"},{"floor":12,"key":"Dexterity Potion"},{"floor":15,"key":"Venom Potion"}],"is_trial":false,"path_per_floor":["R_BF","M","?","M","M","M","T","$","?","M","M","?","M","M","M","B"],"character_chosen":"GUARDIAN","items_purchased":["Guardian:Emergency"],"campfire_rested":0,"item_purchase_floors":[8],"current_hp_per_floor":[88,79,79,78,78,71,71,68,68,62,54,47,41,27,12,0,0,0],"gold":311,"neow_bonus":"TEN_PERCENT_HP_BONUS","is_daily":false,"chose_seed":false,"campfire_upgraded":0,"win_rate":0.0,"timestamp":1613206193,"path_taken":["R_BF","M","?","M","M","?","T","$","?","M","M","?","?","?","M","BOSS"],"items_purchased_type":["Card"],"build_version":"2020-12-22","purchased_purges":1,"victory":false,"max_hp_per_floor":[88,88,88,88,88,88,88,88,88,88,88,88,89,90,91,91,91,91],"card_choices":[{"not_picked":["Guardian:DonusPower","Guardian:Recover"],"picked":"Guardian:ArmoredProtocol","floor":2},{"not_picked":["Guardian:Suspension","Guardian:ChargeCore"],"picked":"Guardian:Gem_Lightblue","floor":4},{"not_picked":["Guardian:Gem_Green","Guardian:Reroute"],"picked":"Guardian:StasisField","floor":5},{"not_picked":["Guardian:TemporalStrike","Guardian:Gem_Purple"],"picked":"Guardian:Gem_White","floor":6},{"not_picked":["Guardian:WalkerClaw","Guardian:Planning"],"picked":"Guardian:Incinerate","floor":8},{"not_picked":["Guardian:RollAttack","Guardian:Gem_Fragmented"],"picked":"Guardian:BodySlam","floor":10},{"not_picked":["Guardian:TemporalShield","Guardian:BronzeArmor"],"picked":"Guardian:Planning","floor":11},{"not_picked":["Guardian:ShieldCharger","Guardian:Gem_Red"],"picked":"Guardian:Gem_Lightblue","floor":12},{"not_picked":["Guardian:WalkerClaw","Guardian:RefractedBeam"],"picked":"Guardian:Gem_Orange","floor":13},{"not_picked":["Guardian:DonusPower","Guardian:TemporalStrike"],"picked":"Guardian:Gem_Green","floor":14},{"not_picked":["Guardian:TemporalStrike","Guardian:TemporalShield"],"picked":"Guardian:SentryBeam","floor":15}],"player_experience":9323,"relics_obtained":[{"floor":12,"key":"downfall:CloakOfManyFaces"}],"event_choices":[{"damage_healed":0,"gold_gain":0,"player_choice":"Grow","damage_taken":0,"max_hp_gain":0,"max_hp_loss":0,"event_name":"Living Wall","floor":9,"gold_loss":0,"cards_upgraded":["Guardian:StasisField"]}],"is_beta":false,"boss_relics":[],"items_purged_floors":[8],"is_endless":false,"potions_floor_spawned":[2,5,11,12,15],"killed_by":"WA_ARCHETYPE_RETAIN","ascension_level":0}}