{"host":"5ddwedapke4fsx0r","time":1613223015,"event":{"mods":["BaseMod","Downfall","Minty Spire (QoL Compilation)","Reliquary","Shade Mod","StSLib"],"gold_per_floor":[99,99,112,112,22,36,109,129,159,171,206,206,37,37,50,154,154,154,164,178,278,278,12,39,72,89,144,44,61,61,77,96,96,96,96],"floor_reached":33,"language":"ENG","playtime":2291,"items_purged":["sneckomod:Defend"],"score":277,"play_id":"bafa4b2c-36ec-442a-8592-97398af740b5","local_time":"20210213143015","is_ascension_mode":false,"campfire_choices":[{"data":"sneckomod:Unknown","floor":1.0,"key":"SMITH"},{"data":"sneckomod:UnknownDexterity","floor":12.0,"key":"SMITH"},{"data":"1","floor":18.0,"key":"LIFT"},{"floor":28,"key":"REST"},{"data":"2","floor":30,"key":"LIFT"}],"circlet_count":0,"master_deck":["sneckomod:TailWhip","sneckomod:SnekBite","sneckomod:Unknown+1","sneckomod:Unknown","sneckomod:PureSnecko","sneckomod:UnknownUncommonPower","sneckomod:Rotation","sneckomod:SnekBeam","sneckomod:UnknownDexterity+1","sneckomod:DiceBlock","sneckomod:UnknownCommonAttack","sneckomod:UnknownUncommonPower","sneckomod:UnknownRarePower","sneckomod:Cheat","sneckomod:UnknownClassGREEN+1","sneckomod:TrashToTreasure","sneckomod:UnknownDraw+1","sneckomod:UnknownWeak","sneckomod:UnknownBoss","sneckomod:UnknownVulnerable","sneckomod:UnknownUncommonPower","sneckomod:IronFang","sneckomod:SlitherStrike","sneckomod:SoulDraw","sneckomod:SoulDraw","sneckomod:ImprovisedAttack","sneckomod:UnknownRarePower"],"relics":["sneckomod:SneckoSoul","reliquary:PorcupineQuills","reliquary:PurpleTingedLeaf","reliquary:SilkGlove","Nunchaku","Sling","Girya","Black Star","Gambling Chip","Blue Candle","sneckomod:ConfusingCodex","Anchor","Akabeko","Art of War","downfall:HeartBlessingGreen"],"acts_visited":["Exordium","TheCity"],"potions_floor_usage":[21,31,32,33],"damage_taken":[{"damage":0.0,"enemies":"2 Louse","floor":3.0,"turns":4.0},{"damage":0.0,"enemies":"downfall:FleeingMerchant","floor":5.0,"turns":4.0},{"damage":8.0,"enemies":"Jaw Worm","floor":6.0,"turns":3.0},{"damage":0.0,"enemies":"Cultist","floor":8.0,"turns":3.0},{"damage":20.0,"enemies":"3 Sentries","floor":9.0,"turns":5.0},{"damage":10.0,"enemies":"downfall:LooterAlt","floor":10.0,"turns":5.0},{"damage":6.0,"enemies":"Gremlin Nob","floor":11.0,"turns":3.0},{"damage":0.0,"enemies":"downfall:FleeingMerchant","floor":13.0,"turns":4.0},{"damage":8.0,"enemies":"Exordium Wildlife","floor":15.0,"turns":4.0},{"damage":25.0,"enemies":"SI_SHIV_ARCHETYPE","floor":16.0,"turns":11.0},{"damage":8.0,"enemies":"downfall:LooterAlt2","floor":19.0,"turns":3.0},{"damage":10.0,"enemies":"Shell Parasite","floor":20.0,"turns":7.0},{"damage":39,"enemies":"Colosseum Nobs","floor":21,"turns":6},{"damage":0,"enemies":"downfall:FleeingMerchant","floor":23,"turns":4},{"damage":38,"enemies":"Gremlin Leader","floor":25,"turns":6},{"damage":9,"enemies":"Centurion and Healer","floor":26,"turns":5},{"damage":0,"enemies":"Snake Plant","floor":29,"turns":1},{"damage":23,"enemies":"Shelled Parasite and Fungi","floor":31,"turns":4},{"damage":0,"enemies":"Snecko","floor":32,"turns":1},{"damage":24,"enemies":"IC_MUSHROOM_ARCHETYPE","floor":33,"turns":4}],"seed_played":"-4113945327530840087","potions_obtained":[{"floor":8.0,"key":"Fire Potion"},{"floor":9.0,"key":"EntropicBrew"},{"floor":11.0,"key":"Swift Potion"},{"floor":16.0,"key":"SkillPotion"},{"floor":21,"key":"Block Potion"},{"floor":25,"key":"SteroidPotion"},{"floor":29,"key":"sneckomod:DiceRollPotion"}],"is_trial":false,"path_per_floor":["R","?","M","T","$","M","T","M","E","M","E","R","$","?","M","B",null,"R","M","M","?","?","$","T","E","M","T","R","M","R","M","M","B"],"character_chosen":"THE_SNECKO","items_purchased":["Sling","sneckomod:ConfusingCodex"],"campfire_rested":1,"item_purchase_floors":[13,23],"current_hp_per_floor":[99,99,99,99,99,91,91,93,74,67,63,63,65,53,47,26,99,99,92,86,49,49,49,49,12,5,5,34,34,34,11,11,0,0,0],"gold":96,"neow_bonus":"TEN_PERCENT_HP_BONUS","is_daily":false,"chose_seed":false,"campfire_upgraded":2,"win_rate":0.0,"timestamp":1613223015,"path_taken":["R","?","M","?","$","?","T","M","E","M","E","R","?","?","M","BOSS","R","M","M","?","?","$","T","E","M","?","R","M","R","M","M","BOSS"],"items_purchased_type":["Relic","Relic"],"build_version":"2020-12-22","purchased_purges":1,"victory":false,"max_hp_per_floor":[99,99,99,99,99,99,99,99,99,99,99,99,99,99,99,99,99,99,99,99,99,99,99,99,99,99,99,99,99,99,99,99,99,99,99],"card_choices":[{"not_picked":["sneckomod:UnknownCommonSkill","sneckomod:Unknown1Cost"],"picked":"sneckomod:PureSnecko","floor":3.0},{"not_picked":["sneckomod:SerpentMind","sneckomod:UnknownCommonAttack"],"picked":"sneckomod:UnknownUncommonPower","floor":5.0},{"not_picked":["sneckomod:UnknownCommonAttack","sneckomod:RainOfDice"],"picked":"sneckomod:Rotation","floor":6.0},{"not_picked":["sneckomod:QuickBite","sneckomod:SoulRoll"],"picked":"sneckomod:SnekBeam","floor":8.0},{"not_picked":["sneckomod:SnakeSap","sneckomod:SoulCleanse"],"picked":"sneckomod:UnknownDexterity","floor":9.0},{"not_picked":["sneckomod:SoulDraw","sneckomod:QuickBite"],"picked":"sneckomod:DiceBlock","floor":10.0},{"not_picked":["sneckomod:CheapStock","sneckomod:Nope"],"picked":"sneckomod:UnknownCommonAttack","floor":11.0},{"not_picked":["sneckomod:ImprovisedAttack","sneckomod:DiceBlock"],"picked":"sneckomod:UnknownUncommonPower","floor":13.0},{"not_picked":["sneckomod:QuickBite","sneckomod:SnekBeam"],"picked":"sneckomod:UnknownRarePower","floor":15.0},{"not_picked":["sneckomod:SerpentMind","sneckomod:Mudshield"],"picked":"sneckomod:Cheat","floor":16.0},{"not_picked":["sneckomod:Unknown1Cost","sneckomod:UnknownUncommonPower"],"picked":"sneckomod:UnknownClassGREEN+1","floor":19.0},{"not_picked":["sneckomod:UnknownCommonAttack","sneckomod:ImprovisedAttack"],"picked":"sneckomod:TrashToTreasure","floor":20.0},{"not_picked":["sneckomod:UnknownCommonSkill","sneckomod:UnknownClassGUARDIAN"],"picked":"sneckomod:UnknownDraw+1","floor":21},{"not_picked":["sneckomod:ImprovisedAttack","sneckomod:CheapStock"],"picked":"sneckomod:IronFang","floor":23},{"not_picked":["sneckomod:Unknown1Cost","sneckomod:SerpentMind"],"picked":"sneckomod:SlitherStrike","floor":25},{"not_picked":["sneckomod:QuickMove+1","sneckomod:Unknown0Cost"],"picked":"sneckomod:SoulDraw","floor":26},{"not_picked":["sneckomod:IronFang","sneckomod:UnknownBlock"],"picked":"sneckomod:SoulDraw","floor":29},{"not_picked":["sneckomod:SoulRoll","sneckomod:UnknownClassPURPLE"],"picked":"sneckomod:ImprovisedAttack","floor":31},{"not_picked":["sneckomod:QuickMove+1","sneckomod:QuickBite"],"picked":"sneckomod:UnknownRarePower","floor":32}],"player_experience":503308,"relics_obtained":[{"floor":4.0,"key":"reliquary:PorcupineQuills"},{"floor":7.0,"key":"reliquary:PurpleTingedLeaf"},{"floor":9.0,"key":"reliquary:SilkGlove"},{"floor":11.0,"key":"Nunchaku"},{"floor":21,"key":"Gambling Chip"},{"floor":21,"key":"Blue Candle"},{"floor":25,"key":"Anchor"},{"floor":25,"key":"Akabeko"},{"floor":27,"key":"Art of War"}],"event_choices":[{"cards_removed":["sneckomod:Strike"],"damage_healed":0.0,"max_hp_gain":0.0,"max_hp_loss":0.0,"gold_gain":0.0,"event_name":"The Cleric","player_choice":"Card Removal","floor":2.0,"gold_loss":0.0,"damage_taken":0.0},{"damage_healed":0.0,"max_hp_gain":0.0,"max_hp_loss":0.0,"gold_gain":0.0,"event_name":"Scrap Ooze","player_choice":"Success","floor":14.0,"gold_loss":0.0,"damage_taken":12.0,"relics_obtained":["Girya"]}],"is_beta":false,"boss_relics":[{"not_picked":["reliquary:KinkedSpring","Sozu"],"picked":"Black Star"}],"items_purged_floors":[5],"is_endless":false,"potions_floor_spawned":[8,9,11,16,21,25,29],"killed_by":"IC_MUSHROOM_ARCHETYPE","ascension_level":0}}