{"host":"ve5hox67eka4rdnb","time":1613230729,"event":{"mods":["ATMod(∞¢Ë™Mod)","AchievementEnabler","Act Like it!","BaseMod","Downfall","Gensokyo","Hermit","Lobotomy","LobotomyExtend","Marisa£®ÏF”Í°°ƒß¿Ì…≥£©","Minty Spire (QoL Compilation)","Quick Restart","Remilia£®¿Ÿ√◊¿Ú—«£©","Replay The Spire","Shop Mod","StSLib"],"gold_per_floor":[109,109,34,51,65,100,116,116,116,116,141,158,158,190,190,311,311,350,350,97,141,41,97,97,97,97,187,250,358,427,466,466,589,589,631,775,955,996,996,1048,1149,1209,1234,1290,443,577,652,72,72,97],"floor_reached":51,"language":"ZHS","playtime":2391,"items_purged":["Defend_G","Defend_G","Strike_G","Defend_G"],"score":1317,"play_id":"845a12d8-2cd8-4fd0-9c04-26e5f0329a17","local_time":"20210213233849","is_ascension_mode":true,"campfire_choices":[{"data":"ReplayTheSpireMod:Tripwire","floor":13.0,"key":"SMITH"},{"data":"AT_WindFlip","floor":15.0,"key":"SMITH"},{"data":"Cloak And Dagger","floor":25.0,"key":"SMITH"},{"data":"AT_ArcaneSupremacy","floor":32.0,"key":"SMITH"},{"data":"Blade Dance","floor":49,"key":"SMITH"},{"data":"AT_KingSlayer","floor":49,"key":"SMITH"}],"circlet_count":0,"master_deck":["Strike_G","Strike_G","Strike_G","Defend_G","Defend_G","Survivor","Neutralize+1","AT_EssenceShift","ReplayTheSpireMod:Tripwire+1","Cloak And Dagger+1","AT_WindFlip+1","Acrobatics","Blade Dance+1","Blade Dance","AT_KingSlayer+1","Cloak And Dagger+1","Underhanded Strike","Prepared+1","ReplayTheSpireMod:Tripwire+1","AT_ArcaneSupremacy+1","Acrobatics","Storm of Steel","AbeCurse","AT_ArcaneSupremacy+1","Acrobatics","Well Laid Plans+1","AT_LightSaberMaster","Master of Strategy","Flash of Steel","Acrobatics","Hidden Blade","Backflip","Hidden Blade","Infinite Blades+1","Blade Dance+1"],"relics":["AT_ATBox","Coffee Dripper","LetterFromLob","InkBottle","AT_RedNoBalance","AT_RedTearstoneRing","AT_MibuBalloonWealth","HoveringKite","Meat on the Bone","Replay:Mystery Machine","Question Card","White Beast Statue","RedMistMask","Abe\u0027s Treasure","CatCart","Prayer Wheel","Orichalcum","Calipers","Replay:Wax Seal","AT_SunfireAegis","Golden Egg","Sundial","TheAbacus","Replay:WaspNest","Blue Candle","AT_Kusabimaru","Replay:Arrowhead","Juzu Bracelet"],"acts_visited":["Exordium","TheCity","TheBeyond"],"potions_floor_usage":[41,46,50,51,51],"damage_taken":[{"damage":3.0,"enemies":"Jaw Worm","floor":1.0,"turns":5.0},{"damage":1.0,"enemies":"Cultist","floor":4.0,"turns":4.0},{"damage":14.0,"enemies":"Small Slimes","floor":5.0,"turns":4.0},{"damage":1.0,"enemies":"Lagavulin","floor":6.0,"turns":8.0},{"damage":0.0,"enemies":"2 Fungi Beasts","floor":7.0,"turns":4.0},{"damage":17.0,"enemies":"Gremlin Nob","floor":11.0,"turns":4.0},{"damage":1.0,"enemies":"Looter","floor":12.0,"turns":3.0},{"damage":11.0,"enemies":"3 Sentries","floor":14.0,"turns":3.0},{"damage":0.0,"enemies":"Slime Boss","floor":16.0,"turns":3.0},{"damage":3.0,"enemies":"Spheric Guardian","floor":18.0,"turns":4.0},{"damage":2.0,"enemies":"Chosen","floor":21.0,"turns":4.0},{"damage":0.0,"enemies":"Book of Stabbing","floor":23.0,"turns":3.0},{"damage":8.0,"enemies":"Centurion and Healer","floor":28.0,"turns":3.0},{"damage":7.0,"enemies":"Slavers","floor":29.0,"turns":3.0},{"damage":0.0,"enemies":"Cultist and Chosen","floor":30.0,"turns":3.0},{"damage":0.0,"enemies":"Snake Plant","floor":31.0,"turns":3.0},{"damage":12.0,"enemies":"Champ","floor":33.0,"turns":7.0},{"damage":0.0,"enemies":"Orb Walker","floor":35.0,"turns":2.0},{"damage":0.0,"enemies":"3 Darklings","floor":36.0,"turns":4.0},{"damage":0.0,"enemies":"Orin","floor":37.0,"turns":7.0},{"damage":0,"enemies":"Transient","floor":38,"turns":5},{"damage":0,"enemies":"Giant Head","floor":40,"turns":5},{"damage":0,"enemies":"2 Orb Walkers","floor":41,"turns":5},{"damage":9,"enemies":"Nemesis","floor":42,"turns":3},{"damage":0,"enemies":"R_Hoarder","floor":44,"turns":4},{"damage":0,"enemies":"Reptomancer","floor":46,"turns":3},{"damage":1,"enemies":"Mind Bloom Boss Battle","floor":47,"turns":4},{"damage":36,"enemies":"Time Eater","floor":50,"turns":5},{"damage":1,"enemies":"Malkuth","floor":51,"turns":5},{"damage":2,"enemies":"Hod","floor":51,"turns":5},{"damage":109,"enemies":"Geburah","floor":51,"turns":8},{"damage":59,"enemies":"Binah","floor":51,"turns":6},{"damage":44,"enemies":"Angela","floor":51,"turns":3}],"seed_played":"-7143486029056304759","potions_obtained":[{"floor":5.0,"key":"Fire Potion"},{"floor":7.0,"key":"Fire Potion"},{"floor":11.0,"key":"SteroidPotion"},{"floor":16.0,"key":"Swift Potion"},{"floor":28.0,"key":"Weak Potion"},{"floor":30.0,"key":"Adrenaline Potion"},{"floor":31.0,"key":"Venom Potion"},{"floor":33.0,"key":"Languid Potion"},{"floor":35.0,"key":"Cursed Concoction"},{"floor":36.0,"key":"DistilledChaos"},{"floor":37,"key":"PowerPotion"},{"floor":38,"key":"ColorlessPotion"},{"floor":41,"key":"Venom Potion"},{"floor":42,"key":"BlessingOfTheForge"},{"floor":46,"key":"Dexterity Potion"},{"floor":47,"key":"ColorlessPotion"}],"is_trial":false,"path_per_floor":["M","?","$","M","M","E","M","?","T","?","E","M","R","E","R","B",null,"M","?","$","M","$","E","?","R","T","?","M","E","M","M","R","B",null,"M","M","?","M","?","E","?","E","T","E","$","E","?","$","R","B",null],"character_chosen":"THE_SILENT","items_purchased":["Meat on the Bone","Infinite Blades","Sundial","TheAbacus","Replay:WaspNest","Replay:Arrowhead","Juzu Bracelet"],"campfire_rested":0,"item_purchase_floors":[20,45,45,45,45,48,48],"current_hp_per_floor":[67,67,67,66,52,51,51,37,37,49,18,34,34,24,24,35,70,32,32,32,45,45,47,47,47,47,35,39,44,44,44,44,44,70,70,70,70,70,60,60,60,51,51,51,51,51,50,50,50,26],"gold":222,"neow_bonus":"BOSS_RELIC","is_daily":false,"chose_seed":false,"campfire_upgraded":6,"win_rate":0.0,"timestamp":1613230729,"path_taken":["M","?","$","M","?","E","M","?","T","?","E","M","R","E","R","BOSS","M","?","$","M","$","E","?","R","T","?","M","E","M","M","R","BOSS","M","?","?","M","?","E","?","E","T","E","$","E","?","?","R","BOSS"],"items_purchased_type":["Relic","Card","Relic","Relic","Relic","Relic","Relic"],"build_version":"2020-12-22","purchased_purges":4,"victory":true,"max_hp_per_floor":[70,70,70,70,70,70,70,70,70,70,70,70,70,70,70,70,70,70,70,70,70,70,70,70,70,70,70,70,70,70,70,70,70,70,70,70,70,70,70,70,70,70,70,70,70,70,70,70,70,70],"card_choices":[{"not_picked":["Hidden Blade","Dodge and Roll"],"picked":"ReplayTheSpireMod:Tripwire","floor":1.0},{"not_picked":["Bane","Sucker Punch"],"picked":"Cloak And Dagger","floor":4.0},{"not_picked":["Bouncing Flask","Slice","Underhanded Strike"],"picked":"SKIP","floor":5.0},{"not_picked":["Deadly Poison","AT_ThistleTea"],"picked":"Tactician","floor":6.0},{"not_picked":["Backflip","Dodge and Roll"],"picked":"AT_WindFlip","floor":7.0},{"not_picked":["Burst","Deadly Poison"],"picked":"Acrobatics","floor":11.0},{"not_picked":["PiercingWail","All Out Attack"],"picked":"Blade Dance","floor":12.0},{"not_picked":["PiercingWail","Prepared"],"picked":"Blade Dance","floor":14.0},{"not_picked":["AT_EssenceShift","Bullet Time"],"picked":"AT_KingSlayer","floor":16.0},{"not_picked":["Flying Knee","Skewer"],"picked":"Cloak And Dagger","floor":18.0},{"not_picked":["Poisoned Stab","Deadly Poison+1"],"picked":"Underhanded Strike","floor":21.0},{"not_picked":["Grand Finale","Bouncing Flask+1"],"picked":"Prepared+1","floor":23.0},{"not_picked":["Dodge and Roll+1","Crippling Poison","Quick Slash+1","ReplayTheSpireMod:Exploit Weakness"],"picked":"SKIP","floor":28.0},{"not_picked":["Underhanded Strike","Leg Sweep","ReplayTheSpireMod:Shiv Toss"],"picked":"ReplayTheSpireMod:Tripwire+1","floor":29.0},{"not_picked":["Dagger Spray+1","Sneak Up","Cloak And Dagger+1"],"picked":"AT_ArcaneSupremacy","floor":30.0},{"not_picked":["Sucker Punch","AT_Desolate","Deflect"],"picked":"Acrobatics","floor":31.0},{"not_picked":["Die Die Die","Envenom","Atom Bomb"],"picked":"Storm of Steel","floor":33.0},{"not_picked":["Flying Knee+1","Dagger Throw+1","Outmaneuver+1"],"picked":"AT_ArcaneSupremacy+1","floor":35.0},{"not_picked":["AT_WindFlip+1","ReplayTheSpireMod:Exploit Weakness+1","PiercingWail+1"],"picked":"Acrobatics","floor":36.0},{"not_picked":["Footwork","Doppelganger","Underhanded Strike"],"picked":"Well Laid Plans+1","floor":38},{"not_picked":["Replay:Sssssssssshield","Replay:Bootleg Shield Generator","HandOfGreed"],"picked":"AT_LightSaberMaster","floor":39},{"not_picked":["Metamorphosis","AT_FamilyPortrait","Bandage Up"],"picked":"Master of Strategy","floor":39},{"not_picked":["ReplayUltimateDefense","Trip","PanicButton"],"picked":"Flash of Steel","floor":39},{"not_picked":["Leg Sweep+1","AT_WomanClash","AT_ThistleTea"],"picked":"Acrobatics","floor":40},{"not_picked":["PiercingWail","Quick Slash","Prepared"],"picked":"Hidden Blade","floor":41},{"not_picked":["Flying Knee","Sucker Punch","Replay:Poison Smokescreen"],"picked":"Backflip","floor":42},{"not_picked":["Sucker Punch","Dash","ReplayTheSpireMod:Exploit Weakness"],"picked":"Hidden Blade","floor":44},{"not_picked":["AT_ArcaneSupremacy","Distraction","Grand Finale","AT_WomanClash+1"],"picked":"SKIP","floor":46},{"not_picked":["Dash+1","Dagger Throw","Cloak And Dagger+1"],"picked":"Blade Dance+1","floor":47}],"player_experience":221148,"relics_obtained":[{"floor":1.0,"key":"LetterFromLob"},{"floor":6.0,"key":"InkBottle"},{"floor":9.0,"key":"AT_SilverBalance"},{"floor":11.0,"key":"AT_RedTearstoneRing"},{"floor":14.0,"key":"AT_MibuBalloonWealth"},{"floor":23.0,"key":"Replay:Mystery Machine"},{"floor":26.0,"key":"Question Card"},{"floor":29.0,"key":"White Beast Statue"},{"floor":33.0,"key":"RedMistMask"},{"floor":37,"key":"CatCart"},{"floor":40,"key":"Orichalcum"},{"floor":41,"key":"Calipers"},{"floor":42,"key":"Replay:Wax Seal"},{"floor":43,"key":"AT_SunfireAegis"},{"floor":44,"key":"Golden Egg"},{"floor":46,"key":"Blue Candle"},{"floor":47,"key":"AT_Kusabimaru"}],"event_choices":[{"cards_removed":["Strike_G"],"damage_healed":0.0,"max_hp_gain":0.0,"max_hp_loss":0.0,"gold_gain":0.0,"event_name":"Bonfire Elementals","player_choice":"Offered Basic","floor":2.0,"gold_loss":0.0,"damage_taken":0.0},{"damage_healed":0.0,"max_hp_gain":0.0,"max_hp_loss":0.0,"gold_gain":0.0,"event_name":"Shining Light","player_choice":"Entered Light","floor":8.0,"gold_loss":0.0,"damage_taken":14.0,"cards_upgraded":["Neutralize","Cloak And Dagger"]},{"damage_healed":0.0,"max_hp_gain":0.0,"max_hp_loss":0.0,"gold_gain":0.0,"event_name":"Vampires","player_choice":"Ignored","floor":19.0,"gold_loss":0.0,"damage_taken":0.0},{"damage_healed":0.0,"max_hp_gain":0.0,"max_hp_loss":0.0,"gold_gain":90.0,"event_name":"Knowing Skull","player_choice":"GOLD ","floor":27.0,"potions_obtained":[],"gold_loss":0.0,"damage_taken":12.0,"cards_obtained":[]},{"damage_healed":0.0,"max_hp_gain":0.0,"max_hp_loss":0.0,"gold_gain":0.0,"event_name":"OrinTheCat","player_choice":"Fight","floor":37.0,"gold_loss":0.0,"damage_taken":0.0},{"damage_healed":0,"gold_gain":0,"player_choice":"Fight","damage_taken":0,"max_hp_gain":0,"max_hp_loss":0,"event_name":"OrinTheCat","floor":37,"gold_loss":0},{"damage_healed":0,"gold_gain":0,"player_choice":"Memory 3","damage_taken":10,"max_hp_gain":0,"max_hp_loss":0,"event_name":"SensoryStone","floor":39,"gold_loss":0},{"damage_healed":0,"gold_gain":0,"player_choice":"Fight","damage_taken":0,"max_hp_gain":0,"max_hp_loss":0,"event_name":"Mysterious Sphere","floor":41,"gold_loss":0},{"damage_healed":0,"gold_gain":0,"player_choice":"Fight","damage_taken":0,"max_hp_gain":0,"max_hp_loss":0,"event_name":"MindBloom","floor":47,"gold_loss":0}],"is_beta":false,"boss_relics":[{"not_picked":["Replay:Bronze Core","Empty Cage"],"picked":"HoveringKite"},{"not_picked":["Runic Dome","bronze:MakeshiftBattery"],"picked":"Abe\u0027s Treasure"}],"items_purged_floors":[3,22,45,48],"is_endless":false,"potions_floor_spawned":[5,7,11,16,28,30,31,33,35,36,37,37,38,40,41,42,44,46,47,51,51,51,51,51],"ascension_level":3}}