{"host":"chv1qanoipyt46jc","time":1613196361,"event":{"mods":["2.2 Compatiblity","AchievementEnabler","BaseMod","BetterRewards","CapriCore","Card Filter","Evolution","Gold Saver","Grow up Mod","Minty Spire (QoL Compilation)","Rare Cards Sparkle","Relic Filter","Remove Card Discount Mod","Reorder Act Four","StSLib"],"gold_per_floor":[114,128,128,139,156,156,156,188,188,205,236,256,268,284,284,386,436,450,479,475,485,485,496,496,514,514,529,523,523,535,550,550,653,653,668,682,696,712,732,767,767,767,767,767,612,631,651,668,668,668,668,668,668,696,696],"floor_reached":56,"language":"ENG","playtime":1841,"items_purged":["Survivor","Neutralize","Dagger Throw","Dagger Throw","Backflip","Backflip","Dagger Throw","Backflip","Noxious Fumes","Backflip+1","Deadly Poison","Dagger Throw","Tactician"],"score":1526,"play_id":"aaad2f2a-03f9-41e6-a14d-a6405b9c8b8a","local_time":"20210213000601","is_ascension_mode":false,"campfire_choices":[{"data":"Reflex","floor":6,"key":"SMITH"},{"data":"Tactician","floor":15,"key":"SMITH"},{"data":"Dagger Throw","floor":24,"key":"SMITH"},{"data":"Reflex","floor":29,"key":"SMITH"},{"data":"Grand Finale","floor":32,"key":"SMITH"},{"data":"Backflip","floor":41,"key":"SMITH"},{"floor":44,"key":"RECALL"},{"floor":49,"key":"REST"},{"floor":53,"key":"REST"}],"circlet_count":0,"master_deck":["Dagger Throw+1","Backflip+1","Reflex+1","Tactician+1","Reflex+1","Grand Finale+1","Escape Plan"],"relics":["Ring of the Snake","EVO:Axolotl","Pear","Bottled Lightning","Tiny House","Red Mask","Sundial","Runic Dome","Dream Catcher","Pen Nib","Medical Kit","Bag of Marbles"],"acts_visited":["TheCity","TheBeyond","TheEnding"],"potions_floor_usage":[55,55],"damage_taken":[{"damage":7,"enemies":"Small Slimes","floor":1,"turns":3},{"damage":0,"enemies":"Cultist","floor":2,"turns":2},{"damage":1,"enemies":"2 Louse","floor":4,"turns":2},{"damage":11,"enemies":"Red Slaver","floor":5,"turns":3},{"damage":13,"enemies":"Gremlin Nob","floor":8,"turns":4},{"damage":10,"enemies":"3 Louse","floor":10,"turns":3},{"damage":36,"enemies":"3 Sentries","floor":11,"turns":7},{"damage":13,"enemies":"2 Fungi Beasts","floor":12,"turns":3},{"damage":0,"enemies":"Red Slaver","floor":13,"turns":1},{"damage":0,"enemies":"Large Slime","floor":14,"turns":2},{"damage":0,"enemies":"Hexaghost","floor":16,"turns":1},{"damage":0,"enemies":"3 Byrds","floor":18,"turns":2},{"damage":0,"enemies":"Masked Bandits","floor":19,"turns":1},{"damage":9,"enemies":"2 Thieves","floor":21,"turns":2},{"damage":0,"enemies":"Centurion and Healer","floor":23,"turns":1},{"damage":0,"enemies":"Chosen and Byrds","floor":25,"turns":1},{"damage":0,"enemies":"3 Cultists","floor":27,"turns":1},{"damage":0,"enemies":"Centurion and Healer","floor":30,"turns":1},{"damage":0,"enemies":"Shelled Parasite and Fungi","floor":31,"turns":1},{"damage":0,"enemies":"Automaton","floor":33,"turns":1},{"damage":0,"enemies":"Orb Walker","floor":35,"turns":1},{"damage":0,"enemies":"3 Darklings","floor":36,"turns":1},{"damage":3,"enemies":"4 Shapes","floor":37,"turns":1},{"damage":0,"enemies":"Transient","floor":38,"turns":5},{"damage":0,"enemies":"Writhing Mass","floor":39,"turns":1},{"damage":0,"enemies":"Giant Head","floor":40,"turns":1},{"damage":3,"enemies":"4 Shapes","floor":46,"turns":1},{"damage":6,"enemies":"Sphere and 2 Shapes","floor":47,"turns":1},{"damage":0,"enemies":"Spire Growth","floor":48,"turns":1},{"damage":0,"enemies":"Donu and Deca","floor":50,"turns":1},{"damage":0,"enemies":"Shield and Spear","floor":54,"turns":1},{"damage":122,"enemies":"The Heart","floor":55,"turns":4}],"seed_played":"5193528684192183076","potions_obtained":[{"floor":2,"key":"Energy Potion"},{"floor":5,"key":"SpeedPotion"},{"floor":8,"key":"DuplicationPotion"},{"floor":42,"key":"Regen Potion"},{"floor":47,"key":"DuplicationPotion"}],"is_trial":false,"path_per_floor":["M","M","?","M","M","R","$","E","T","M","E","M","M","M","R","B",null,"M","?","$","M","$","M","R","M","T","M","$","R","M","M","R","B",null,"M","M","M","M","M","E","R","?","T","R","$","M","M","M","R","B",null,"$","R","E","B",null],"character_chosen":"THE_SILENT","items_purchased":["Medical Kit"],"campfire_rested":2,"item_purchase_floors":[45],"current_hp_per_floor":[89,99,109,118,117,127,137,144,154,154,128,125,135,145,155,165,271,281,291,301,302,312,322,332,342,352,362,372,382,392,402,412,422,441,451,461,468,478,488,498,508,518,528,538,548,555,559,569,591,601,611,621,631,641,529],"gold":696,"neow_bonus":"","is_daily":false,"chose_seed":false,"campfire_upgraded":6,"win_rate":0.0,"timestamp":1613196361,"path_taken":["M","M","?","?","M","R","$","E","T","M","E","M","M","M","R","BOSS","M","?","$","M","$","M","R","M","T","M","$","R","M","M","R","BOSS","M","M","M","M","M","E","R","?","T","R","$","M","?","M","R","BOSS","$","R","E","BOSS"],"items_purchased_type":["Relic"],"build_version":"2020-12-22","purchased_purges":13,"victory":true,"max_hp_per_floor":[96,106,116,126,136,146,156,176,186,196,206,216,226,236,246,256,271,281,291,301,311,321,331,341,351,361,371,381,391,401,411,421,431,441,451,461,471,481,491,501,511,521,531,541,551,561,571,581,591,601,611,621,631,641,651],"card_choices":[{"not_picked":["Underhanded Strike","Distraction","Infinite Blades"],"picked":"SKIP","floor":1},{"not_picked":["Acrobatics","Setup","Predator"],"picked":"SKIP","floor":2},{"not_picked":["Dagger Throw","Dagger Spray","Prepared"],"picked":"SKIP","floor":4},{"not_picked":["Quick Slash","Underhanded Strike"],"picked":"Reflex","floor":5},{"not_picked":["Backflip","All Out Attack","Dagger Throw"],"picked":"SKIP","floor":8},{"not_picked":["Quick Slash","Backflip"],"picked":"Deadly Poison","floor":10},{"not_picked":["Well Laid Plans","Acrobatics","Bane"],"picked":"SKIP","floor":11},{"not_picked":["Burst","Deflect"],"picked":"Tactician","floor":12},{"not_picked":["Underhanded Strike","Poisoned Stab","Infinite Blades"],"picked":"SKIP","floor":13},{"not_picked":["Leg Sweep","Deflect","Prepared"],"picked":"SKIP","floor":14},{"not_picked":["Flying Knee","Underhanded Strike"],"picked":"Noxious Fumes","floor":17},{"not_picked":["Poisoned Stab+1","Sucker Punch","Prepared"],"picked":"SKIP","floor":18},{"not_picked":["Deflect","Poisoned Stab","Caltrops"],"picked":"SKIP","floor":21},{"not_picked":["Backstab","Blade Dance","Dash"],"picked":"SKIP","floor":23},{"not_picked":["Deflect","Caltrops"],"picked":"Tactician","floor":25},{"not_picked":["Blade Dance","Dagger Throw"],"picked":"Reflex","floor":27},{"not_picked":["Leg Sweep","Caltrops"],"picked":"Grand Finale","floor":30},{"not_picked":["Quick Slash","Tactician","Calculated Gamble"],"picked":"SKIP","floor":31},{"not_picked":["Slice","Bane","Acrobatics"],"picked":"SKIP","floor":35},{"not_picked":["Tactician+1","Backflip+1","Escape Plan"],"picked":"SKIP","floor":36},{"not_picked":["Leg Sweep","Backflip+1","Blur"],"picked":"SKIP","floor":37},{"not_picked":["Expertise+1","Dash+1","Quick Slash+1"],"picked":"SKIP","floor":38},{"not_picked":["Infinite Blades+1","Underhanded Strike+1","Distraction"],"picked":"SKIP","floor":39},{"not_picked":["Flechettes+1","Predator+1","Setup+1"],"picked":"SKIP","floor":40},{"not_picked":["Reflex","Dagger Spray+1","Dagger Throw+1"],"picked":"SKIP","floor":46},{"not_picked":["Acrobatics+1","Bane+1","Poisoned Stab+1"],"picked":"SKIP","floor":47},{"not_picked":["Sucker Punch","Flying Knee","Venomology"],"picked":"SKIP","floor":48},{"not_picked":["All Out Attack","Dagger Throw"],"picked":"Escape Plan","floor":54}],"player_experience":318231,"relics_obtained":[{"floor":8,"key":"Pear"},{"floor":11,"key":"Bottled Lightning"},{"floor":19,"key":"Red Mask"},{"floor":26,"key":"Sundial"},{"floor":40,"key":"Dream Catcher"},{"floor":43,"key":"Pen Nib"},{"floor":54,"key":"Bag of Marbles"}],"event_choices":[{"damage_healed":0,"gold_gain":0,"player_choice":"Leave","damage_taken":0,"max_hp_gain":0,"max_hp_loss":0,"event_name":"FaceTrader","floor":3,"gold_loss":0},{"damage_healed":0,"gold_gain":0,"player_choice":"Fought Bandits","damage_taken":0,"max_hp_gain":0,"max_hp_loss":0,"event_name":"Masked Bandits","floor":19,"gold_loss":0},{"damage_healed":0,"gold_gain":0,"player_choice":"Got Potions","damage_taken":0,"max_hp_gain":0,"max_hp_loss":0,"event_name":"Lab","floor":42,"gold_loss":0}],"is_beta":false,"boss_relics":[{"not_picked":["Cursed Key","Sozu"],"picked":"Tiny House"},{"not_picked":["Runic Pyramid","WristBlade"],"picked":"Runic Dome"}],"items_purged_floors":[0,0,0,0,0,0,0,0,20,20,28,28,28],"is_endless":false,"potions_floor_spawned":[2,5,8,11,13,18,25,30,35,37,40,47],"ascension_level":0}}