{"host":"knk89g45d3vzr5fm","time":1613244163,"event":{"mods":["2.2 Compatiblity","BaseMod","Downfall","Minty Spire (QoL Compilation)","Relic Stats","Reliquary","Replay The Spire","StSLib","The Marked"],"gold_per_floor":[99,119,138,201,219,233,233,248,273,273,308,322,322,348,359,359,359,359],"floor_reached":16,"language":"FRA","playtime":936,"items_purged":[],"score":211,"play_id":"d2064904-8d78-4c0f-a34b-68ebd3a075bf","local_time":"20210213202243","is_ascension_mode":true,"campfire_choices":[{"data":"sneckomod:SnekBite","floor":1,"key":"SMITH"},{"floor":13,"key":"RECALL"}],"circlet_count":0,"master_deck":["sneckomod:Strike","sneckomod:Strike","sneckomod:Strike","sneckomod:Defend","sneckomod:Defend","sneckomod:Defend","sneckomod:TailWhip","sneckomod:SnekBite+1","sneckomod:Unknown","sneckomod:Unknown","sneckomod:UnknownClassPURPLE","sneckomod:UnknownUncommonSkill","ReplayTheSpireMod:Splinters","sneckomod:PureSnecko","sneckomod:UnendingSupply","sneckomod:UnknownClassRED","sneckomod:SoulCleanse","sneckomod:UnknownColorless","sneckomod:MasterEye","sneckomod:QuickBite","sneckomod:SerpentMind","sneckomod:UnknownUncommonPower"],"relics":["Honey Jar","reliquary:PrincelyHelmet","Replay:Bottled Steam","ReplayTheSpireMod:Lightbulb","Bottled Lightning","reliquary:PartyBalloon"],"acts_visited":["Exordium"],"potions_floor_usage":[8,9,10,15],"damage_taken":[{"damage":2,"enemies":"Jaw Worm","floor":2,"turns":2},{"damage":4,"enemies":"2 Louse","floor":3,"turns":2},{"damage":0,"enemies":"Cultist","floor":5,"turns":2},{"damage":17,"enemies":"Gremlin Gang","floor":6,"turns":6},{"damage":0,"enemies":"2 Fungi Beasts","floor":8,"turns":3},{"damage":0,"enemies":"Lagavulin","floor":9,"turns":5},{"damage":0,"enemies":"Lots of Slimes","floor":10,"turns":1},{"damage":18,"enemies":"3 Sentries","floor":11,"turns":5},{"damage":10,"enemies":"downfall:LooterAlt","floor":12,"turns":3},{"damage":22,"enemies":"Gremlin Nob","floor":14,"turns":4},{"damage":5,"enemies":"Exordium Thugs","floor":15,"turns":3},{"damage":26,"enemies":"IC_STATUS_ARCHETYPE","floor":16,"turns":2}],"seed_played":"684965544461789886","potions_obtained":[{"floor":3,"key":"DuplicationPotion"},{"floor":4,"key":"SmokeBomb"},{"floor":6,"key":"DistilledChaos"},{"floor":8,"key":"PowerPotion"},{"floor":12,"key":"FearPotion"}],"is_trial":false,"path_per_floor":["R","M","M","?","M","M","T","M","E","M","E","M","R","E","M","B"],"character_chosen":"THE_SNECKO","items_purchased":[],"campfire_rested":0,"item_purchase_floors":[],"current_hp_per_floor":[81,79,75,75,75,58,58,58,58,58,50,40,40,18,13,0,0,0],"gold":359,"neow_bonus":"BOSS_RELIC","is_daily":false,"chose_seed":false,"campfire_upgraded":1,"win_rate":0.0,"timestamp":1613244163,"path_taken":["R","M","M","?","M","M","T","M","E","M","E","M","R","E","M","BOSS"],"items_purchased_type":[],"build_version":"2020-12-22","purchased_purges":0,"victory":false,"max_hp_per_floor":[90,90,90,90,90,90,90,90,90,90,90,90,90,90,90,90,90,90],"relic_stats":{"counters":[12,38],"obtain_stats":[{"reliquary:PrincelyHelmet":4,"reliquary:PartyBalloon":14,"Honey Jar":0,"Bottled Lightning":11,"sneckomod:SneckoSoul":0,"ReplayTheSpireMod:Lightbulb":9,"Replay:Bottled Steam":7},{"reliquary:PrincelyHelmet":2,"reliquary:PartyBalloon":10,"Honey Jar":0,"Bottled Lightning":8,"sneckomod:SneckoSoul":0,"ReplayTheSpireMod:Lightbulb":6,"Replay:Bottled Steam":4},{"reliquary:PrincelyHelmet":4,"reliquary:PartyBalloon":33,"Honey Jar":0,"Bottled Lightning":26,"sneckomod:SneckoSoul":0,"ReplayTheSpireMod:Lightbulb":20,"Replay:Bottled Steam":12}]},"card_choices":[{"not_picked":["sneckomod:DiceBlock","sneckomod:UnknownClassMARKED_PURPLE_COLOR","sneckomod:IronFang"],"picked":"sneckomod:UnknownClassPURPLE","floor":2},{"not_picked":["sneckomod:UnknownClassRED","sneckomod:UnknownBlock","sneckomod:DiceCrush"],"picked":"sneckomod:UnknownUncommonSkill","floor":3},{"not_picked":["sneckomod:UnknownCommonSkill","sneckomod:Unknown3Cost","sneckomod:Unknown1Cost"],"picked":"sneckomod:PureSnecko","floor":4},{"not_picked":["sneckomod:SoulDraw","sneckomod:DiceBoulder","sneckomod:UnknownClassMARKED_PURPLE_COLOR"],"picked":"sneckomod:UnendingSupply","floor":5},{"not_picked":["sneckomod:IronFang","sneckomod:UnendingSupply","sneckomod:UnknownWeak"],"picked":"sneckomod:UnknownClassRED","floor":6},{"not_picked":["sneckomod:UnknownClassGUARDIAN","sneckomod:UnknownClassTHE_CHAMP_GRAY","sneckomod:QuickBite"],"picked":"sneckomod:SoulCleanse","floor":8},{"not_picked":["sneckomod:DiceCrush","sneckomod:UnknownX","sneckomod:UnknownStrength"],"picked":"sneckomod:UnknownColorless","floor":9},{"not_picked":["sneckomod:ImprovisedGuard","sneckomod:UnknownStrike","sneckomod:UnknownDexterity"],"picked":"sneckomod:MasterEye","floor":11},{"not_picked":["sneckomod:DiceBlock","sneckomod:UnknownWeak","sneckomod:WideSting"],"picked":"sneckomod:QuickBite","floor":12},{"not_picked":["sneckomod:UnknownStrike","sneckomod:UnknownWeak","sneckomod:Unknown2Cost"],"picked":"sneckomod:SerpentMind","floor":14},{"not_picked":["sneckomod:QuickBite","sneckomod:WideSting","sneckomod:UnknownClassBLUE"],"picked":"sneckomod:UnknownUncommonPower","floor":15}],"player_experience":2140958,"relics_obtained":[{"floor":4,"key":"reliquary:PrincelyHelmet"},{"floor":7,"key":"Replay:Bottled Steam"},{"floor":9,"key":"ReplayTheSpireMod:Lightbulb"},{"floor":11,"key":"Bottled Lightning"},{"floor":14,"key":"reliquary:PartyBalloon"}],"event_choices":[],"is_beta":false,"boss_relics":[],"items_purged_floors":[],"is_endless":false,"potions_floor_spawned":[3,6,8,12],"killed_by":"IC_STATUS_ARCHETYPE","ascension_level":8}}