{"host":"oeevf6hcb3ehxk0z","time":1613188562,"event":{"mods":["100% Spire Juice","BaseMod","CapriCore","Minty Spire (QoL Compilation)","Prisma Mod","Spicy Shops","StSLib","The Alterego","The Immortal","Yakumo Yukari mod","¡¾ÒÅÎï¿¨ÅÆ¡¿REMEMod"],"gold_per_floor":[110,110,129,148,148,62,62,87,113,127,127,143,58,74,74,169,169,187,187,12,26,26,26,44,23,23,23,23,36,36,61,61,163,163,163,163],"floor_reached":35,"language":"ZHS","playtime":2135,"items_purged":["Regret","Writhe"],"score":410,"play_id":"c3fe9ea0-19a0-4494-9ce9-0b91b6277ea7","local_time":"20210213115602","is_ascension_mode":false,"campfire_choices":[{"floor":7.0,"key":"REST"},{"data":"Moonworks:MeltingMemories","floor":11.0,"key":"SMITH"},{"data":"Moonworks:Ambush","floor":15.0,"key":"SMITH"},{"data":"1","floor":23.0,"key":"LIFT"},{"data":"2","floor":28.0,"key":"LIFT"},{"data":"3","floor":32.0,"key":"LIFT"}],"circlet_count":0,"master_deck":["Moonworks:Strike","Moonworks:Strike","Moonworks:Strike+1","Moonworks:Strike","Moonworks:Defend","Moonworks:Defend","Moonworks:Defend","Moonworks:Defend","Moonworks:Ambush+1","Moonworks:LongDistanceShot+1","Moonworks:LuckyCharm","Moonworks:JonathanRush","Moonworks:DeployBits","Moonworks:MeltingMemories+1","Moonworks:EvilSpyWorkPreparation","Moonworks:JonathanRush","Moonworks:MixPhenomenon","Moonworks:AwakeningOfTalent","Moonworks:MetallicMonocoque","Moonworks:EvilSpyWorkPreparation+1","Necronomicurse","Moonworks:Flamethrower+1","Moonworks:JonathanRush","Moonworks:CloudOfSeagulls","Moonworks:Accelerator"],"relics":["Moonworks:BrokenBomb","Moonworks:Homemark","REME_ComplimentaryCards","NeowsBlessing","Blood Vial","Bag of Marbles","Whetstone","REME_DuelDisc","Girya","Necronomicon","Question Card","Pocketwatch","Coffee Dripper"],"acts_visited":["Exordium","TheCity","TheBeyond"],"potions_floor_usage":[33,33],"damage_taken":[{"damage":0.0,"enemies":"Small Slimes","floor":1.0,"turns":1.0},{"damage":0.0,"enemies":"2 Louse","floor":3.0,"turns":1.0},{"damage":0.0,"enemies":"Cultist","floor":4.0,"turns":1.0},{"damage":47.0,"enemies":"3 Sentries","floor":6.0,"turns":9.0},{"damage":19.0,"enemies":"Lagavulin","floor":8.0,"turns":5.0},{"damage":17.0,"enemies":"Exordium Thugs","floor":10.0,"turns":3.0},{"damage":0.0,"enemies":"Blue Slaver","floor":12.0,"turns":2.0},{"damage":1.0,"enemies":"Large Slime","floor":14.0,"turns":4.0},{"damage":19.0,"enemies":"Hexaghost","floor":16.0,"turns":6.0},{"damage":0.0,"enemies":"Chosen","floor":18.0,"turns":3.0},{"damage":0.0,"enemies":"2 Thieves","floor":21.0,"turns":1.0},{"damage":30.0,"enemies":"Snake Plant","floor":24.0,"turns":4.0},{"damage":8.0,"enemies":"Snecko","floor":29.0,"turns":3.0},{"damage":11.0,"enemies":"Book of Stabbing","floor":31.0,"turns":3.0},{"damage":4,"enemies":"Champ","floor":33,"turns":8},{"damage":3,"enemies":"3 Darklings","floor":35,"turns":3}],"seed_played":"5810407882910140832","potions_obtained":[{"floor":3.0,"key":"AttackPotion"},{"floor":12.0,"key":"Block Potion"},{"floor":14.0,"key":"Dexterity Potion"},{"floor":29.0,"key":"Weak Potion"},{"floor":33,"key":"LiquidMemories"}],"is_trial":false,"path_per_floor":["M","?","M","M","$","E","R","E","T","M","R","M","?","M","R","B",null,"M","?","$","M","?","R","M","?","T","$","R","M","?","E","R","B",null,"M"],"character_chosen":"THE_STARBREAKER","items_purchased":[],"campfire_rested":1,"item_purchase_floors":[],"current_hp_per_floor":[60,53,55,57,57,12,30,22,22,18,18,35,35,47,47,30,60,60,60,60,60,44,44,19,19,19,19,19,32,32,23,23,21,60,57,57],"gold":163,"neow_bonus":"THREE_ENEMY_KILL","is_daily":false,"chose_seed":false,"campfire_upgraded":2,"win_rate":0.0,"timestamp":1613188562,"path_taken":["M","?","M","M","$","E","R","E","T","M","R","M","?","?","R","BOSS","M","?","$","M","?","R","M","?","T","$","R","M","?","E","R","BOSS","M"],"items_purchased_type":[],"build_version":"2020-12-22","purchased_purges":2,"victory":false,"max_hp_per_floor":[60,60,60,60,60,60,60,60,60,60,60,60,60,60,60,60,60,60,60,60,60,60,60,60,60,60,60,60,60,60,60,60,60,60,60,60],"card_choices":[{"not_picked":["Moonworks:NicePresent","Moonworks:SakisCookie"],"picked":"Moonworks:LuckyCharm","floor":1.0},{"not_picked":["Moonworks:ImOnFire","Moonworks:SakisCookie"],"picked":"Moonworks:JonathanRush","floor":3.0},{"not_picked":["Moonworks:Assault","Moonworks:ImmovableObject"],"picked":"Moonworks:DeployBits","floor":4.0},{"not_picked":["Moonworks:DeployBits","Moonworks:SelfDestruct"],"picked":"Moonworks:MeltingMemories","floor":6.0},{"not_picked":["Moonworks:CloudOfSeagulls","Moonworks:DeployBits"],"picked":"Moonworks:EvilSpyWorkPreparation","floor":8.0},{"not_picked":["Moonworks:ForcedRevival","Moonworks:SelfDestruct"],"picked":"Moonworks:JonathanRush","floor":10.0},{"not_picked":["Moonworks:JonathanRush","Moonworks:Assault"],"picked":"Moonworks:MixPhenomenon","floor":12.0},{"not_picked":["Moonworks:SinkOrSwim","Moonworks:UnluckyCharm"],"picked":"Moonworks:AwakeningOfTalent","floor":14.0},{"not_picked":["Moonworks:OutOfAmmo","Moonworks:SinkOrSwim"],"picked":"Moonworks:MetallicMonocoque","floor":16.0},{"not_picked":["Moonworks:NicePresent+1","Moonworks:LulusLuckyEgg"],"picked":"Moonworks:EvilSpyWorkPreparation+1","floor":18.0},{"not_picked":["Moonworks:NicePresent","Moonworks:SakisCookie","Moonworks:BigMagnum+1"],"picked":"SKIP","floor":21.0},{"not_picked":["Moonworks:SakisCookie","Moonworks:IndiscriminateFireSupport"],"picked":"Moonworks:Flamethrower+1","floor":24.0},{"not_picked":["Moonworks:Dinner+1","Moonworks:DeployBits","Moonworks:IndiscriminateFireSupport"],"picked":"Moonworks:JonathanRush","floor":29.0},{"not_picked":["Moonworks:BindingChains","Moonworks:IndiscriminateFireSupport","Moonworks:MixPhenomenon"],"picked":"Moonworks:CloudOfSeagulls","floor":31.0},{"not_picked":["Moonworks:OutOfAmmo","Moonworks:EvilMastermind","Moonworks:Blazing"],"picked":"Moonworks:Accelerator","floor":33}],"player_experience":276212,"relics_obtained":[{"floor":6.0,"key":"Bag of Marbles"},{"floor":8.0,"key":"Whetstone"},{"floor":22.0,"key":"Necronomicon"},{"floor":26.0,"key":"Question Card"},{"floor":31.0,"key":"Pocketwatch"}],"event_choices":[{"damage_healed":0.0,"max_hp_gain":0.0,"max_hp_loss":0.0,"gold_gain":0.0,"event_name":"Scrap Ooze","player_choice":"Success","floor":2.0,"gold_loss":0.0,"damage_taken":7.0,"relics_obtained":["Blood Vial"]},{"damage_healed":0.0,"max_hp_gain":0.0,"max_hp_loss":0.0,"gold_gain":275.0,"event_name":"Golden Shrine","player_choice":"Desecrate","floor":13.0,"gold_loss":0.0,"damage_taken":0.0,"cards_obtained":["Regret"]},{"damage_healed":0.0,"max_hp_gain":0.0,"max_hp_loss":0.0,"gold_gain":0.0,"event_name":"The Mausoleum","player_choice":"Opened","floor":19.0,"gold_loss":0.0,"damage_taken":0.0,"relics_obtained":["Girya"],"cards_obtained":["Writhe"]},{"damage_healed":0.0,"max_hp_gain":0.0,"max_hp_loss":0.0,"gold_gain":0.0,"event_name":"Cursed Tome","player_choice":"Obtained Book","floor":22.0,"gold_loss":0.0,"damage_taken":16.0},{"damage_healed":0.0,"max_hp_gain":0.0,"max_hp_loss":0.0,"gold_gain":99.0,"event_name":"Nest","player_choice":"Stole From Cult","floor":25.0,"gold_loss":0.0,"damage_taken":0.0},{"damage_healed":0.0,"max_hp_gain":0.0,"max_hp_loss":0.0,"gold_gain":0.0,"event_name":"Ghosts","player_choice":"Ignored","floor":30.0,"gold_loss":0.0,"damage_taken":0.0}],"is_beta":false,"boss_relics":[{"not_picked":["Velvet Choker","Snecko Eye"],"picked":"REME_DuelDisc"},{"not_picked":["Fusion Hammer","Runic Dome"],"picked":"Coffee Dripper"}],"items_purged_floors":[20,20],"is_endless":false,"potions_floor_spawned":[3,12,14,16,29,31,33],"killed_by":"3 Darklings","ascension_level":0}}