{"host":"diogo","time":1613241989,"event":{"mods":["BaseMod","Minty Spire (QoL Compilation)","StSLib","SuperFastMode"],"gold_per_floor":[109,109,129,140,152,183,183,194,194,228,245,265,284,314,314,416,416,429,429,32,32,32,32,65,65,145,177,192,201,217,141,141,251,251,266,24,37,49,66,96,96,96,149,163,163,182,202,227,227,227],"floor_reached":51,"language":"ENG","playtime":1977,"items_purged":[],"score":1358,"play_id":"bf7f797f-d868-48da-af84-5cc61e4f52d1","local_time":"20210213194629","daily_mods":["Hoarder","Specialized","Lethality"],"is_ascension_mode":true,"campfire_choices":[{"floor":7,"key":"REST"},{"floor":15,"key":"REST"},{"floor":23,"key":"REST"},{"floor":25,"key":"REST"},{"floor":32,"key":"REST"},{"floor":42,"key":"REST"},{"floor":49,"key":"REST"}],"circlet_count":0,"master_deck":["Strike_G","Strike_G","Strike_G","Strike_G","Strike_G","Defend_G","Defend_G","Defend_G","Defend_G","Defend_G","Survivor","Neutralize","Corpse Explosion","Corpse Explosion","Corpse Explosion","Corpse Explosion","Corpse Explosion","Corpse Explosion","Corpse Explosion","Corpse Explosion","Corpse Explosion","Corpse Explosion","Corpse Explosion","Corpse Explosion","Corpse Explosion","Corpse Explosion","Corpse Explosion","PiercingWail","PiercingWail","PiercingWail","Backstab","Backstab","Backstab","Deadly Poison","Deadly Poison","Deadly Poison","Adrenaline","Adrenaline","Adrenaline","Catalyst","Catalyst","Catalyst","Mayhem","Mayhem","Mayhem","Ghostly","Ghostly","Ghostly","Ghostly","Ghostly","Ghostly","Ghostly","Ghostly","Ghostly","Ghostly","Ghostly","Ghostly","Ghostly","Ghostly","Ghostly","Prepared","Prepared","Prepared","Adrenaline","Adrenaline","Adrenaline","Escape Plan+1","Escape Plan+1","Escape Plan+1"],"relics":["Ring of the Snake","StrikeDummy","Tiny Chest","Toy Ornithopter","Pear","Fusion Hammer","CeramicFish","The Specimen","Singing Bowl","Orichalcum","SlaversCollar","Mummified Hand","Thread and Needle","Bag of Marbles","Meat on the Bone","MealTicket"],"acts_visited":["Exordium","TheCity","TheBeyond"],"potions_floor_usage":[10,10,10,12,16,50,50],"damage_taken":[{"damage":0,"enemies":"Small Slimes","floor":1,"turns":3},{"damage":6,"enemies":"Cultist","floor":3,"turns":3},{"damage":16,"enemies":"2 Louse","floor":4,"turns":2},{"damage":15,"enemies":"Exordium Wildlife","floor":5,"turns":2},{"damage":0,"enemies":"3 Sentries","floor":6,"turns":1},{"damage":9,"enemies":"Large Slime","floor":8,"turns":3},{"damage":42,"enemies":"Lagavulin","floor":10,"turns":7},{"damage":0,"enemies":"Exordium Thugs","floor":11,"turns":1},{"damage":0,"enemies":"Blue Slaver","floor":12,"turns":1},{"damage":0,"enemies":"Red Slaver","floor":13,"turns":1},{"damage":0,"enemies":"Gremlin Nob","floor":14,"turns":2},{"damage":16,"enemies":"Slime Boss","floor":16,"turns":8},{"damage":0,"enemies":"Chosen","floor":18,"turns":3},{"damage":12,"enemies":"Book of Stabbing","floor":24,"turns":6},{"damage":10,"enemies":"Gremlin Leader","floor":27,"turns":6},{"damage":0,"enemies":"3 Byrds","floor":28,"turns":1},{"damage":0,"enemies":"Sentry and Sphere","floor":30,"turns":4},{"damage":0,"enemies":"Automaton","floor":33,"turns":7},{"damage":0,"enemies":"3 Darklings","floor":35,"turns":1},{"damage":0,"enemies":"3 Shapes","floor":37,"turns":1},{"damage":3,"enemies":"Writhing Mass","floor":38,"turns":6},{"damage":0,"enemies":"Sphere and 2 Shapes","floor":39,"turns":4},{"damage":0,"enemies":"Giant Head","floor":40,"turns":7},{"damage":0,"enemies":"3 Darklings","floor":44,"turns":1},{"damage":0,"enemies":"Jaw Worm Horde","floor":46,"turns":1},{"damage":0,"enemies":"Sphere and 2 Shapes","floor":47,"turns":1},{"damage":0,"enemies":"Nemesis","floor":48,"turns":5},{"damage":0,"enemies":"Awakened One","floor":50,"turns":13}],"seed_played":"6825202150435666432","potions_obtained":[{"floor":1,"key":"DuplicationPotion"},{"floor":2,"key":"SpeedPotion"},{"floor":2,"key":"EssenceOfSteel"},{"floor":10,"key":"BlessingOfTheForge"},{"floor":12,"key":"GhostInAJar"},{"floor":14,"key":"Explosive Potion"},{"floor":28,"key":"Regen Potion"},{"floor":39,"key":"PowerPotion"}],"is_trial":true,"path_per_floor":["M","?","M","M","M","E","R","M","T","E","M","M","M","E","R","B",null,"M","?","$","?","T","R","E","R","T","E","M","?","M","$","R","B",null,"M","$","M","M","M","E","?","R","T","M","T","M","M","E","R","B",null],"character_chosen":"THE_SILENT","items_purchased":["Catalyst","Mayhem","BlessingOfTheForge","FairyPotion","DuplicationPotion","Mummified Hand"],"campfire_rested":7,"item_purchase_floors":[20,20,20,20,31,36],"current_hp_per_floor":[70,70,64,48,33,33,54,45,45,3,3,8,8,18,42,31,68,68,53,53,42,42,42,30,42,42,34,36,36,38,38,48,48,48,50,50,52,51,53,55,52,58,58,60,60,60,62,64,64,64],"gold":227,"neow_bonus":"","is_daily":false,"chose_seed":false,"campfire_upgraded":0,"win_rate":0.0,"timestamp":1613241989,"path_taken":["M","?","M","M","M","E","R","M","T","E","M","M","?","E","R","BOSS","M","?","$","?","?","R","E","R","T","E","M","?","?","$","R","BOSS","M","$","M","M","M","E","?","R","T","M","?","M","M","E","R","BOSS"],"items_purchased_type":["Card","Card","Potion","Potion","Potion","Relic"],"build_version":"2020-12-18","purchased_purges":0,"victory":true,"max_hp_per_floor":[70,70,70,70,70,70,70,70,70,70,70,70,70,80,80,80,80,80,85,85,42,42,42,42,42,42,44,46,46,48,48,48,48,48,50,50,52,54,56,58,58,58,58,60,60,60,62,64,64,64],"card_choices":[{"not_picked":["Prepared","Bouncing Flask","Dagger Throw"],"picked":"SKIP","floor":1},{"not_picked":["Cloak And Dagger","Tactician","Dodge and Roll"],"picked":"SKIP","floor":3},{"not_picked":["Acrobatics","Cloak And Dagger"],"picked":"PiercingWail","floor":4},{"not_picked":["Poisoned Stab","Outmaneuver"],"picked":"Backstab","floor":5},{"not_picked":["Unload","Dagger Spray","Flying Knee"],"picked":"SKIP","floor":6},{"not_picked":["Setup","Poisoned Stab","Prepared"],"picked":"SKIP","floor":8},{"not_picked":["Slice","Well Laid Plans","All Out Attack"],"picked":"SKIP","floor":10},{"not_picked":["Prepared","Underhanded Strike","Footwork"],"picked":"SKIP","floor":11},{"not_picked":["Footwork","All Out Attack"],"picked":"Deadly Poison","floor":12},{"not_picked":["Slice","Masterful Stab","Flying Knee"],"picked":"SKIP","floor":13},{"not_picked":["Noxious Fumes","Blur","A Thousand Cuts"],"picked":"SKIP","floor":14},{"not_picked":["Burst","After Image"],"picked":"Adrenaline","floor":16},{"not_picked":["Flying Knee+1","Bouncing Flask","Backflip"],"picked":"SKIP","floor":18},{"not_picked":["Poisoned Stab","Expertise","Dagger Spray"],"picked":"SKIP","floor":24},{"not_picked":["Dodge and Roll","Expertise","Well Laid Plans+1"],"picked":"Singing Bowl","floor":27},{"not_picked":["Cloak And Dagger","Predator","Backflip"],"picked":"Singing Bowl","floor":28},{"not_picked":["Sucker Punch","Dash","Riddle With Holes"],"picked":"Singing Bowl","floor":30},{"not_picked":["Unload","Corpse Explosion"],"picked":"Adrenaline","floor":33},{"not_picked":["Acrobatics","Outmaneuver+1","Deadly Poison+1"],"picked":"Singing Bowl","floor":35},{"not_picked":["Underhanded Strike","Deflect","Backflip"],"picked":"Singing Bowl","floor":37},{"not_picked":["Skewer+1","Blur+1","Caltrops+1"],"picked":"Singing Bowl","floor":38},{"not_picked":["Blade Dance","Crippling Poison","Acrobatics+1"],"picked":"Singing Bowl","floor":39},{"not_picked":["Dagger Spray","Outmaneuver+1","Dodge and Roll+1"],"picked":"Singing Bowl","floor":40},{"not_picked":["Poisoned Stab+1","Bouncing Flask","Dagger Spray+1"],"picked":"Singing Bowl","floor":44},{"not_picked":["Bane+1","Dodge and Roll"],"picked":"Escape Plan+1","floor":46},{"not_picked":["Concentrate","Night Terror","Outmaneuver+1"],"picked":"Singing Bowl","floor":47},{"not_picked":["Quick Slash+1","Bane+1","Caltrops+1"],"picked":"Singing Bowl","floor":48}],"player_experience":376746,"relics_obtained":[{"floor":6,"key":"StrikeDummy"},{"floor":9,"key":"Tiny Chest"},{"floor":10,"key":"Toy Ornithopter"},{"floor":14,"key":"Pear"},{"floor":22,"key":"CeramicFish"},{"floor":24,"key":"The Specimen"},{"floor":26,"key":"Singing Bowl"},{"floor":27,"key":"Orichalcum"},{"floor":40,"key":"Thread and Needle"},{"floor":43,"key":"Bag of Marbles"},{"floor":45,"key":"Meat on the Bone"},{"floor":48,"key":"MealTicket"}],"event_choices":[{"damage_healed":0,"gold_gain":0,"player_choice":"Got Potions","damage_taken":0,"max_hp_gain":0,"max_hp_loss":0,"event_name":"Lab","floor":2,"gold_loss":0},{"damage_healed":0,"gold_gain":0,"player_choice":"Shed Blood","damage_taken":20,"max_hp_gain":5,"max_hp_loss":0,"event_name":"Forgotten Altar","floor":19,"gold_loss":0},{"damage_healed":0,"gold_gain":0,"player_choice":"Became a Ghost","damage_taken":0,"max_hp_gain":0,"max_hp_loss":43,"event_name":"Ghosts","floor":21,"gold_loss":0,"cards_obtained":["Ghostly","Ghostly","Ghostly","Ghostly","Ghostly"]},{"damage_healed":0,"gold_gain":0,"player_choice":"Read","damage_taken":0,"max_hp_gain":0,"max_hp_loss":0,"event_name":"The Library","floor":29,"gold_loss":0,"cards_obtained":["Prepared"]},{"damage_healed":0,"gold_gain":0,"player_choice":"Punched","damage_taken":3,"max_hp_gain":0,"max_hp_loss":0,"event_name":"Designer","floor":41,"gold_loss":0}],"is_beta":true,"boss_relics":[{"not_picked":["Busted Crown","HoveringKite"],"picked":"Fusion Hammer"},{"not_picked":["SacredBark","Calling Bell"],"picked":"SlaversCollar"}],"items_purged_floors":[],"is_endless":false,"potions_floor_spawned":[1,5,10,12,14,24,28,33,38,39,40,46],"ascension_level":5}}