{"host":"3pyrf848gr42tovh","time":1613237293,"event":{"mods":["Act Like it!","Arknights","Aspiration","BaseMod","Better Altar","Better Match","Better Note","Better Sensory Stone","Better Skull","Better Third Choice","BetterRewards","Colored Map","Conspire","Curses Come First","Displayed Cursed Tome","Hubris","Infinite Spire","Marisa????????","Minty Spire (QoL Compilation)","Quick Restart","Relic Sorter","Relic Stats","Remilia??????","Replay The Spire","Spire Arcade","StSLib","Td1madao Mod","The Administrix","The Animator","The Cursed","The Hierophant","The Jungle","The Necromancer","The Servant 0.9.4"],"gold_per_floor":[13,33,51,69,79,113,113,126,126,155,155,165,193,163,163,259,259,278,297,316,316,316,349,349,274,300,300,352,380,396,269,269,366,366,380,392,392,392,416,448,448,51,51,51,69,69,86,116,116,116,116,116,41,76,76],"floor_reached":56,"language":"ENG","playtime":2513,"items_purged":["ats:Defend"],"score":1290,"play_id":"10aca9be-61de-4270-869d-c1facdeb8020","local_time":"20210213192813","is_ascension_mode":false,"campfire_choices":[{"floor":7.0,"key":"REST"},{"floor":15,"key":"REST"},{"floor":24,"key":"REST"},{"floor":27,"key":"REST"},{"floor":32,"key":"REST"},{"data":"ats:Demon Strength","floor":41,"key":"SMITH"},{"floor":49,"key":"RECALL"},{"data":"ats:Demon Strength","floor":52,"key":"SMITH"}],"circlet_count":0,"master_deck":["ats:Strike G+1","ats:Strike V","ats:Armor Crushing Shot","ats:Defend+1","ats:Defend","ats:Defend+1","ats:Emotion Absorption","ats:Powerful Strike+1","ats:Sunburst","ats:Overload","ats:Leaping Hammer+1","ats:Sunburst","ats:Nebulous Foxfire","ats:Shell Defense+1","ats:Demon Strength+1","ats:Part Time Job","ats:Demon Strength+1","ats:Serious Mode","BottledTime+1"],"relics":["ats:Sanity","Lizard Tail","Gremlin Food","ats:Originium","infinitespire:Lucky Rock","WingedGreaves","Centennial Puzzle","aspiration:ServantSkillbook","infinitespire:CheckeredPen","hubris:DeckOfHolding","Bag of Preparation","hubris:ScarierMask","hubris:Towel","PreservedInsect","hubris:Potato","Lee\u0027s Waffle","hubris:CrystalStatue","Bottled Lightning","Durian","Ice Cream"],"acts_visited":["Exordium","TheCity","TheBeyond","TheEnding"],"potions_floor_usage":[16,33,45,55,55,55],"damage_taken":[{"damage":16.0,"enemies":"infinitespire:Voidling","floor":1.0,"turns":5.0},{"damage":0.0,"enemies":"Small Slimes","floor":2.0,"turns":3.0},{"damage":11.0,"enemies":"Jaw Worm","floor":3.0,"turns":3.0},{"damage":11.0,"enemies":"Red Slaver","floor":4.0,"turns":3.0},{"damage":5.0,"enemies":"2 Fungi Beasts","floor":5.0,"turns":3.0},{"damage":4.0,"enemies":"3 Sentries","floor":6.0,"turns":5.0},{"damage":0.0,"enemies":"Looter","floor":8.0,"turns":4.0},{"damage":18.0,"enemies":"Replay:BlueRogue","floor":10.0,"turns":4.0},{"damage":0,"enemies":"Large Slime","floor":12,"turns":5},{"damage":23,"enemies":"Lagavulin","floor":13,"turns":7},{"damage":38,"enemies":"Fading Forest","floor":16,"turns":11},{"damage":33,"enemies":"2 Thieves","floor":18,"turns":4},{"damage":18,"enemies":"Spheric Guardian","floor":19,"turns":4},{"damage":1,"enemies":"Centurion and Healer","floor":20,"turns":4},{"damage":31,"enemies":"Gremlin Leader","floor":23,"turns":6},{"damage":0,"enemies":"conspire:SneckoGhost","floor":29,"turns":5},{"damage":6,"enemies":"Snake Plant","floor":30,"turns":3},{"damage":4,"enemies":"Collector","floor":33,"turns":6},{"damage":15,"enemies":"Orb Walker","floor":35,"turns":4},{"damage":6,"enemies":"3 Shapes","floor":36,"turns":3},{"damage":6,"enemies":"Reptomancer","floor":40,"turns":4},{"damage":2,"enemies":"Spire Growth","floor":45,"turns":3},{"damage":0,"enemies":"Maw","floor":47,"turns":5},{"damage":0,"enemies":"Nemesis","floor":48,"turns":3},{"damage":96,"enemies":"Time Eater","floor":50,"turns":7},{"damage":9,"enemies":"Shield and Spear","floor":54,"turns":4},{"damage":99,"enemies":"The Heart","floor":55,"turns":8}],"seed_played":"1527399820932518958","potions_obtained":[{"floor":3.0,"key":"FairyPotion"},{"floor":5.0,"key":"AttackPotion"},{"floor":6.0,"key":"SkillPotion"},{"floor":8.0,"key":"Energy Potion"},{"floor":13,"key":"Strength Potion"},{"floor":14,"key":"Elixir"},{"floor":14,"key":"CultistPotion"},{"floor":23,"key":"ats:Flame Arts Potion"},{"floor":28,"key":"Doom Potion"},{"floor":33,"key":"ColorlessPotion"},{"floor":45,"key":"Explosive Potion"},{"floor":54,"key":"Weak Potion"}],"is_trial":false,"path_per_floor":["M","M","M","M","M","E","R","M","T","E","?","M","E","?","R","B",null,"M","M","M","?","?","E","R","?","T","R","?","E","M","$","R","B",null,"M","M","?","?","T","E","R","$","T","?","M","?","M","E","R","B",null,"R","$","E","B",null],"character_chosen":"DOCTOR_CLASS","items_purchased":["SteroidPotion","Lee\u0027s Waffle","hubris:CrystalStatue","DistilledChaos"],"campfire_rested":5,"item_purchase_floors":[31,42,42,53],"current_hp_per_floor":[60,60,49,38,33,29,50,50,50,32,32,32,9,9,30,11,72,44,31,38,38,38,15,36,36,36,57,57,63,59,59,72,71,72,68,64,64,64,64,62,62,75,75,75,73,73,75,80,80,43,80,80,80,75,45],"gold":76,"neow_bonus":"ONE_RARE_RELIC","is_daily":false,"chose_seed":false,"campfire_upgraded":2,"win_rate":0.0,"timestamp":1613237293,"path_taken":["M","M","?","M","M","E","R","M","T","E","?","M","E","?","R","BOSS","M","M","M","?","?","E","R","?","T","R","?","E","M","?","R","BOSS","M","M","?","?","?","E","R","$","T","?","M","?","M","E","R","BOSS","R","$","E","BOSS"],"items_purchased_type":["Potion","Relic","Relic","Potion"],"build_version":"2020-12-22","purchased_purges":1,"victory":true,"max_hp_per_floor":[72,72,72,72,72,72,72,72,72,72,72,72,72,72,72,72,72,72,72,72,72,72,72,72,72,72,72,72,72,72,72,72,72,72,72,72,72,68,68,68,68,75,75,75,75,75,75,80,80,80,80,80,80,80,80],"relic_stats":{"Lizard Tail":40,"Centennial Puzzle":[39],"Lee\u0027s Waffle":13,"counters":[27,126],"PreservedInsect":175,"Bag of Preparation":[22],"obtain_stats":[{"Gremlin Food":6,"Ice Cream":54,"Lee\u0027s Waffle":42,"hubris:CrystalStatue":42,"PreservedInsect":39,"Bag of Preparation":29,"infinitespire:Lucky Rock":9,"infinitespire:CheckeredPen":23,"hubris:Towel":37,"Lizard Tail":0,"Centennial Puzzle":13,"ats:Originium":6,"aspiration:ServantSkillbook":17,"hubris:ScarierMask":34,"hubris:DeckOfHolding":28,"WingedGreaves":10,"Durian":48,"ats:Sanity":0,"Bottled Lightning":43,"hubris:Potato":40},{"Gremlin Food":6,"Ice Cream":26,"Lee\u0027s Waffle":21,"hubris:CrystalStatue":21,"PreservedInsect":20,"Bag of Preparation":16,"infinitespire:Lucky Rock":7,"infinitespire:CheckeredPen":15,"hubris:Towel":20,"Lizard Tail":0,"Centennial Puzzle":10,"ats:Originium":6,"aspiration:ServantSkillbook":11,"hubris:ScarierMask":18,"hubris:DeckOfHolding":15,"WingedGreaves":8,"Durian":24,"ats:Sanity":0,"Bottled Lightning":21,"hubris:Potato":21},{"Gremlin Food":22,"Ice Cream":118,"Lee\u0027s Waffle":96,"hubris:CrystalStatue":96,"PreservedInsect":92,"Bag of Preparation":76,"infinitespire:Lucky Rock":26,"infinitespire:CheckeredPen":71,"hubris:Towel":92,"Lizard Tail":0,"Centennial Puzzle":42,"ats:Originium":22,"aspiration:ServantSkillbook":53,"hubris:ScarierMask":85,"hubris:DeckOfHolding":71,"WingedGreaves":30,"Durian":107,"ats:Sanity":0,"Bottled Lightning":96,"hubris:Potato":96}]},"card_choices":[{"not_picked":["ats:Flexible Camouflage","ats:Sashimi Platter"],"picked":"ats:Powerful Strike","floor":1.0},{"not_picked":["ats:Revitalization","ats:Encircling Forest","ats:Absolute Focus"],"picked":"SKIP","floor":2.0},{"not_picked":["ats:Revitalization","ats:Encircling Forest","ats:Absolute Focus"],"picked":"SKIP","floor":2.0},{"not_picked":["ats:Healing Drone","ats:Absolute Focus"],"picked":"ats:Sunburst","floor":3.0},{"not_picked":["ats:Revitalization","ats:Closed Bolt Burst Fire","ats:Assault Order"],"picked":"SKIP","floor":4.0},{"not_picked":["ats:Defend Order","ats:Hook Shot","ats:Shadow Raid"],"picked":"SKIP","floor":5.0},{"not_picked":["ats:Ignite","ats:Blood Oath","ats:Wolf Pack"],"picked":"SKIP","floor":6.0},{"not_picked":["ats:Chain Hook","ats:Phantom"],"picked":"ats:Overload","floor":8.0},{"not_picked":["ats:Flexible Camouflage","ats:Encircling Forest"],"picked":"ats:Leaping Hammer","floor":10.0},{"not_picked":["ats:Song Of Battle","ats:Leaping Hammer"],"picked":"ats:Sunburst","floor":12},{"not_picked":["ats:Explosion Area Strengthen","ats:Collapsing Strike"],"picked":"ats:Nebulous Foxfire","floor":13},{"not_picked":["ats:Curse Doll","ats:Thorns","GearUp","BottledTime"],"picked":"SKIP","floor":18},{"not_picked":["ats:Sunburst","Moonlight","ats:Absolute Focus+1"],"picked":"ats:Shell Defense+1","floor":19},{"not_picked":["Unruled","DoubleEdge","ats:Apocalypse+1","ats:Automatic Cover+1"],"picked":"SKIP","floor":20},{"not_picked":["Ricochet","ats:Flexible Camouflage","Spin","Defy"],"picked":"SKIP","floor":23},{"not_picked":["PendulumOfEternity","ats:Charging Defense","Dilation"],"picked":"ats:Demon Strength","floor":29},{"not_picked":["ats:Defend Order","Spin","ats:Explosion Area Strengthen+1","Alleviate"],"picked":"SKIP","floor":30},{"not_picked":["ats:Absolute Focus","ats:Sunburst","ats:Leaping Hammer","ats:Assault Order"],"picked":"SKIP","floor":35},{"not_picked":["Starlight","ats:Sashimi Platter+1","Ricochet+1"],"picked":"ats:Part Time Job","floor":36},{"not_picked":["ShatteredReality+1","Comet","ats:Directed Diagnosis+1"],"picked":"ats:Demon Strength","floor":40},{"not_picked":["ats:Hammer On+1","ats:Dogmatic Field","Replace+1"],"picked":"ats:Serious Mode","floor":45},{"not_picked":["Rewind","DancingSilver","ats:Curse Doll+1"],"picked":"BottledTime+1","floor":47},{"not_picked":["MoonPhase","ats:Powerful Strike","PendulumOfEternity","ats:Flexible Camouflage+1"],"picked":"SKIP","floor":48},{"not_picked":["Snipe+1","DoubleEdge+1","ats:Poison Spread","ats:Cat Scratch+1"],"picked":"SKIP","floor":54}],"player_experience":133999,"relics_obtained":[{"floor":6.0,"key":"Gremlin Food"},{"floor":6.0,"key":"ats:Originium"},{"floor":9.0,"key":"infinitespire:Lucky Rock"},{"floor":10.0,"key":"ats:Originium"},{"floor":10.0,"key":"WingedGreaves"},{"floor":13,"key":"ats:Originium"},{"floor":13,"key":"Centennial Puzzle"},{"floor":23,"key":"ats:Originium"},{"floor":23,"key":"infinitespire:CheckeredPen"},{"floor":28,"key":"hubris:DeckOfHolding"},{"floor":29,"key":"Bag of Preparation"},{"floor":39,"key":"PreservedInsect"},{"floor":40,"key":"hubris:Potato"},{"floor":43,"key":"Bottled Lightning"},{"floor":48,"key":"Durian"},{"floor":54,"key":"Ice Cream"}],"event_choices":[{"damage_healed":0,"gold_gain":0,"player_choice":"Bought 2 Potions","damage_taken":0,"max_hp_gain":0,"max_hp_loss":0,"event_name":"The Woman in Blue","floor":14,"gold_loss":0},{"cards_removed":["ats:Nebulous Foxfire"],"damage_healed":0,"gold_gain":0,"player_choice":"Give","damage_taken":0,"max_hp_gain":0,"max_hp_loss":0,"event_name":"betterNote:BetterNote","floor":21,"gold_loss":0,"cards_obtained":["Defragment"]},{"cards_removed":["ats:Strike S"],"damage_healed":0,"gold_gain":0,"player_choice":"Elegance","damage_taken":0,"max_hp_gain":0,"max_hp_loss":0,"event_name":"betterThird:BetterWriting","floor":22,"gold_loss":0},{"cards_removed":["ats:Strike C"],"damage_healed":0,"gold_gain":0,"player_choice":"Gave Gold","damage_taken":0,"max_hp_gain":0,"max_hp_loss":0,"event_name":"Beggar","floor":25,"gold_loss":75},{"damage_healed":0,"gold_gain":0,"player_choice":"Max HP","damage_taken":0,"max_hp_gain":0,"max_hp_loss":4,"event_name":"Winding Halls","floor":38,"gold_loss":0}],"is_beta":false,"boss_relics":[{"not_picked":["conspire:RunicOctahedron","Runic Pyramid"],"picked":"aspiration:ServantSkillbook"},{"not_picked":["hubris:BlackHole","Ring of Chaos"],"picked":"hubris:ScarierMask"}],"items_purged_floors":[31],"is_endless":false,"potions_floor_spawned":[3,5,6,8,13,23,33,45,47,48,54],"ascension_level":0}}