{"host":"a3oe3gstxz77c7qu","time":1613243168,"event":{"mods":["2.2 Compatiblity","Act Like it!","Astrologer","BaseMod","Bestiary","Better Altar","Better Match","Better Note","Better Skull","Better Third Choice","Block Reminder","Curses Come First","Custom Start","Dark Map","Downfall","Friendly Minions","GifTheSpireLib","Hallownest","Hermit","Jorbs\u0027s Wanderer Trilogy","Lobotomy","LobotomyExtend","Marisa????????","Minty Spire (QoL Compilation)","Permanent Neow","Quick Restart","Relic Filter Mod","Relic Stats","Reliquary","Replay The Spire","Smile Girya","Spire Arcade","StSLib","The Bug Knight","The Cursed","The Disciple","The Jungle","Uncapped","Unknown Chances","Wandering Minibosses"],"gold_per_floor":[99,116,128,128,139,164,164,89,119,19,4,4,4,0,18,115,115,15,28,38,130,130,162,186,86,119,119,147,147,164,64,78,174,174,174,194,213,225,237,237,261,261,501,501,521,546,86,98,116,116],"floor_reached":51,"language":"ENG","playtime":4715,"items_purged":["bronze:Strike","bronze:Replicate","bronze:Strike"],"score":982,"play_id":"dc9be29b-44c6-47c6-82b7-3c88f1c68e27","local_time":"20210213190608","is_ascension_mode":true,"campfire_choices":[{"floor":1,"key":"RECALL"},{"floor":10,"key":"REST"},{"floor":12,"key":"REST"},{"data":"bronze:Strike","floor":18,"key":"PURGE"},{"data":"bronze:Return","floor":25,"key":"SMITH"},{"data":"bronze:Format","floor":27,"key":"SMITH"},{"floor":35,"key":"DIG"},{"floor":40,"key":"DIG"},{"floor":42,"key":"DIG"},{"floor":44,"key":"DIG"}],"circlet_count":0,"master_deck":["bronze:Defend","bronze:Defend","bronze:Defend","bronze:Goto+1","bronze:FineTuning","bronze:Branch+1","LessonLearned+1","bronze:Repair+1","bronze:Iterate+1","bronze:ChildClass+1","bronze:Return+1","bronze:Shell+1","bronze:Terminator+1","bronze:TinkerersToolbox+1","bronze:Format+1","bronze:FineTuning+1","bronze:Iterate+1","bronze:FineTuning+1","Violence+1"],"relics":["bronze:PlatinumCore","LetterFromLob","Replay:WaspNest","Onion Ring","downfall:HeartBlessingRed","downfall:HeartBlessingGreen","Chemical X","Simple Rune","downfall:HeartBlessingBlue","bronze:Timepiece","Shovel","wanderingMiniBosses:Inkheart","reliquary:RedPaperclip","Vajra","reliquary:PartyBalloon","Blood Vial","Vajra","Toxic Egg 2","HornCleat","BargainBundle","Bag of Preparation"],"acts_visited":["Exordium","TheCity","TheBeyond"],"potions_floor_usage":[9,23,33,51,51,51],"damage_taken":[{"damage":3,"enemies":"Small Slimes","floor":2,"turns":4},{"damage":15,"enemies":"2 Louse","floor":3,"turns":6},{"damage":0,"enemies":"Cultist","floor":5,"turns":3},{"damage":4,"enemies":"HollowMod:MossKnight","floor":6,"turns":10},{"damage":27,"enemies":"Gremlin Nob","floor":9,"turns":5},{"damage":10,"enemies":"downfall:FleeingMerchant","floor":11,"turns":4},{"damage":9,"enemies":"downfall:FleeingMerchant","floor":14,"turns":4},{"damage":0,"enemies":"Exordium Wildlife","floor":15,"turns":2},{"damage":10,"enemies":"IC_STATUS_ARCHETYPE","floor":16,"turns":7},{"damage":0,"enemies":"3 Byrds","floor":19,"turns":5},{"damage":0,"enemies":"Chosen","floor":20,"turns":2},{"damage":0,"enemies":"downfall:FleeingMerchant","floor":21,"turns":6},{"damage":0,"enemies":"Book of Stabbing","floor":23,"turns":5},{"damage":0,"enemies":"Slavers","floor":26,"turns":3},{"damage":3,"enemies":"Book of Stabbing","floor":28,"turns":5},{"damage":0,"enemies":"Snecko","floor":30,"turns":4},{"damage":0,"enemies":"Centurion and Healer","floor":32,"turns":6},{"damage":0,"enemies":"WA_ARCHETYPE_CALM","floor":33,"turns":3},{"damage":0,"enemies":"3 Darklings","floor":36,"turns":2},{"damage":0,"enemies":"3 Shapes","floor":37,"turns":2},{"damage":0,"enemies":"Transient","floor":38,"turns":5},{"damage":21,"enemies":"Writhing Mass","floor":39,"turns":3},{"damage":0,"enemies":"Jaw Worm Horde","floor":45,"turns":2},{"damage":0,"enemies":"Reptomancer","floor":46,"turns":6},{"damage":0,"enemies":"Sphere and 2 Shapes","floor":48,"turns":2},{"damage":0,"enemies":"Writhing Mass","floor":49,"turns":3},{"damage":0,"enemies":"DF_ARCHETYPE_ORBS","floor":50,"turns":6},{"damage":4,"enemies":"Malkuth","floor":51,"turns":3},{"damage":8,"enemies":"Hod","floor":51,"turns":22},{"damage":0,"enemies":"Tiphereth","floor":51,"turns":27},{"damage":0,"enemies":"Binah","floor":51,"turns":10}],"seed_played":"3431645482677388263","potions_obtained":[{"floor":3,"key":"Toxic Potion"},{"floor":9,"key":"SkillPotion"},{"floor":15,"key":"FearPotion"},{"floor":16,"key":"AttackPotion"},{"floor":26,"key":"Strength Potion"},{"floor":29,"key":"CultistPotion"},{"floor":37,"key":"bronze:CleanCodePotion"}],"is_trial":false,"path_per_floor":["R","M","M","?","M","E","T","?","E","R","$","R","M","$","M","B",null,"R","M","M","$","?","E","T","R","E","R","E","?","M","$","M","B",null,"R","M","M","M","M","R","T","R","?","R","M","E","$","M","M","B",null],"character_chosen":"THE_AUTOMATON","items_purchased":["Chemical X","BargainBundle","bronze:FineTuning+1","Bag of Preparation","Violence+1","PowerPotion"],"campfire_rested":2,"item_purchase_floors":[21,47,47,47,47,47],"current_hp_per_floor":[70,67,52,40,40,43,43,43,26,47,37,58,58,49,59,59,70,70,70,70,70,70,70,70,80,80,80,80,80,80,80,80,80,80,80,80,80,80,71,71,71,71,71,71,73,75,75,77,80,80],"gold":116,"neow_bonus":"REMOVE_CARD","is_daily":false,"chose_seed":false,"campfire_upgraded":2,"win_rate":0.0,"timestamp":1613243168,"path_taken":["R","M","M","?","M","E","T","?","E","R","?","R","M","?","M","BOSS","R","M","M","$","?","E","T","R","E","R","E","?","M","$","M","BOSS","R","M","M","M","M","R","T","R","?","R","M","E","$","M","M","BOSS"],"items_purchased_type":["Relic","Relic","Card","Relic","Card","Potion"],"build_version":"2020-12-22","purchased_purges":3,"victory":true,"max_hp_per_floor":[70,70,70,70,70,70,70,70,70,70,70,70,70,70,70,70,70,70,70,70,70,70,70,70,80,80,80,80,80,80,80,80,80,80,80,80,80,80,80,80,80,80,80,80,80,80,80,80,80,80],"relic_stats":{"Blood Vial":8,"Shovel":4,"counters":[32,180],"Bag of Preparation":[16],"Chemical X":[88],"obtain_stats":[{"Gremlin Food":9,"bronze:PlatinumCore":17,"BargainBundle":47,"bronze:BronzeCore":0,"downfall:HeartBlessingRed":10,"reliquary:PartyBalloon":40,"Vajra":35,"downfall:HeartBlessingGreen":18,"Replay:WaspNest":6,"Bag of Preparation":47,"Blood Vial":41,"Shovel":28,"reliquary:RedPaperclip":34,"HornCleat":46,"downfall:HeartBlessingBlue":25,"Bronze Scales":4,"bronze:Timepiece":26,"Onion Ring":7,"Simple Rune":23,"reliquary:SculptingSteel":42,"LetterFromLob":2,"Chemical X":21,"Toxic Egg 2":44,"wanderingMiniBosses:Inkheart":32},{"Gremlin Food":5,"bronze:PlatinumCore":9,"BargainBundle":24,"bronze:BronzeCore":0,"downfall:HeartBlessingRed":5,"reliquary:PartyBalloon":22,"Vajra":18,"downfall:HeartBlessingGreen":9,"Replay:WaspNest":4,"Bag of Preparation":24,"Blood Vial":22,"Shovel":15,"reliquary:RedPaperclip":18,"HornCleat":24,"downfall:HeartBlessingBlue":13,"Bronze Scales":2,"bronze:Timepiece":14,"Onion Ring":4,"Simple Rune":13,"reliquary:SculptingSteel":22,"LetterFromLob":1,"Chemical X":12,"Toxic Egg 2":22,"wanderingMiniBosses:Inkheart":17},{"Gremlin Food":28,"bronze:PlatinumCore":45,"BargainBundle":104,"bronze:BronzeCore":0,"downfall:HeartBlessingRed":28,"reliquary:PartyBalloon":96,"Vajra":84,"downfall:HeartBlessingGreen":45,"Replay:WaspNest":23,"Bag of Preparation":104,"Blood Vial":96,"Shovel":71,"reliquary:RedPaperclip":84,"HornCleat":104,"downfall:HeartBlessingBlue":63,"Bronze Scales":10,"bronze:Timepiece":66,"Onion Ring":23,"Simple Rune":63,"reliquary:SculptingSteel":96,"LetterFromLob":4,"Chemical X":58,"Toxic Egg 2":96,"wanderingMiniBosses:Inkheart":81}]},"card_choices":[{"not_picked":["bronze:Invalidate","bronze:DelayedSlice"],"picked":"bronze:FineTuning","floor":2},{"not_picked":["bronze:DigitalCarnage","bronze:BuggyMess"],"picked":"bronze:Branch","floor":3},{"not_picked":["bronze:DelayedGuard","bronze:AlphaBuild"],"picked":"bronze:Repair","floor":5},{"not_picked":["bronze:Branch","bronze:Invalidate","bronze:BugBarrage"],"picked":"SKIP","floor":6},{"not_picked":["bronze:DelayedSlice","bronze:FineTuning"],"picked":"bronze:Iterate","floor":8},{"not_picked":["bronze:Fortify","bronze:ClassDefault"],"picked":"bronze:ChildClass","floor":8},{"not_picked":["bronze:Backtrace","bronze:Separator"],"picked":"bronze:Return","floor":9},{"not_picked":["bronze:ForceShield","bronze:SpaghettiCode"],"picked":"bronze:Shell","floor":11},{"not_picked":["bronze:Branch","bronze:ClassDefault","bronze:DarkDash"],"picked":"SKIP","floor":14},{"not_picked":["bronze:WildBeam","bronze:BuggyMess"],"picked":"bronze:Terminator","floor":15},{"not_picked":["bronze:RecursiveStrike","bronze:Mutator"],"picked":"bronze:TinkerersToolbox","floor":16},{"not_picked":["bronze:Constructor","bronze:Fortify","bronze:DigitalCarnage"],"picked":"SKIP","floor":19},{"not_picked":["bronze:Invalidate","bronze:BugBarrage","bronze:BitShift"],"picked":"SKIP","floor":20},{"not_picked":["bronze:CutThrough","bronze:BugBarrage"],"picked":"bronze:Format","floor":21},{"not_picked":["bronze:WildBeam","bronze:DarkDash","bronze:Break"],"picked":"SKIP","floor":23},{"not_picked":["bronze:Overheat","bronze:CutThrough+1","bronze:OilSpill"],"picked":"SKIP","floor":26},{"not_picked":["bronze:Assembly","bronze:Safeguard","bronze:GetLatest"],"picked":"SKIP","floor":28},{"not_picked":["bronze:Branch","bronze:Flail","bronze:DarkDash"],"picked":"SKIP","floor":30},{"not_picked":["bronze:Invalidate","bronze:DelayedSlice","bronze:Repulsor"],"picked":"SKIP","floor":32},{"not_picked":["bronze:ItsAFeature","bronze:MaxOutput","bronze:Shield"],"picked":"SKIP","floor":36},{"not_picked":["bronze:ChildClass","bronze:Iterate+1"],"picked":"bronze:FineTuning+1","floor":37},{"not_picked":["bronze:Frontload","bronze:BronzeArmor","bronze:Allocate"],"picked":"SKIP","floor":38},{"not_picked":["bronze:Philosophize+1","bronze:Branch+1"],"picked":"bronze:Iterate+1","floor":39},{"not_picked":["bronze:CutThrough+1","bronze:Deprecate+1","bronze:Frontload+1"],"picked":"SKIP","floor":45},{"not_picked":["bronze:BugBarrage","bronze:ForLoop+1","bronze:Iterate+1"],"picked":"SKIP","floor":46},{"not_picked":["bronze:MaxOutput+1","bronze:InfiniteLoop","bronze:DelayedSlice+1"],"picked":"SKIP","floor":48},{"not_picked":["bronze:FollowUp","bronze:DigitalCarnage+1","bronze:Repulsor+1"],"picked":"SKIP","floor":49}],"player_experience":1159476,"relics_obtained":[{"floor":2,"key":"LetterFromLob"},{"floor":6,"key":"Replay:WaspNest"},{"floor":7,"key":"Onion Ring"},{"floor":9,"key":"Gremlin Food"},{"floor":23,"key":"Simple Rune"},{"floor":26,"key":"bronze:Timepiece"},{"floor":28,"key":"Shovel"},{"floor":32,"key":"wanderingMiniBosses:Inkheart"},{"floor":35,"key":"Vajra"},{"floor":40,"key":"reliquary:PartyBalloon"},{"floor":41,"key":"Blood Vial"},{"floor":42,"key":"reliquary:SculptingSteel"},{"floor":44,"key":"Toxic Egg 2"},{"floor":46,"key":"HornCleat"}],"event_choices":[{"damage_healed":0,"gold_gain":0,"player_choice":"1","damage_taken":0,"max_hp_gain":0,"max_hp_loss":0,"event_name":"betterMatch:BetterMatch","floor":8,"gold_loss":0,"cards_obtained":["betterMatch:CommonCard","betterMatch:CommonCard","betterMatch:UncommonCard"]}],"is_beta":false,"boss_relics":[{"not_picked":["reliquary:WritOfMandamus","Cursed Key"],"picked":"bronze:PlatinumCore"},{"not_picked":["Empty Cage","reliquary:Ember"],"picked":"reliquary:RedPaperclip"}],"items_purged_floors":[21,31,47],"is_endless":false,"potions_floor_spawned":[3,9,15,16,26,28,30,32,37,38,39,49],"ascension_level":2}}