{"host":"6xsbn6ynqlzwllfm","time":1613234096,"event":{"mods":["2.2 Compatiblity","BaseMod","Bestiary","Colored Map","Colored Powertips","Curses Come First","Downfall","Highlight Path","Keyboard Shortcuts","Minty Spire (QoL Compilation)","Relic Stats","Slay the Relics Exporter","StSLib","SuperFastMode"],"gold_per_floor":[0,10,10,21,41,56,56,67,67,67,67,80,80,80,94,94,94,94],"floor_reached":16,"language":"ENG","playtime":600,"items_purged":[],"score":136,"play_id":"6e0228b4-8bd8-470f-ad81-25ea25f6be54","local_time":"20210213113456","is_ascension_mode":true,"campfire_choices":[{"data":"bronze:Goto","floor":1,"key":"SMITH"},{"floor":9,"key":"REST"},{"floor":11,"key":"RECALL"},{"data":"bronze:Return","floor":13,"key":"SMITH"}],"circlet_count":0,"master_deck":["bronze:Strike","bronze:Strike","bronze:Strike","bronze:Defend","bronze:Defend","bronze:Defend","bronze:Defend","bronze:Replicate","bronze:Goto+1","bronze:TinkerersToolbox","bronze:Iterate","bronze:DazingPulse","bronze:Explode","bronze:DelayedSlice","bronze:Frontload","bronze:FineTuning","bronze:Return+1","bronze:DelayedGuard","bronze:Boost"],"relics":["bronze:BronzeCore","Guardian:GemstoneGun"],"acts_visited":["Exordium"],"potions_floor_usage":[3,16],"damage_taken":[{"damage":7,"enemies":"Small Slimes","floor":2,"turns":4},{"damage":22,"enemies":"Small Slimes","floor":3,"turns":3},{"damage":0,"enemies":"2 Louse","floor":4,"turns":1},{"damage":0,"enemies":"Jaw Worm","floor":5,"turns":4},{"damage":0,"enemies":"3 Louse","floor":6,"turns":2},{"damage":11,"enemies":"Exordium Wildlife","floor":8,"turns":3},{"damage":11,"enemies":"Exordium Thugs","floor":12,"turns":4},{"damage":0,"enemies":"3 Louse","floor":15,"turns":1},{"damage":47,"enemies":"DF_ARCHETYPE_STREAMLINE","floor":16,"turns":6}],"seed_played":"6888819933888982546","potions_obtained":[{"floor":2,"key":"bronze:BurnAndBuffPotion"},{"floor":4,"key":"bronze:FreeFunctionsPotion"},{"floor":8,"key":"hexamod:SoulburnPotion"}],"is_trial":false,"path_per_floor":["R","M","?","M","M","M","T","M","R","?","R","M","R","?","M","B"],"character_chosen":"THE_AUTOMATON","items_purchased":[],"campfire_rested":1,"item_purchase_floors":[],"current_hp_per_floor":[63,56,34,34,34,34,34,23,44,44,44,33,33,38,38,0,0,0],"gold":94,"neow_bonus":"THREE_RARE_CARDS","is_daily":false,"chose_seed":false,"campfire_upgraded":2,"win_rate":0.0,"timestamp":1613234096,"path_taken":["R","M","?","M","M","M","T","M","R","?","R","M","R","?","M","BOSS"],"items_purchased_type":[],"build_version":"2020-12-22","purchased_purges":0,"victory":false,"max_hp_per_floor":[70,70,70,70,70,70,70,70,70,70,70,70,70,75,75,75,75,75],"relic_stats":{"counters":[9,28],"obtain_stats":[{"bronze:BronzeCore":0,"Guardian:GemstoneGun":7},{"bronze:BronzeCore":0,"Guardian:GemstoneGun":5},{"bronze:BronzeCore":0,"Guardian:GemstoneGun":14}]},"card_choices":[{"not_picked":["bronze:HyperBeam","bronze:ThunderWave"],"picked":"bronze:TinkerersToolbox","floor":0},{"not_picked":["bronze:ChosenStrike","bronze:Frontload"],"picked":"bronze:Iterate","floor":2},{"not_picked":[],"picked":"bronze:DazingPulse","floor":3},{"not_picked":[],"picked":"bronze:Explode","floor":3},{"not_picked":["bronze:DigitalCarnage","bronze:FollowUp"],"picked":"bronze:DelayedSlice","floor":3},{"not_picked":["bronze:Deprecate","bronze:Invalidate"],"picked":"bronze:Frontload","floor":4},{"not_picked":["bronze:Overheat","bronze:WildBeam"],"picked":"bronze:FineTuning","floor":5},{"not_picked":["bronze:DigitalCarnage","bronze:BuggyMess"],"picked":"bronze:Return","floor":6},{"not_picked":["bronze:Terminator","bronze:FollowUp"],"picked":"bronze:DelayedGuard","floor":8},{"not_picked":["bronze:ForLoop","bronze:ChosenStrike"],"picked":"bronze:Boost","floor":12},{"not_picked":["bronze:Repair","bronze:BitShift","bronze:Constructor"],"picked":"SKIP","floor":15}],"player_experience":1754963,"relics_obtained":[{"floor":7,"key":"Guardian:GemstoneGun"}],"event_choices":[{"damage_healed":0,"gold_gain":0,"player_choice":"Donut","damage_taken":0,"max_hp_gain":5,"max_hp_loss":0,"event_name":"Big Fish","floor":14,"gold_loss":0}],"is_beta":false,"boss_relics":[],"items_purged_floors":[],"is_endless":false,"potions_floor_spawned":[2,4,8],"killed_by":"DF_ARCHETYPE_STREAMLINE","ascension_level":9}}