{"host":"dcj2yvrgcvh5dl2s","time":1613176673,"event":{"mods":["BaseMod","Bestiary","Better Note","Block Reminder","Colored Powertips","Curses Come First","DeckTracker","Displayed Cursed Tome","Minty Spire (QoL Compilation)","Quick Restart","Rare Cards Sparkle","Relic Stats","StSLib"],"gold_per_floor":[114,264,264,28,103,129,141,141,167,179,237,237,22,22,22,100,100,79,21,36,36,49,49,83,83,109,109,134,149,184,197,197,271,271,291,291,291,291,314,314,78,96,120,151,151,151,163,197,197,197,197],"floor_reached":50,"language":"ENG","playtime":3001,"items_purged":["Doubt","Regret"],"score":1254,"play_id":"566ffb42-eb97-454c-823c-092c5361fde0","local_time":"20210213103753","is_ascension_mode":true,"campfire_choices":[{"data":"Uppercut","floor":8.0,"key":"SMITH"},{"data":"Infernal Blade","floor":12.0,"key":"SMITH"},{"floor":15.0,"key":"REST"},{"data":"Flex","floor":23.0,"key":"SMITH"},{"data":"Flex","floor":25.0,"key":"SMITH"},{"data":"Juggernaut","floor":27.0,"key":"SMITH"},{"floor":32.0,"key":"REST"},{"floor":40.0,"key":"REST"},{"data":"Secret Technique","floor":45.0,"key":"SMITH"},{"data":"Pommel Strike","floor":49.0,"key":"SMITH"}],"circlet_count":0,"master_deck":["AscendersBane","Strike_R","Strike_R","Strike_R","Defend_R","Defend_R","Defend_R","Bash","Flex+1","Juggernaut+1","Uppercut+1","Infernal Blade+1","Shrug It Off","Reaper","Flex+1","Heavy Blade+1","Limit Break+1","Reaper+1","Perfected Strike+1","Hemokinesis+1","Bandage Up","Secret Technique+1","Swift Strike","Shrug It Off","Finesse","Pommel Strike+1"],"relics":["Burning Blood","NeowsBlessing","Lantern","Sling","MealTicket","Tiny Chest","Shuriken","Vajra","Orichalcum","Busted Crown","Ornamental Fan","Bag of Preparation","Juzu Bracelet","Unceasing Top","Blood Vial","Astrolabe","Strawberry","Centennial Puzzle","Boot","Nunchaku"],"acts_visited":["Exordium","TheCity","TheBeyond"],"potions_floor_usage":[],"damage_taken":[{"damage":0.0,"enemies":"Small Slimes","floor":1.0,"turns":1.0},{"damage":0.0,"enemies":"Lagavulin","floor":6.0,"turns":1.0},{"damage":5.0,"enemies":"2 Louse","floor":7.0,"turns":2.0},{"damage":12.0,"enemies":"Jaw Worm","floor":10.0,"turns":3.0},{"damage":27.0,"enemies":"Gremlin Nob","floor":11.0,"turns":4.0},{"damage":34.0,"enemies":"Slime Boss","floor":16.0,"turns":8.0},{"damage":21.0,"enemies":"2 Thieves","floor":18.0,"turns":4.0},{"damage":3.0,"enemies":"Chosen","floor":20.0,"turns":4.0},{"damage":20.0,"enemies":"Centurion and Healer","floor":22.0,"turns":6.0},{"damage":20.0,"enemies":"Book of Stabbing","floor":24.0,"turns":3.0},{"damage":21.0,"enemies":"Slavers","floor":28.0,"turns":3.0},{"damage":23.0,"enemies":"3 Cultists","floor":29.0,"turns":5.0},{"damage":31.0,"enemies":"Book of Stabbing","floor":30.0,"turns":3.0},{"damage":18.0,"enemies":"Shelled Parasite and Fungi","floor":31.0,"turns":3.0},{"damage":35.0,"enemies":"Champ","floor":33.0,"turns":7.0},{"damage":77.0,"enemies":"3 Darklings","floor":35.0,"turns":10.0},{"damage":29.0,"enemies":"3 Shapes","floor":42.0,"turns":3.0},{"damage":56.0,"enemies":"Reptomancer","floor":44.0,"turns":4.0},{"damage":46.0,"enemies":"Writhing Mass","floor":47.0,"turns":3.0},{"damage":2.0,"enemies":"Nemesis","floor":48.0,"turns":3.0},{"damage":124,"enemies":"Time Eater","floor":50,"turns":9}],"seed_played":"-630428749152996161","potions_obtained":[{"floor":6.0,"key":"FearPotion"},{"floor":10.0,"key":"BlessingOfTheForge"},{"floor":18.0,"key":"Explosive Potion"},{"floor":20.0,"key":"AttackPotion"},{"floor":22.0,"key":"FairyPotion"},{"floor":24.0,"key":"Explosive Potion"},{"floor":30.0,"key":"Swift Potion"},{"floor":42.0,"key":"BloodPotion"}],"is_trial":false,"path_per_floor":["M","?","?","$","?","E","M","R","T","M","?","R","$","?","R","B",null,"M","$","M","T","M","R","E","R","T","R","E","M","E","M","R","B",null,"M","?","?","?","T","R","$","M","T","E","R","?","M","E","R","B"],"character_chosen":"IRONCLAD","items_purchased":["Sling","Vajra","Shrug It Off","Flex","Shrug It Off","Finesse"],"campfire_rested":3,"item_purchase_floors":[4,13,13,19,41,41],"current_hp_per_floor":[74,74,74,74,63,69,70,70,70,64,43,43,58,53,75,47,68,67,75,75,75,69,69,55,55,55,55,53,56,42,43,65,56,70,27,17,17,17,24,48,63,72,72,51,51,51,53,63,63,0,0],"gold":197,"neow_bonus":"THREE_ENEMY_KILL","is_daily":false,"chose_seed":false,"campfire_upgraded":7,"win_rate":0.0,"timestamp":1613176673,"path_taken":["M","?","?","?","?","E","M","R","T","?","?","R","$","?","R","BOSS","M","$","M","?","M","R","E","R","T","R","E","M","E","M","R","BOSS","M","?","?","?","?","R","$","M","T","E","R","?","M","E","R","BOSS"],"items_purchased_type":["Relic","Relic","Card","Card","Card","Card"],"build_version":"2020-12-22","purchased_purges":2,"victory":false,"max_hp_per_floor":[75,75,75,75,75,75,75,75,75,75,75,75,75,75,75,75,75,75,75,75,75,75,75,75,75,75,75,75,75,75,75,75,75,75,75,75,75,75,82,82,82,82,82,82,82,78,78,78,78,78,78],"relic_stats":{"counters":[21,89],"Astrolabe":["Reaper","Perfected Strike","Hemokinesis"],"Bag of Preparation":[22],"Juzu Bracelet":1,"Orichalcum":[144],"Boot":[9],"Burning Blood":114,"Blood Vial":16,"Centennial Puzzle":[12],"Nunchaku":[1],"Busted Crown":34,"Shuriken":[23],"Ornamental Fan":[76],"MealTicket":38,"Tiny Chest":2,"obtain_stats":[{"Lantern":3,"NeowsBlessing":0,"Astrolabe":34,"Vajra":13,"Bag of Preparation":24,"Juzu Bracelet":26,"Orichalcum":14,"Sling":4,"Boot":44,"Burning Blood":0,"Blood Vial":30,"Centennial Puzzle":43,"Nunchaku":48,"Busted Crown":17,"Shuriken":11,"Ornamental Fan":21,"Strawberry":39,"MealTicket":6,"Tiny Chest":9,"Unceasing Top":28},{"Lantern":1,"NeowsBlessing":0,"Astrolabe":15,"Vajra":5,"Bag of Preparation":10,"Juzu Bracelet":10,"Orichalcum":5,"Sling":1,"Boot":18,"Burning Blood":0,"Blood Vial":13,"Centennial Puzzle":17,"Nunchaku":20,"Busted Crown":6,"Shuriken":5,"Ornamental Fan":8,"Strawberry":16,"MealTicket":2,"Tiny Chest":3,"Unceasing Top":11},{"Lantern":1,"NeowsBlessing":0,"Astrolabe":57,"Vajra":11,"Bag of Preparation":36,"Juzu Bracelet":36,"Orichalcum":11,"Sling":1,"Boot":74,"Burning Blood":0,"Blood Vial":47,"Centennial Puzzle":70,"Nunchaku":80,"Busted Crown":19,"Shuriken":11,"Ornamental Fan":27,"Strawberry":67,"MealTicket":2,"Tiny Chest":4,"Unceasing Top":39}],"Unceasing Top":[3]},"card_choices":[{"not_picked":["Sentinel","Rampage"],"picked":"Flex","floor":1.0},{"not_picked":["Bloodletting","Twin Strike"],"picked":"Juggernaut","floor":6.0},{"not_picked":["Searing Blow","Sword Boomerang"],"picked":"Uppercut","floor":7.0},{"not_picked":["Dual Wield","Clash"],"picked":"Infernal Blade","floor":10.0},{"not_picked":["Demon Form","Brutality"],"picked":"Reaper","floor":16.0},{"not_picked":["Clash"],"picked":"SKIP","floor":18.0},{"not_picked":[],"picked":"Heavy Blade+1","floor":20.0},{"not_picked":["Headbutt"],"picked":"SKIP","floor":22.0},{"not_picked":["Armaments"],"picked":"SKIP","floor":24.0},{"not_picked":[],"picked":"Limit Break","floor":28.0},{"not_picked":["Iron Wave"],"picked":"SKIP","floor":29.0},{"not_picked":["Havoc"],"picked":"SKIP","floor":30.0},{"not_picked":["True Grit"],"picked":"SKIP","floor":31.0},{"not_picked":["Hemokinesis"],"picked":"SKIP","floor":35.0},{"not_picked":[],"picked":"Bandage Up","floor":36.0},{"not_picked":[],"picked":"Secret Technique","floor":36.0},{"not_picked":[],"picked":"Swift Strike","floor":36.0},{"not_picked":["Clash"],"picked":"SKIP","floor":42.0},{"not_picked":["Clash+1"],"picked":"SKIP","floor":44.0},{"not_picked":[],"picked":"Pommel Strike","floor":47.0},{"not_picked":["Cleave"],"picked":"SKIP","floor":48.0}],"player_experience":2393764,"relics_obtained":[{"floor":6.0,"key":"MealTicket"},{"floor":9.0,"key":"Tiny Chest"},{"floor":11.0,"key":"Shuriken"},{"floor":21.0,"key":"Ornamental Fan"},{"floor":24.0,"key":"Bag of Preparation"},{"floor":26.0,"key":"Juzu Bracelet"},{"floor":28.0,"key":"Unceasing Top"},{"floor":30.0,"key":"Blood Vial"},{"floor":39.0,"key":"Strawberry"},{"floor":43.0,"key":"Centennial Puzzle"},{"floor":44.0,"key":"Boot"},{"floor":48.0,"key":"Nunchaku"}],"event_choices":[{"damage_healed":0.0,"max_hp_gain":0.0,"max_hp_loss":0.0,"gold_gain":150.0,"event_name":"Liars Game","player_choice":"AGREE","floor":2.0,"gold_loss":0.0,"damage_taken":0.0,"cards_obtained":["Doubt"]},{"damage_healed":0.0,"max_hp_gain":0.0,"max_hp_loss":0.0,"gold_gain":0.0,"event_name":"Big Fish","player_choice":"Box","floor":3.0,"gold_loss":0.0,"damage_taken":0.0,"relics_obtained":["Lantern"],"cards_obtained":["Regret"]},{"damage_healed":0.0,"max_hp_gain":0.0,"max_hp_loss":0.0,"gold_gain":75.0,"event_name":"World of Goop","player_choice":"Gather Gold","floor":5.0,"gold_loss":0.0,"damage_taken":11.0},{"damage_healed":0.0,"max_hp_gain":0.0,"max_hp_loss":0.0,"gold_gain":0.0,"event_name":"Dead Adventurer","player_choice":"Searched \u00271\u0027 times","floor":11.0,"gold_loss":0.0,"damage_taken":0.0},{"damage_healed":0.0,"max_hp_gain":0.0,"max_hp_loss":0.0,"gold_gain":0.0,"event_name":"Scrap Ooze","player_choice":"Success","floor":14.0,"gold_loss":0.0,"damage_taken":5.0,"relics_obtained":["Orichalcum"]},{"damage_healed":0.0,"max_hp_gain":0.0,"max_hp_loss":0.0,"gold_gain":0.0,"event_name":"SensoryStone","player_choice":"Memory 3","floor":36.0,"gold_loss":0.0,"damage_taken":10.0},{"damage_healed":0.0,"max_hp_gain":0.0,"max_hp_loss":0.0,"gold_gain":0.0,"event_name":"Tomb of Lord Red Mask","player_choice":"Ignored","floor":37.0,"gold_loss":0.0,"damage_taken":0.0},{"damage_healed":0.0,"max_hp_gain":0.0,"max_hp_loss":0.0,"gold_gain":0.0,"event_name":"Upgrade Shrine","player_choice":"Upgraded","floor":38.0,"gold_loss":0.0,"damage_taken":0.0,"cards_upgraded":["Limit Break"]},{"damage_healed":0.0,"max_hp_gain":0.0,"max_hp_loss":4.0,"gold_gain":0.0,"event_name":"Winding Halls","player_choice":"Max HP","floor":46.0,"gold_loss":0.0,"damage_taken":0.0}],"is_beta":false,"boss_relics":[{"not_picked":["Runic Cube","Coffee Dripper"],"picked":"Busted Crown"},{"not_picked":["Snecko Eye","Philosopher\u0027s Stone"],"picked":"Astrolabe"}],"items_purged_floors":[4,41],"is_endless":false,"potions_floor_spawned":[6,10,18,20,22,24,30,42],"killed_by":"Time Eater","ascension_level":20}}