{"host":"qgvpd00zvzorrg7j","time":1613254918,"event":{"mods":["BaseMod","Colored Map","Downfall","Minty Spire (QoL Compilation)","Quick Restart","StSLib"],"gold_per_floor":[99,99,99,99,99,117,142,161,71,103,126,146,146,31,48,48,48,48],"floor_reached":16,"language":"ENG","playtime":2355,"items_purged":["Pain","Guardian:Strike_Guardian"],"score":103,"play_id":"6614f28c-2ce3-479b-aa93-45f4aca6d30a","local_time":"20210213172158","is_ascension_mode":true,"campfire_choices":[{"data":"Guardian:CurlUp","floor":1,"key":"SMITH"}],"circlet_count":0,"master_deck":["Guardian:Strike_Guardian","Guardian:Strike_Guardian","Guardian:Strike_Guardian","Guardian:Defend_Guardian","Guardian:Defend_Guardian","Guardian:Defend_Guardian","Guardian:Defend_Guardian","Guardian:CurlUp+1","Guardian:TwinSlam","Guardian:Gem_Blue","Guardian:SpikerProtocol","Guardian:Incinerate","Guardian:Gem_Crimson","Guardian:PrismaticBeam","Guardian:Gem_Red","Guardian:Gem_Yellow"],"relics":["Guardian:ModeShifter","downfall:HeartsMalice","WarpedTongs","MealTicket","Turnip","Odd Mushroom","Guardian:PickAxe"],"acts_visited":["Exordium"],"potions_floor_usage":[10,11,12,13],"damage_taken":[{"damage":0,"enemies":"2 Louse","floor":2,"turns":1},{"damage":0,"enemies":"Cultist","floor":3,"turns":1},{"damage":0,"enemies":"Small Slimes","floor":5,"turns":1},{"damage":18,"enemies":"Blue Slaver","floor":6,"turns":4},{"damage":12,"enemies":"downfall:LooterAlt","floor":8,"turns":3},{"damage":3,"enemies":"downfall:FleeingMerchant","floor":9,"turns":4},{"damage":16,"enemies":"Gremlin Nob","floor":10,"turns":4},{"damage":22,"enemies":"The Mushroom Lair","floor":11,"turns":4},{"damage":5,"enemies":"Gremlin Gang","floor":12,"turns":5},{"damage":21,"enemies":"Gremlin Gang","floor":13,"turns":5},{"damage":10,"enemies":"downfall:FleeingMerchant","floor":14,"turns":4},{"damage":0,"enemies":"Exordium Thugs","floor":15,"turns":6},{"damage":27,"enemies":"WA_ARCHETYPE_RETAIN","floor":16,"turns":4}],"seed_played":"8029764798518972332","potions_obtained":[{"floor":6,"key":"DistilledChaos"},{"floor":10,"key":"LiquidMemories"},{"floor":11,"key":"Fruit Juice"},{"floor":12,"key":"Fire Potion"}],"is_trial":false,"path_per_floor":["R","M","M","?","M","M","T","M","$","E","?","M","?","$","M","B"],"character_chosen":"GUARDIAN","items_purchased":[],"campfire_rested":0,"item_purchase_floors":[],"current_hp_per_floor":[80,80,80,80,80,62,62,50,62,46,29,24,3,8,8,0,0,0],"gold":48,"neow_bonus":"THREE_ENEMY_KILL","is_daily":false,"chose_seed":false,"campfire_upgraded":1,"win_rate":0.0,"timestamp":1613254918,"path_taken":["R","M","M","?","M","?","T","M","$","E","?","M","?","$","M","BOSS"],"items_purchased_type":[],"build_version":"2020-12-22","purchased_purges":2,"victory":false,"max_hp_per_floor":[80,80,80,80,80,80,80,80,80,80,85,85,85,85,85,85,85,85],"card_choices":[{"not_picked":["Guardian:Reroute","Guardian:Gem_Green","Guardian:ShieldCharger"],"picked":"SKIP","floor":2},{"not_picked":["Guardian:RollAttack","Guardian:PrimingBeam"],"picked":"Guardian:Gem_Blue","floor":3},{"not_picked":["Guardian:RefractedBeam","Guardian:VentSteam","Guardian:Suspension"],"picked":"SKIP","floor":5},{"not_picked":["Guardian:Suspension","Guardian:Gem_Cyan"],"picked":"Guardian:SpikerProtocol","floor":6},{"not_picked":["Guardian:Planning","Guardian:ChargeCore"],"picked":"Guardian:Incinerate","floor":8},{"not_picked":["Guardian:EvasiveProtocol","Guardian:Repulse"],"picked":"Guardian:Gem_Crimson","floor":9},{"not_picked":["Guardian:ChargeCore","Guardian:SphericShield"],"picked":"Guardian:PrismaticBeam","floor":10},{"not_picked":["Guardian:PrimingBeam","Guardian:Gem_Cyan"],"picked":"Guardian:Gem_Red","floor":11},{"not_picked":["Guardian:WalkerClaw","Guardian:GuardianWhirl","Guardian:TemporalShield"],"picked":"SKIP","floor":12},{"not_picked":["Guardian:FloatingOrbs","Guardian:VentSteam","Guardian:BronzeOrb"],"picked":"SKIP","floor":14},{"not_picked":["Guardian:SentryBeam","Guardian:Suspension"],"picked":"Guardian:Gem_Yellow","floor":15}],"player_experience":647168,"relics_obtained":[{"floor":7,"key":"MealTicket"},{"floor":10,"key":"Turnip"},{"floor":11,"key":"Odd Mushroom"}],"event_choices":[{"damage_healed":0,"gold_gain":0,"player_choice":"Fought Mushrooms","damage_taken":0,"max_hp_gain":0,"max_hp_loss":0,"event_name":"Mushrooms","floor":11,"gold_loss":0}],"is_beta":false,"boss_relics":[],"items_purged_floors":[9,14],"is_endless":false,"potions_floor_spawned":[6,10,11,12,13],"killed_by":"WA_ARCHETYPE_RETAIN","ascension_level":1}}