{"host":"kpyf5rnb72uwap8k","time":1613221412,"event":{"mods":["AchievementEnabler","BaseMod","Colored Map","Colored Powertips","DeckTracker","Minty Spire (QoL Compilation)","Permanent Neow","Quick Restart","StSLib","SuperFastMode"],"gold_per_floor":[112,131,145,145,95,95,129,129,129,165,177,254,266,298,310,451,463,498,529,556,592,529,541,594,626,663,675,706,718,755,790,802,814,814],"floor_reached":33,"language":"KOR","playtime":707,"items_purged":[],"score":325,"play_id":"607e26d7-f824-4cb5-8e33-46b0ceb26f61","local_time":"20210213220332","is_ascension_mode":true,"campfire_choices":[{"data":"Searing Blow","floor":6.0,"key":"SMITH"},{"data":"Searing Blow+1","floor":8.0,"key":"SMITH"},{"floor":13.0,"key":"REST"},{"data":"Searing Blow+3","floor":15.0,"key":"SMITH"},{"data":"Searing Blow+4","floor":23,"key":"SMITH"},{"floor":27,"key":"REST"},{"floor":32,"key":"REST"}],"circlet_count":0,"master_deck":["Bash","Sever Soul","Armaments","Searing Blow+5","Blood for Blood","Evolve","Shrug It Off","Rage","Dual Wield","Reckless Charge","Ghostly Armor","Hemokinesis","Cleave","Feed","Armaments","Double Tap"],"relics":["Burning Blood","Golden Idol","HornCleat","MawBank","Pen Nib","Pandora\u0027s Box","Mummified Hand","Akabeko"],"acts_visited":["Exordium","TheCity"],"potions_floor_usage":[16,16,21,24,33],"damage_taken":[{"damage":1.0,"enemies":"Cultist","floor":1.0,"turns":3.0},{"damage":15.0,"enemies":"Small Slimes","floor":2.0,"turns":4.0},{"damage":2.0,"enemies":"2 Louse","floor":3.0,"turns":3.0},{"damage":40.0,"enemies":"3 Sentries","floor":7.0,"turns":8.0},{"damage":7.0,"enemies":"2 Fungi Beasts","floor":10.0,"turns":3.0},{"damage":18.0,"enemies":"Gremlin Nob","floor":12.0,"turns":4.0},{"damage":14.0,"enemies":"3 Louse","floor":14.0,"turns":3.0},{"damage":33,"enemies":"Slime Boss","floor":16,"turns":7},{"damage":12,"enemies":"Spheric Guardian","floor":18,"turns":5},{"damage":11,"enemies":"2 Thieves","floor":19,"turns":3},{"damage":24,"enemies":"Snake Plant","floor":20,"turns":3},{"damage":14,"enemies":"Centurion and Healer","floor":21,"turns":5},{"damage":34,"enemies":"Book of Stabbing","floor":24,"turns":4},{"damage":0,"enemies":"Snecko","floor":25,"turns":3},{"damage":19,"enemies":"Snake Plant","floor":28,"turns":2},{"damage":15,"enemies":"Centurion and Healer","floor":30,"turns":5},{"damage":9,"enemies":"Shelled Parasite and Fungi","floor":31,"turns":4},{"damage":55,"enemies":"Champ","floor":33,"turns":6}],"seed_played":"8249168583069083033","potions_obtained":[{"floor":2.0,"key":"SkillPotion"},{"floor":10.0,"key":"SteroidPotion"},{"floor":14.0,"key":"BlessingOfTheForge"},{"floor":16,"key":"SteroidPotion"},{"floor":18,"key":"LiquidMemories"},{"floor":21,"key":"Weak Potion"},{"floor":28,"key":"Swift Potion"}],"is_trial":false,"path_per_floor":["M","M","M","?","?","R","E","R","T","M","?","?","R","M","R","B",null,"M","M","M","M","?","R","E","M","T","R","M","?","M","M","R","B"],"character_chosen":"IRONCLAD","items_purchased":[],"campfire_rested":3,"item_purchase_floors":[],"current_hp_per_floor":[80,71,75,75,75,75,41,41,41,40,40,28,52,44,44,17,80,74,72,54,46,46,46,18,24,24,48,38,38,29,26,51,0,0],"gold":814,"neow_bonus":"THREE_CARDS","is_daily":false,"chose_seed":false,"campfire_upgraded":4,"win_rate":0.0,"timestamp":1613221412,"path_taken":["M","M","M","?","?","R","E","R","T","M","?","?","R","M","R","BOSS","M","M","M","M","?","R","E","M","T","R","M","?","M","M","R","BOSS"],"items_purchased_type":[],"build_version":"2020-12-22","purchased_purges":0,"victory":false,"max_hp_per_floor":[80,80,80,80,80,80,80,80,80,80,80,80,80,80,80,80,80,80,83,83,83,83,83,83,83,83,83,86,86,86,86,86,86,86],"card_choices":[{"not_picked":["True Grit","Iron Wave"],"picked":"Sever Soul","floor":0.0},{"not_picked":["Thunderclap","Body Slam"],"picked":"Armaments","floor":1.0},{"not_picked":["Iron Wave","Spot Weakness"],"picked":"Searing Blow","floor":2.0},{"not_picked":["Inflame","Corruption"],"picked":"Blood for Blood","floor":3.0},{"not_picked":["Havoc","Iron Wave","Infernal Blade"],"picked":"SKIP","floor":7.0},{"not_picked":["Shockwave","Iron Wave"],"picked":"Evolve","floor":10.0},{"not_picked":["Wild Strike","Anger"],"picked":"Shrug It Off","floor":12.0},{"not_picked":["Cleave","Shockwave","Sentinel"],"picked":"SKIP","floor":14.0},{"not_picked":["Sword Boomerang","Bloodletting","Combust"],"picked":"SKIP","floor":18},{"not_picked":["Flex+1","Blood for Blood","Inflame"],"picked":"SKIP","floor":19},{"not_picked":["Clash","Sword Boomerang+1","Warcry"],"picked":"SKIP","floor":20},{"not_picked":["Sword Boomerang","Havoc","Armaments"],"picked":"SKIP","floor":21},{"not_picked":["Shrug It Off","True Grit","Reckless Charge"],"picked":"SKIP","floor":24},{"not_picked":["Wild Strike","Cleave","Clash"],"picked":"SKIP","floor":25},{"not_picked":["Clothesline+1","Whirlwind","Headbutt"],"picked":"SKIP","floor":28},{"not_picked":["Anger","Hemokinesis"],"picked":"Double Tap","floor":30},{"not_picked":["Heavy Blade","Rampage","Wild Strike"],"picked":"SKIP","floor":31}],"player_experience":268878,"relics_obtained":[{"floor":7.0,"key":"HornCleat"},{"floor":9.0,"key":"MawBank"},{"floor":12.0,"key":"Pen Nib"},{"floor":24,"key":"Mummified Hand"},{"floor":26,"key":"Akabeko"}],"event_choices":[{"damage_healed":0.0,"max_hp_gain":0.0,"max_hp_loss":0.0,"gold_gain":0.0,"event_name":"Golden Idol","player_choice":"Take Wound","floor":4.0,"gold_loss":0.0,"damage_taken":0.0,"relics_obtained":["Golden Idol"],"cards_obtained":["Injury"]},{"cards_removed":["Injury"],"damage_healed":0.0,"max_hp_gain":0.0,"max_hp_loss":0.0,"gold_gain":0.0,"event_name":"The Cleric","player_choice":"Card Removal","floor":5.0,"gold_loss":50.0,"damage_taken":0.0},{"damage_healed":0.0,"max_hp_gain":0.0,"max_hp_loss":0.0,"gold_gain":0.0,"event_name":"Living Wall","player_choice":"Grow","floor":11.0,"gold_loss":0.0,"damage_taken":0.0,"cards_upgraded":["Searing Blow"]},{"damage_healed":0.0,"max_hp_gain":0.0,"max_hp_loss":0.0,"gold_gain":30.0,"event_name":"Dead Adventurer","player_choice":"Searched \u00273\u0027 times","floor":12.0,"gold_loss":0.0,"damage_taken":0.0},{"cards_removed":["Infernal Blade"],"damage_healed":0,"gold_gain":0,"player_choice":"Gave Gold","damage_taken":0,"max_hp_gain":0,"max_hp_loss":0,"event_name":"Beggar","floor":22,"gold_loss":75},{"damage_healed":0,"gold_gain":0,"player_choice":"Ignored","damage_taken":0,"max_hp_gain":0,"max_hp_loss":0,"event_name":"Cursed Tome","floor":29,"gold_loss":0}],"is_beta":false,"boss_relics":[{"not_picked":["SacredBark","Fusion Hammer"],"picked":"Pandora\u0027s Box"}],"items_purged_floors":[],"is_endless":false,"potions_floor_spawned":[2,10,14,16,18,19,21,28,31],"killed_by":"Champ","ascension_level":4}}