{"host":"jwbw4f4imxd0v0b0","time":1613192018,"event":{"mods":["BaseMod","Colored Map","Highlight Path","Minty Spire (QoL Compilation)","Relic Stats","StSLib"],"gold_per_floor":[111,121,121,121,136,168,168,168,168,195,211,243,63,94,94,197,197,207,207,224,224,224,224,258,15,97,123,134,59,90,90,90,194,194,206,206,225,264,264,316,316,380,380,429,475,475,489,74,74,74],"floor_reached":51,"language":"ENG","playtime":2863,"items_purged":["Strike_P","Pain"],"score":1406,"play_id":"202e3334-b3be-4861-8868-d0bbe101f0e7","local_time":"20210212225338","is_ascension_mode":true,"campfire_choices":[{"floor":7.0,"key":"REST"},{"data":"Adaptation","floor":15.0,"key":"SMITH"},{"data":"RitualDagger","floor":23.0,"key":"SMITH"},{"data":"TalkToTheHand","floor":32.0,"key":"SMITH"},{"data":"Wish","floor":41.0,"key":"SMITH"},{"floor":49,"key":"REST"}],"circlet_count":0,"master_deck":["AscendersBane","Eruption+1","Vigilance+1","Blasphemy","Consecrate","FlurryOfBlows","ThirdEye+1","LessonLearned+1","Wireheading","CutThroughFate+1","Tantrum","Tantrum+1","Adaptation+1","Vault+1","ClearTheMind+1","ClearTheMind+1","RitualDagger+1","Conclude","TalkToTheHand+1","Protect+1","Halt","Wish+1","Nirvana","Wallop","Brilliance","Judgement","DeceiveReality+1","ThirdEye","Wallop","Indignation","JustLucky+1","Tantrum","Adaptation","Adaptation"],"relics":["PureWater","FossilizedHelix","Letter Opener","HornCleat","Nunchaku","Shovel","Anchor","StrikeDummy","Philosopher\u0027s Stone","CultistMask","PreservedInsect","Lee\u0027s Waffle","Meat on the Bone","Bottled Flame","Gremlin Horn","Pandora\u0027s Box","GoldenEye","Regal Pillow","Incense Burner","WarpedTongs","Shuriken"],"acts_visited":["Exordium","TheCity","TheBeyond"],"potions_floor_usage":[50,50],"damage_taken":[{"damage":1.0,"enemies":"Cultist","floor":1.0,"turns":3.0},{"damage":0.0,"enemies":"Small Slimes","floor":2.0,"turns":3.0},{"damage":0.0,"enemies":"2 Louse","floor":5.0,"turns":2.0},{"damage":28.0,"enemies":"Lagavulin","floor":6.0,"turns":5.0},{"damage":0.0,"enemies":"Gremlin Nob","floor":10.0,"turns":3.0},{"damage":0.0,"enemies":"Red Slaver","floor":11.0,"turns":3.0},{"damage":2.0,"enemies":"3 Sentries","floor":12.0,"turns":5.0},{"damage":0.0,"enemies":"Lagavulin","floor":14.0,"turns":3.0},{"damage":21.0,"enemies":"Hexaghost","floor":16.0,"turns":7.0},{"damage":0.0,"enemies":"Shell Parasite","floor":18.0,"turns":3.0},{"damage":0.0,"enemies":"Spheric Guardian","floor":20.0,"turns":1.0},{"damage":0.0,"enemies":"Slavers","floor":24.0,"turns":3.0},{"damage":24.0,"enemies":"Gremlin Leader","floor":27.0,"turns":6.0},{"damage":2.0,"enemies":"Snecko","floor":28.0,"turns":5.0},{"damage":16.0,"enemies":"Book of Stabbing","floor":30.0,"turns":3.0},{"damage":16.0,"enemies":"Automaton","floor":33.0,"turns":7.0},{"damage":0.0,"enemies":"3 Shapes","floor":35.0,"turns":2.0},{"damage":0.0,"enemies":"Orb Walker","floor":37.0,"turns":1.0},{"damage":0.0,"enemies":"Spire Growth","floor":38.0,"turns":4.0},{"damage":0.0,"enemies":"Giant Head","floor":40.0,"turns":6.0},{"damage":0.0,"enemies":"Reptomancer","floor":42.0,"turns":4.0},{"damage":0.0,"enemies":"Transient","floor":44.0,"turns":6.0},{"damage":12.0,"enemies":"Sphere and 2 Shapes","floor":45.0,"turns":3.0},{"damage":0.0,"enemies":"Maw","floor":47.0,"turns":4.0},{"damage":13,"enemies":"Donu and Deca","floor":50,"turns":3}],"seed_played":"1191070153836495334","potions_obtained":[{"floor":1.0,"key":"Energy Potion"},{"floor":8.0,"key":"Ambrosia"},{"floor":8.0,"key":"SpeedPotion"},{"floor":16.0,"key":"Dexterity Potion"},{"floor":20.0,"key":"Swift Potion"},{"floor":33.0,"key":"Energy Potion"},{"floor":35.0,"key":"Swift Potion"},{"floor":42.0,"key":"CultistPotion"}],"is_trial":false,"path_per_floor":["M","M","?","?","M","E","R","?","T","E","M","E","$","E","R","B",null,"M","?","M","?","?","R","E","$","T","E","M","$","E","$","R","B",null,"M","?","M","M","?","E","R","E","T","M","M","?","M","$","R","B",null],"character_chosen":"WATCHER","items_purchased":["Tantrum","Anchor","Lee\u0027s Waffle","TalkToTheHand","SteroidPotion","Shuriken","DuplicationPotion"],"campfire_rested":2,"item_purchase_floors":[13,13,25,25,25,48,48],"current_hp_per_floor":[64,64,51,33,33,5,24,24,24,24,24,22,22,22,22,1,49,49,38,38,32,32,32,32,77,77,53,51,51,47,47,47,43,69,69,69,69,69,69,69,69,69,69,69,57,57,57,57,77,64],"gold":74,"neow_bonus":"THREE_RARE_CARDS","is_daily":false,"chose_seed":false,"campfire_upgraded":4,"win_rate":0.0,"timestamp":1613192018,"path_taken":["M","M","?","?","M","E","R","?","T","E","?","E","?","E","R","BOSS","M","?","M","?","?","R","E","$","T","E","?","?","E","$","R","BOSS","M","?","M","?","?","E","R","E","T","M","M","?","M","$","R","BOSS"],"items_purchased_type":["Card","Relic","Relic","Card","Potion","Relic","Potion"],"build_version":"2020-12-22","purchased_purges":2,"victory":true,"max_hp_per_floor":[65,65,65,65,65,65,65,65,65,65,65,65,65,65,65,65,65,65,70,70,70,70,70,70,77,77,77,77,77,77,77,77,77,77,77,77,77,77,77,77,77,77,77,77,77,77,77,77,77,77],"relic_stats":{"Lee\u0027s Waffle":45,"Regal Pillow":0,"Gremlin Horn":[10,10],"counters":[25,95],"PreservedInsect":281,"Letter Opener":[69],"GoldenEye":[34],"WarpedTongs":[7],"Nunchaku":[25],"Shovel":0,"Shuriken":[3],"Pandora\u0027s Box":["Nirvana","Wallop","Brilliance","Judgement","SignatureMove","DeceiveReality","ThirdEye"],"obtain_stats":[{"Lee\u0027s Waffle":25,"Regal Pillow":42,"Gremlin Horn":30,"PreservedInsect":24,"Incense Burner":43,"Letter Opener":6,"GoldenEye":40,"WarpedTongs":46,"Nunchaku":10,"Anchor":13,"Bottled Flame":27,"HornCleat":9,"Shovel":12,"Shuriken":48,"Philosopher\u0027s Stone":17,"Pandora\u0027s Box":34,"CultistMask":22,"PureWater":0,"StrikeDummy":14,"FossilizedHelix":4,"Meat on the Bone":26},{"Lee\u0027s Waffle":12,"Regal Pillow":21,"Gremlin Horn":15,"PreservedInsect":12,"Incense Burner":21,"Letter Opener":4,"GoldenEye":20,"WarpedTongs":23,"Nunchaku":5,"Anchor":7,"Bottled Flame":13,"HornCleat":4,"Shovel":7,"Shuriken":24,"Philosopher\u0027s Stone":9,"Pandora\u0027s Box":16,"CultistMask":11,"PureWater":0,"StrikeDummy":8,"FossilizedHelix":2,"Meat on the Bone":12},{"Lee\u0027s Waffle":41,"Regal Pillow":79,"Gremlin Horn":55,"PreservedInsect":41,"Incense Burner":79,"Letter Opener":13,"GoldenEye":75,"WarpedTongs":88,"Nunchaku":16,"Anchor":24,"Bottled Flame":47,"HornCleat":13,"Shovel":24,"Shuriken":92,"Philosopher\u0027s Stone":34,"Pandora\u0027s Box":62,"CultistMask":38,"PureWater":0,"StrikeDummy":27,"FossilizedHelix":6,"Meat on the Bone":41}],"Meat on the Bone":24},"card_choices":[{"not_picked":["Vault","ConjureBlade"],"picked":"Blasphemy","floor":0.0},{"not_picked":["Indignation","CrushJoints"],"picked":"Consecrate","floor":1.0},{"not_picked":["FollowUp","Consecrate"],"picked":"FlurryOfBlows","floor":2.0},{"not_picked":["Nirvana","PathToVictory"],"picked":"ThirdEye","floor":5.0},{"not_picked":["FlyingSleeves","EmptyMind"],"picked":"LessonLearned","floor":6.0},{"not_picked":["SandsOfTime","EmptyBody"],"picked":"Wireheading","floor":10.0},{"not_picked":["Protect","FlurryOfBlows"],"picked":"CutThroughFate","floor":11.0},{"not_picked":["TalkToTheHand","Weave"],"picked":"Tantrum","floor":12.0},{"not_picked":["EmptyMind","Evaluate"],"picked":"Adaptation","floor":14.0},{"not_picked":["DeusExMachina","Blasphemy"],"picked":"Vault","floor":16.0},{"not_picked":["Consecrate","CarveReality+1"],"picked":"ClearTheMind","floor":18.0},{"not_picked":["FlyingSleeves","FollowUp"],"picked":"ClearTheMind+1","floor":20.0},{"not_picked":["Nirvana","SandsOfTime"],"picked":"Conclude","floor":24.0},{"not_picked":["Consecrate+1","CutThroughFate","SashWhip"],"picked":"SKIP","floor":27.0},{"not_picked":["FlurryOfBlows","Worship"],"picked":"Protect+1","floor":28.0},{"not_picked":["Consecrate","FlyingSleeves"],"picked":"Halt","floor":30.0},{"not_picked":["Establishment","Judgement"],"picked":"Wish","floor":33.0},{"not_picked":["ForeignInfluence","FollowUp","Fasting2+1"],"picked":"SKIP","floor":35.0},{"not_picked":["FlurryOfBlows","SashWhip+1"],"picked":"Wallop","floor":37.0},{"not_picked":["FollowUp","Crescendo+1"],"picked":"Indignation","floor":38.0},{"not_picked":["Wallop","Meditate"],"picked":"JustLucky+1","floor":40.0},{"not_picked":["ThirdEye+1","Prostrate"],"picked":"Tantrum","floor":42.0},{"not_picked":["EmptyMind","ThirdEye+1"],"picked":"Adaptation","floor":44.0},{"not_picked":["FlyingSleeves","Perseverance"],"picked":"Adaptation","floor":45.0},{"not_picked":["Wireheading+1","ClearTheMind+1","CrushJoints"],"picked":"SKIP","floor":47.0}],"player_experience":1267070,"relics_obtained":[{"floor":6.0,"key":"Letter Opener"},{"floor":9.0,"key":"HornCleat"},{"floor":10.0,"key":"Nunchaku"},{"floor":12.0,"key":"Shovel"},{"floor":14.0,"key":"StrikeDummy"},{"floor":24.0,"key":"PreservedInsect"},{"floor":26.0,"key":"Meat on the Bone"},{"floor":27.0,"key":"Bottled Flame"},{"floor":30.0,"key":"Gremlin Horn"},{"floor":40.0,"key":"GoldenEye"},{"floor":42.0,"key":"Regal Pillow"},{"floor":43.0,"key":"Incense Burner"}],"event_choices":[{"damage_healed":0.0,"max_hp_gain":0.0,"max_hp_loss":0.0,"gold_gain":0.0,"event_name":"Shining Light","player_choice":"Entered Light","floor":3.0,"gold_loss":0.0,"damage_taken":13.0,"cards_upgraded":["Strike_P","Eruption"]},{"damage_healed":0.0,"max_hp_gain":0.0,"max_hp_loss":0.0,"gold_gain":0.0,"event_name":"Scrap Ooze","player_choice":"Success","floor":4.0,"gold_loss":0.0,"damage_taken":18.0,"relics_obtained":["FossilizedHelix"]},{"damage_healed":0.0,"max_hp_gain":0.0,"max_hp_loss":0.0,"gold_gain":0.0,"event_name":"Lab","player_choice":"Got Potions","floor":8.0,"gold_loss":0.0,"damage_taken":0.0},{"damage_healed":0.0,"max_hp_gain":5.0,"max_hp_loss":0.0,"gold_gain":0.0,"event_name":"Forgotten Altar","player_choice":"Shed Blood","floor":19.0,"gold_loss":0.0,"damage_taken":16.0},{"damage_healed":0.0,"max_hp_gain":0.0,"max_hp_loss":0.0,"gold_gain":0.0,"event_name":"Nest","player_choice":"Joined the Cult","floor":21.0,"gold_loss":0.0,"damage_taken":6.0,"cards_obtained":["RitualDagger"]},{"damage_healed":0.0,"max_hp_gain":0.0,"max_hp_loss":0.0,"gold_gain":0.0,"event_name":"FaceTrader","player_choice":"Trade","floor":22.0,"gold_loss":0.0,"damage_taken":0.0,"relics_obtained":["CultistMask"]},{"cards_removed":["SignatureMove"],"damage_healed":0.0,"max_hp_gain":0.0,"max_hp_loss":0.0,"gold_gain":0.0,"event_name":"Purifier","player_choice":"Purged","floor":36.0,"gold_loss":0.0,"damage_taken":0.0},{"damage_healed":0.0,"max_hp_gain":0.0,"max_hp_loss":0.0,"gold_gain":0.0,"event_name":"Tomb of Lord Red Mask","player_choice":"Ignored","floor":39.0,"gold_loss":0.0,"damage_taken":0.0},{"damage_healed":0.0,"max_hp_gain":0.0,"max_hp_loss":0.0,"gold_gain":0.0,"event_name":"Accursed Blacksmith","player_choice":"Rummage","floor":46.0,"gold_loss":0.0,"damage_taken":0.0,"relics_obtained":["WarpedTongs"],"cards_obtained":["Pain"]}],"is_beta":false,"boss_relics":[{"not_picked":["HolyWater","SacredBark"],"picked":"Philosopher\u0027s Stone"},{"not_picked":["VioletLotus","Sozu"],"picked":"Pandora\u0027s Box"}],"items_purged_floors":[29,48],"is_endless":false,"potions_floor_spawned":[1,10,16,18,20,30,33,35,42,44],"ascension_level":11}}