{"host":"cfqfeqi6u2qx5u0e","time":1613221314,"event":{"mods":["AchievementEnabler","BaseMod","Minty Spire (QoL Compilation)","Quick Restart","StSLib"],"gold_per_floor":[115,115,115,115,135,161,43,75,99,99,99],"floor_reached":10,"language":"ENG","playtime":433,"items_purged":[],"score":78,"play_id":"cde369fc-3993-4eb9-8a52-c55f4d2a71d2","local_time":"20210213050154","is_ascension_mode":true,"campfire_choices":[],"circlet_count":0,"master_deck":["Strike_B+1","Strike_B+1","Strike_B","Defend_B","Defend_B","Defend_B","Defend_B","Zap","Dualcast","Sweeping Beam","Blizzard","Self Repair","Doom and Gloom","Genetic Algorithm","Seek"],"relics":["Cracked Core","Pen Nib","Dream Catcher","Bag of Preparation"],"acts_visited":["Exordium"],"potions_floor_usage":[6,8,8],"damage_taken":[{"damage":0,"enemies":"Small Slimes","floor":1,"turns":2},{"damage":6,"enemies":"Jaw Worm","floor":5,"turns":2},{"damage":49,"enemies":"Lagavulin","floor":6,"turns":7},{"damage":28,"enemies":"Gremlin Nob","floor":8,"turns":4},{"damage":12,"enemies":"Lagavulin","floor":10,"turns":2}],"seed_played":"-9181151595383060277","potions_obtained":[{"floor":1,"key":"SneckoOil"},{"floor":6,"key":"Strength Potion"}],"is_trial":false,"path_per_floor":["M","?","?","?","M","E","$","E","T","E"],"character_chosen":"DEFECT","items_purchased":["Regen Potion","Genetic Algorithm"],"campfire_rested":0,"item_purchase_floors":[7,7],"current_hp_per_floor":[82,82,66,66,60,18,18,9,9,0,0],"gold":99,"neow_bonus":"TEN_PERCENT_HP_BONUS","is_daily":false,"chose_seed":false,"campfire_upgraded":0,"win_rate":0.0,"timestamp":1613221314,"path_taken":["M","?","?","?","M","E","?","E","T","E"],"items_purchased_type":["Potion","Card"],"build_version":"2020-12-22","purchased_purges":0,"victory":false,"max_hp_per_floor":[82,82,82,82,82,82,82,82,82,82,82],"card_choices":[{"not_picked":["Glacier","Steam"],"picked":"Sweeping Beam","floor":1},{"not_picked":["Redo","Scrape"],"picked":"Self Repair","floor":5},{"not_picked":["Conserve Battery","Cold Snap"],"picked":"Doom and Gloom","floor":6},{"not_picked":["White Noise","Static Discharge"],"picked":"Seek","floor":8}],"player_experience":54697,"relics_obtained":[{"floor":6,"key":"Pen Nib"},{"floor":8,"key":"Dream Catcher"},{"floor":9,"key":"Bag of Preparation"}],"event_choices":[{"damage_healed":0,"gold_gain":0,"player_choice":"Ignored","damage_taken":0,"max_hp_gain":0,"max_hp_loss":0,"event_name":"Golden Wing","floor":2,"gold_loss":0},{"damage_healed":0,"gold_gain":0,"player_choice":"Entered Light","damage_taken":16,"max_hp_gain":0,"max_hp_loss":0,"event_name":"Shining Light","floor":3,"gold_loss":0,"cards_upgraded":["Strike_B","Strike_B"]},{"damage_healed":0,"gold_gain":0,"cards_transformed":["Strike_B"],"player_choice":"Change","damage_taken":0,"max_hp_gain":0,"max_hp_loss":0,"event_name":"Living Wall","floor":4,"gold_loss":0,"cards_obtained":["Blizzard"]}],"is_beta":false,"boss_relics":[],"items_purged_floors":[],"is_endless":false,"potions_floor_spawned":[1,6],"killed_by":"Lagavulin","ascension_level":1}}