{"host":"s21r9c1cdih2g0le","time":1613205468,"event":{"mods":["Aspiration","BaseMod","BetterRewards","Colored Map","Conspire","Downfall","Energized Spire","Friendly Minions","GifTheSpireLib","Infinite Spire","Ironclad Rager","Mimic Mod","Minty Spire (QoL Compilation)","StSLib","Stuff the Spire","SuperFastMode","The Mystic","Wandering Minibosses"],"gold_per_floor":[99,112,97,303,338,338,338,338],"floor_reached":6,"language":"ENG","playtime":254,"items_purged":[],"score":34,"play_id":"c5796d6f-138e-4e5b-a9a9-5b9e44feb454","local_time":"20210213093748","is_ascension_mode":true,"campfire_choices":[{"floor":1.0,"key":"RECALL"}],"circlet_count":0,"master_deck":["champ:Strike","champ:Strike","champ:Strike","champ:Strike","champ:Defend","champ:Defend+1","champ:Defend","champ:Defend","champ:Execute","champ:Taunt+1","champ:ShieldWall","champ:DeathBlow","champ:EnGarde","champ:ShieldWall"],"relics":["champ:ChampionCrown","War Paint","Bottled Flame"],"acts_visited":["Exordium"],"potions_floor_usage":[6],"damage_taken":[{"damage":25.0,"enemies":"Small Slimes","floor":2.0,"turns":3.0},{"damage":20.0,"enemies":"downfall:FleeingMerchant","floor":3.0,"turns":4.0},{"damage":41.0,"enemies":"conspire:MimicChest","floor":5.0,"turns":6.0},{"damage":10,"enemies":"Gremlin Nob","floor":6,"turns":2}],"seed_played":"3945016924323404696","potions_obtained":[{"floor":5.0,"key":"ColorlessPotion"}],"is_trial":false,"path_per_floor":["R_BF","M","$","?","?","E"],"character_chosen":"THE_CHAMP","items_purchased":[],"campfire_rested":0,"item_purchase_floors":[],"current_hp_per_floor":[90,85,85,49,38,28,28,28],"gold":338,"neow_bonus":"RANDOM_COMMON_RELIC","is_daily":false,"chose_seed":false,"campfire_upgraded":0,"win_rate":0.0,"timestamp":1613205468,"path_taken":["R_BF","M","$","?","?","E"],"items_purchased_type":[],"build_version":"2020-12-22","purchased_purges":0,"victory":false,"max_hp_per_floor":[90,90,90,90,90,90,90,90],"card_choices":[{"not_picked":["champ:BringItOn","champ:BladeFlurry"],"picked":"champ:ShieldWall","floor":2.0},{"not_picked":["champ:PreemptiveStrike","champ:CrownThrow"],"picked":"champ:DeathBlow","floor":3.0},{"not_picked":["champ:GutPunch","champ:Duel"],"picked":"champ:EnGarde","floor":4.0},{"not_picked":["champ:DefensiveShout","champ:AdrenalArmor"],"picked":"champ:ShieldWall","floor":5.0}],"player_experience":343024,"relics_obtained":[{"floor":5.0,"key":"Bottled Flame"}],"event_choices":[],"is_beta":false,"boss_relics":[],"items_purged_floors":[],"is_endless":false,"potions_floor_spawned":[5],"killed_by":"Gremlin Nob","ascension_level":1}}