{"host":"gfxjwtol062e9znw","time":1613174635,"event":{"mods":["BaseMod","Colored Map","Minty Spire (QoL Compilation)","Rare Cards Sparkle"],"gold_per_floor":[115,129,129,129,147,147,173,187,187,198,198,227,227,238,238,334,334,346,346,196,209,221,221,250,22,49,49,66,96,115,127,127,222,222,232,86,113,413,215,215,226,226,226,236,36,64,64,64,64,64,64],"floor_reached":50,"language":"ENG","playtime":2437,"items_purged":["Strike_B","Injury","Decay"],"score":702,"play_id":"a81874b9-174b-4c72-8ad7-64758b221151","local_time":"20210213110355","is_ascension_mode":true,"campfire_choices":[{"floor":6,"key":"REST"},{"data":"Dualcast","floor":11,"key":"SMITH"},{"floor":15,"key":"REST"},{"data":"Aggregate","floor":23,"key":"SMITH"},{"data":"Sunder","floor":27,"key":"SMITH"},{"floor":32,"key":"DIG"},{"floor":40,"key":"REST"},{"data":"Streamline","floor":42,"key":"SMITH"},{"floor":47,"key":"DIG"},{"floor":49,"key":"DIG"}],"circlet_count":0,"master_deck":["Strike_B","Strike_B","Defend_B","Defend_B","Defend_B","Defend_B","Zap","Dualcast+1","Leap","Ball Lightning","Aggregate+1","Hologram","Ball Lightning","Reboot","Go for the Eyes","Lockon","Leap","Core Surge","FTL","Conserve Battery","Sunder+1","Chaos+1","Leap","Steam","Core Surge","Multi-Cast","Streamline+1","Auto Shields","Hologram+1","Madness+1","Madness+1"],"relics":["Cracked Core","Emotion Chip","Centennial Puzzle","Eternal Feather","Shovel","Inserter","Bag of Marbles","DataDisk","Lee\u0027s Waffle","Dream Catcher","Meat on the Bone","Boot","Cursed Key","Juzu Bracelet","Nunchaku","Cables","Lantern","Toxic Egg 2","Symbiotic Virus"],"acts_visited":["Exordium","TheCity","TheBeyond"],"potions_floor_usage":[7,12,16,22,24,24,24,28,29,33,46,46,50,50],"damage_taken":[{"damage":0,"enemies":"Small Slimes","floor":1,"turns":3},{"damage":2,"enemies":"Jaw Worm","floor":2,"turns":3},{"damage":0,"enemies":"Cultist","floor":5,"turns":3},{"damage":12,"enemies":"3 Sentries","floor":7,"turns":5},{"damage":5,"enemies":"Blue Slaver","floor":8,"turns":4},{"damage":9,"enemies":"Exordium Thugs","floor":10,"turns":3},{"damage":10,"enemies":"Gremlin Nob","floor":12,"turns":3},{"damage":10,"enemies":"Lots of Slimes","floor":14,"turns":2},{"damage":5,"enemies":"The Guardian","floor":16,"turns":6},{"damage":2,"enemies":"Spheric Guardian","floor":18,"turns":3},{"damage":7,"enemies":"Shell Parasite","floor":21,"turns":5},{"damage":20,"enemies":"Shelled Parasite and Fungi","floor":22,"turns":4},{"damage":42,"enemies":"Book of Stabbing","floor":24,"turns":4},{"damage":16,"enemies":"Centurion and Healer","floor":28,"turns":3},{"damage":22,"enemies":"Slavers","floor":29,"turns":5},{"damage":2,"enemies":"Cultist and Chosen","floor":30,"turns":6},{"damage":3,"enemies":"Chosen and Byrds","floor":31,"turns":5},{"damage":61,"enemies":"Collector","floor":33,"turns":10},{"damage":22,"enemies":"3 Darklings","floor":35,"turns":6},{"damage":17,"enemies":"3 Shapes","floor":41,"turns":4},{"damage":3,"enemies":"Jaw Worm Horde","floor":44,"turns":3},{"damage":22,"enemies":"Reptomancer","floor":46,"turns":7},{"damage":78,"enemies":"Donu and Deca","floor":50,"turns":6}],"seed_played":"191028262748808198","potions_obtained":[{"floor":1,"key":"Strength Potion"},{"floor":7,"key":"EssenceOfDarkness"},{"floor":10,"key":"PowerPotion"},{"floor":12,"key":"FearPotion"},{"floor":16,"key":"BlessingOfTheForge"},{"floor":21,"key":"PowerPotion"},{"floor":22,"key":"FocusPotion"},{"floor":28,"key":"FearPotion"},{"floor":30,"key":"Swift Potion"},{"floor":31,"key":"PotionOfCapacity"},{"floor":46,"key":"Swift Potion"}],"is_trial":false,"path_per_floor":["M","M","?","?","M","R","E","M","T","M","R","E","?","M","R","B",null,"M","?","$","M","M","R","E","$","T","R","M","E","M","M","R","B",null,"M","$","T","?","$","R","M","R","T","M","$","E","R","?","R","B"],"character_chosen":"DEFECT","items_purchased":["Conserve Battery","PowerPotion","Leap","Lee\u0027s Waffle","PowerPotion","Juzu Bracelet","PowerPotion","Weak Potion","EssenceOfSteel"],"campfire_rested":3,"item_purchase_floors":[20,20,25,25,25,36,39,39,45],"current_hp_per_floor":[50,48,48,48,48,70,58,53,53,44,53,43,43,33,64,59,71,69,69,69,62,42,54,12,82,82,82,66,44,42,51,66,17,66,44,44,44,44,44,82,65,80,80,77,77,55,70,60,78,0,0],"gold":64,"neow_bonus":"ONE_RARE_RELIC","is_daily":false,"chose_seed":false,"campfire_upgraded":4,"win_rate":0.0,"timestamp":1613174635,"path_taken":["M","M","?","?","?","R","E","M","T","M","R","E","?","M","R","BOSS","M","?","$","M","M","R","E","?","T","R","M","E","M","M","R","BOSS","M","?","?","?","$","R","M","R","T","M","$","E","R","?","R","BOSS"],"items_purchased_type":["Card","Potion","Card","Relic","Potion","Relic","Potion","Potion","Potion"],"build_version":"2020-12-22","purchased_purges":3,"victory":false,"max_hp_per_floor":[75,75,75,75,75,75,75,75,75,75,75,75,75,75,75,75,75,75,75,75,75,75,75,75,82,82,82,82,82,82,82,82,82,82,82,82,82,82,82,82,82,82,82,82,82,82,82,82,82,82,82],"card_choices":[{"not_picked":["Chill","Hello World"],"picked":"Leap","floor":1},{"not_picked":["Coolheaded","Force Field"],"picked":"Ball Lightning","floor":2},{"not_picked":["Streamline","Static Discharge"],"picked":"Aggregate","floor":5},{"not_picked":["Gash","Stack"],"picked":"Hologram","floor":7},{"not_picked":["Gash","Undo"],"picked":"Ball Lightning","floor":8},{"not_picked":["Storm","Ball Lightning"],"picked":"Reboot","floor":10},{"not_picked":["Hologram","Beam Cell"],"picked":"Go for the Eyes","floor":12},{"not_picked":["Streamline","Steam"],"picked":"Leap","floor":14},{"not_picked":["Hyperbeam","Meteor Strike"],"picked":"Core Surge","floor":16},{"not_picked":["Hologram","Darkness"],"picked":"FTL","floor":18},{"not_picked":["Coolheaded+1","Chill"],"picked":"Sunder","floor":21},{"not_picked":["Reprogram","Fusion","Storm+1"],"picked":"SKIP","floor":22},{"not_picked":["Multi-Cast","Scrape"],"picked":"Chaos+1","floor":24},{"not_picked":["Conserve Battery","Skim+1"],"picked":"Steam","floor":28},{"not_picked":["Barrage+1","Beam Cell","Hello World"],"picked":"SKIP","floor":29},{"not_picked":["Lockon","Streamline"],"picked":"Core Surge","floor":30},{"not_picked":["Genetic Algorithm","Hello World","Hologram"],"picked":"SKIP","floor":31},{"not_picked":["Creative AI","Amplify"],"picked":"Multi-Cast","floor":33},{"not_picked":["Storm","Steam+1"],"picked":"Streamline","floor":35},{"not_picked":["Sunder+1","Coolheaded"],"picked":"Auto Shields","floor":41},{"not_picked":["Rebound","Steam"],"picked":"Hologram+1","floor":44},{"not_picked":["All For One","Hologram","Rebound+1"],"picked":"SKIP","floor":46}],"player_experience":153855,"relics_obtained":[{"floor":7,"key":"Centennial Puzzle"},{"floor":9,"key":"Eternal Feather"},{"floor":12,"key":"Shovel"},{"floor":24,"key":"DataDisk"},{"floor":26,"key":"Dream Catcher"},{"floor":29,"key":"Meat on the Bone"},{"floor":32,"key":"Boot"},{"floor":37,"key":"Nunchaku"},{"floor":43,"key":"Cables"},{"floor":46,"key":"Lantern"},{"floor":47,"key":"Toxic Egg 2"},{"floor":49,"key":"Symbiotic Virus"}],"event_choices":[{"damage_healed":0,"gold_gain":0,"player_choice":"Ignored","damage_taken":0,"max_hp_gain":0,"max_hp_loss":0,"event_name":"Shining Light","floor":3,"gold_loss":0},{"cards_removed":["Strike_B"],"damage_healed":0,"gold_gain":0,"player_choice":"Purged","damage_taken":0,"max_hp_gain":0,"max_hp_loss":0,"event_name":"Purifier","floor":4,"gold_loss":0},{"damage_healed":0,"gold_gain":0,"player_choice":"1 cards matched","damage_taken":0,"max_hp_gain":0,"max_hp_loss":0,"event_name":"Match and Keep!","floor":13,"gold_loss":0,"cards_obtained":["Lockon"]},{"damage_healed":0,"gold_gain":0,"player_choice":"Gave Potion","damage_taken":0,"relics_obtained":["Bag of Marbles"],"max_hp_gain":0,"max_hp_loss":0,"event_name":"WeMeetAgain","floor":19,"gold_loss":0},{"damage_healed":0,"gold_gain":300,"player_choice":"Gold","damage_taken":0,"max_hp_gain":0,"max_hp_loss":0,"event_name":"Wheel of Change","floor":38,"gold_loss":0},{"damage_healed":0,"gold_gain":0,"player_choice":"Embrace Madness","damage_taken":10,"max_hp_gain":0,"max_hp_loss":0,"event_name":"Winding Halls","floor":48,"gold_loss":0,"cards_obtained":["Madness","Madness"]}],"is_beta":false,"boss_relics":[{"not_picked":["SacredBark","Tiny House"],"picked":"Inserter"},{"not_picked":["Astrolabe","Coffee Dripper"],"picked":"Cursed Key"}],"items_purged_floors":[20,39,45],"is_endless":false,"potions_floor_spawned":[1,7,10,12,16,21,22,28,30,31,41,44,46],"killed_by":"Donu and Deca","ascension_level":7}}