{"host":"f76wcztdlwlduum6","time":1613246384,"event":{"mods":["BaseMod","BetterRewards","Colored Powertips","Minty Spire (QoL Compilation)","Quick Restart","Rare Cards Sparkle","Relic Stats","StSLib","SuperFastMode","everything is the same but u backflip on backflip"],"gold_per_floor":[122,197,226,247,247,280,280,323,346,382,409,334,80,133,133,218,227,241,260,260,46,61,92,92,120,197,197,216,229,229,245,245,321,321,336,391,211,221,234,262,262,274,325,340,370,370,384,384,384,384,384,384,384,233,262,262],"floor_reached":57,"language":"ENG","playtime":3640,"items_purged":["Strike_G","Strike_G","Defend_G","Strike_G","Strike_G","Defend_G","Defend_G","Survivor","Defend_G+1"],"score":4035,"play_id":"2e75c78b-75f8-4c91-90b1-0a76406ef15b","local_time":"20210213135944","is_ascension_mode":true,"campfire_choices":[{"data":"Footwork","floor":7,"key":"SMITH"},{"data":"Footwork","floor":10,"key":"SMITH"},{"data":"Footwork","floor":15,"key":"SMITH"},{"data":"Footwork","floor":24,"key":"SMITH"},{"floor":30,"key":"RECALL"},{"data":"Feed","floor":32,"key":"SMITH"},{"data":"Reprogram","floor":41,"key":"SMITH"},{"data":"Master of Strategy","floor":46,"key":"SMITH"},{"data":"DeusExMachina","floor":49,"key":"SMITH"},{"data":"Bandage Up","floor":53,"key":"SMITH"}],"circlet_count":0,"master_deck":["AscendersBane","Neutralize+1","Dodge and Roll+1","Footwork+1","Footwork+1","Master of Strategy+1","Flash of Steel+1","Prepared+1","Escape Plan","Footwork+1","Footwork+1","Footwork+1","Dodge and Roll+1","Dodge and Roll+1","Footwork+1","Leg Sweep+1","Reprogram+1","Reprogram+1","Self Repair+1","Leg Sweep","Crippling Poison","Panacea","Reprogram+1","Reprogram+1","Feed+1","Limit Break+1","DeusExMachina+1","Exhume+1","Master of Strategy+1","Seeing Red+1","Bandage Up+1","Master of Strategy"],"relics":["Ring of the Snake","Kunai","Membership Card","Calipers","HornCleat","ClockworkSouvenir","Thread and Needle","Pen Nib","Smiling Mask","Snake Skull","Ornamental Fan","PrismaticShard","Happy Flower","Coffee Dripper","Tingsha","Anchor","Blood Vial","DollysMirror","WristBlade","Torii","Strange Spoon","Ice Cream","Incense Burner","Lantern","Oddly Smooth Stone","Bottled Lightning"],"acts_visited":["Exordium","TheCity","TheBeyond","TheEnding"],"potions_floor_usage":[14,28,56],"damage_taken":[{"damage":4,"enemies":"Small Slimes","floor":1,"turns":4},{"damage":0,"enemies":"2 Louse","floor":3,"turns":3},{"damage":0,"enemies":"Jaw Worm","floor":4,"turns":5},{"damage":5,"enemies":"Lagavulin","floor":6,"turns":8},{"damage":0,"enemies":"Gremlin Nob","floor":8,"turns":4},{"damage":0,"enemies":"Lagavulin","floor":11,"turns":9},{"damage":0,"enemies":"3 Sentries","floor":14,"turns":18},{"damage":0,"enemies":"The Guardian","floor":16,"turns":11},{"damage":13,"enemies":"Chosen","floor":18,"turns":8},{"damage":0,"enemies":"Spheric Guardian","floor":19,"turns":20},{"damage":0,"enemies":"3 Cultists","floor":22,"turns":7},{"damage":0,"enemies":"Book of Stabbing","floor":23,"turns":7},{"damage":0,"enemies":"Gremlin Leader","floor":25,"turns":7},{"damage":0,"enemies":"Snake Plant","floor":28,"turns":7},{"damage":0,"enemies":"Centurion and Healer","floor":29,"turns":7},{"damage":0,"enemies":"Chosen and Byrds","floor":31,"turns":9},{"damage":0,"enemies":"Automaton","floor":33,"turns":20},{"damage":0,"enemies":"Orb Walker","floor":35,"turns":9},{"damage":184,"enemies":"2 Orb Walkers","floor":36,"turns":13},{"damage":0,"enemies":"3 Shapes","floor":38,"turns":10},{"damage":0,"enemies":"Transient","floor":39,"turns":6},{"damage":0,"enemies":"Giant Head","floor":40,"turns":10},{"damage":0,"enemies":"Jaw Worm Horde","floor":42,"turns":9},{"damage":0,"enemies":"Spire Growth","floor":44,"turns":7},{"damage":0,"enemies":"Nemesis","floor":45,"turns":9},{"damage":0,"enemies":"4 Shapes","floor":47,"turns":9},{"damage":44,"enemies":"Awakened One","floor":50,"turns":18},{"damage":16,"enemies":"Time Eater","floor":51,"turns":20},{"damage":11,"enemies":"Shield and Spear","floor":55,"turns":18},{"damage":16,"enemies":"The Heart","floor":56,"turns":19}],"seed_played":"1049710085793713320","potions_obtained":[{"floor":3,"key":"AttackPotion"},{"floor":6,"key":"CunningPotion"},{"floor":22,"key":"Energy Potion"},{"floor":28,"key":"Fruit Juice"},{"floor":31,"key":"FairyPotion"}],"is_trial":false,"path_per_floor":["M","?","M","M","?","E","R","E","T","R","E","?","$","E","R","B",null,"M","M","?","$","M","E","R","E","T","E","M","M","R","M","R","B",null,"M","?","$","M","M","E","R","M","T","M","E","R","M","?","R","B","B",null,"R","$","E","B",null],"character_chosen":"THE_SILENT","items_purchased":["Noxious Fumes","Kunai","Dodge and Roll","Footwork","Membership Card","Calipers","Blade Dance","Noxious Fumes","CeramicFish","Footwork","HornCleat","Blade Dance","Master of Strategy","ClockworkSouvenir","Noxious Fumes","Blade Dance","Thread and Needle","Flash of Steel","Leg Sweep","Footwork","Leg Sweep","Ornamental Fan","Tingsha","Strange Spoon","Master of Strategy","Master of Strategy"],"campfire_rested":0,"item_purchase_floors":[0,0,0,0,0,0,0,0,0,0,0,0,0,0,0,0,0,0,0,13,13,13,21,37,37,54],"current_hp_per_floor":[55,44,44,44,26,21,21,21,21,21,21,21,21,21,21,21,55,54,64,64,64,66,66,66,66,66,66,71,71,71,71,71,99,99,103,26,26,46,58,78,78,106,106,126,139,139,143,136,136,118,122,145,145,145,160,164],"gold":262,"neow_bonus":"","is_daily":false,"chose_seed":false,"campfire_upgraded":9,"win_rate":0.0,"timestamp":1613246384,"path_taken":["M","?","M","M","?","E","R","E","T","R","E","?","$","E","R","BOSS","M","M","?","$","M","E","R","E","T","E","M","M","R","M","R","BOSS","M","?","$","M","M","E","R","M","T","M","E","R","M","?","R","BOSS","BOSS","R","$","E","BOSS"],"items_purchased_type":["Card","Relic","Card","Card","Relic","Relic","Card","Card","Relic","Card","Relic","Card","Card","Relic","Card","Card","Relic","Card","Card","Card","Card","Relic","Relic","Relic","Card","Card"],"build_version":"2020-12-22","purchased_purges":9,"victory":true,"max_hp_per_floor":[66,66,66,66,66,66,66,66,66,66,66,66,66,66,66,66,66,66,66,66,66,66,66,66,66,66,66,71,71,71,71,71,99,99,103,111,111,119,119,123,123,131,131,135,139,139,143,136,136,148,152,152,152,152,160,164],"relic_stats":{"Happy Flower":[117],"Torii":6,"counters":[115,614],"Tingsha":[286],"Pen Nib":[72],"Snake Skull":[505],"Smiling Mask":226,"Blood Vial":16,"Strange Spoon":[149],"Ornamental Fan":[672],"Kunai":[133],"obtain_stats":[{"Ice Cream":39,"champ:DuelingGlove":29,"Calipers":0,"Gremlin Horn":53,"Nilry\u0027s Codex":28,"CeramicFish":0,"Vajra":6,"Whetstone":53,"Bottled Tornado":47,"Boot":8,"Sling":21,"Blood Vial":48,"Centennial Puzzle":41,"HornCleat":0,"DollysMirror":35,"Sundial":13,"Strawberry":53,"Prayer Wheel":0,"Fusion Hammer":17,"downfall:ExtraCursedKey":19,"HandDrill":0,"Kunai":12,"Toxic Egg 2":34,"Pear":0,"Happy Flower":0,"Blue Candle":14,"Oddly Smooth Stone":8,"Eternal Feather":0,"Tingsha":21,"Pen Nib":5,"Guardian:PocketSentry":0,"Letter Opener":4,"Paper Crane":28,"War Paint":7,"Question Card":0,"Akabeko":19,"OrangePellets":48,"Bottled Flame":21,"Bronze Scales":7,"Molten Egg 2":28,"Black Star":17,"Unceasing Top":8,"Pocketwatch":0,"Lantern":29,"bronze:ElectromagneticCoil":34,"Regal Pillow":26,"bronze:BronzeCore":0,"Singing Bowl":0,"Torii":54,"sneckomod:BlankCard":23,"Mango":47,"Snake Skull":10,"Juzu Bracelet":0,"Incense Burner":0,"Cursed Key":17,"Smiling Mask":43,"Ancient Tea Set":23,"PrismaticShard":14,"ClockworkSouvenir":0,"Nunchaku":9,"Shovel":29,"WristBlade":34,"Mummified Hand":31,"downfall:HeartBlessingBlue":0,"Slimebound:StickyStick":0,"Pantograph":40,"Toolbox":47,"Tiny Chest":23,"Chemical X":0,"Guardian:BottledAnomaly":0,"Ring of the Snake":2,"Lee\u0027s Waffle":41,"hexamod:CandleOfCauterizing":46,"The Specimen":37,"Thread and Needle":30,"The Courier":0,"PreservedInsect":6,"Omamori":19,"Frozen Egg 2":21,"Medical Kit":8,"Mercury Hourglass":2,"bronze:BronzeIdol":43,"Peace Pipe":46,"Calling Bell":34,"Strange Spoon":37,"Anchor":0,"CaptainsWheel":47,"Ornamental Fan":13,"Art of War":31,"Coffee Dripper":34,"Bag of Marbles":0,"Membership Card":8,"Bottled Lightning":55,"hexamod:BolsterEngine":43},{"Ice Cream":106,"champ:DuelingGlove":71,"Calipers":84,"Gremlin Horn":82,"Nilry\u0027s Codex":13,"CeramicFish":55,"Vajra":30,"Whetstone":82,"Bottled Tornado":81,"Boot":4,"Sling":11,"Blood Vial":24,"Centennial Puzzle":20,"HornCleat":84,"DollysMirror":17,"Sundial":34,"Strawberry":53,"Prayer Wheel":0,"Fusion Hammer":66,"downfall:ExtraCursedKey":67,"HandDrill":55,"Kunai":6,"Toxic Egg 2":73,"Pear":26,"Happy Flower":55,"Blue Candle":6,"Oddly Smooth Stone":62,"Eternal Feather":26,"Tingsha":94,"Pen Nib":87,"Guardian:PocketSentry":55,"Letter Opener":28,"Paper Crane":42,"War Paint":61,"Question Card":0,"Akabeko":67,"OrangePellets":24,"Bottled Flame":11,"Bronze Scales":3,"Molten Egg 2":70,"Black Star":8,"Unceasing Top":4,"Pocketwatch":26,"Lantern":14,"bronze:ElectromagneticCoil":17,"Regal Pillow":42,"bronze:BronzeCore":0,"Singing Bowl":0,"Torii":83,"sneckomod:BlankCard":42,"Mango":51,"Snake Skull":32,"Juzu Bracelet":0,"Incense Burner":55,"Cursed Key":36,"Smiling Mask":49,"Ancient Tea Set":69,"PrismaticShard":91,"ClockworkSouvenir":84,"Nunchaku":62,"Shovel":44,"WristBlade":102,"Mummified Hand":15,"downfall:HeartBlessingBlue":26,"Slimebound:StickyStick":55,"Pantograph":77,"Toolbox":24,"Tiny Chest":69,"Chemical X":26,"Guardian:BottledAnomaly":55,"Ring of the Snake":57,"Lee\u0027s Waffle":48,"hexamod:CandleOfCauterizing":50,"The Specimen":75,"Thread and Needle":44,"The Courier":55,"PreservedInsect":60,"Omamori":67,"Frozen Egg 2":11,"Medical Kit":4,"Mercury Hourglass":1,"bronze:BronzeIdol":22,"Peace Pipe":24,"Calling Bell":73,"Strange Spoon":104,"Anchor":55,"CaptainsWheel":81,"Ornamental Fan":90,"Art of War":45,"Coffee Dripper":46,"Bag of Marbles":55,"Membership Card":4,"Bottled Lightning":114,"hexamod:BolsterEngine":22},{"Ice Cream":492,"champ:DuelingGlove":249,"Calipers":296,"Gremlin Horn":288,"Nilry\u0027s Codex":45,"CeramicFish":213,"Vajra":99,"Whetstone":288,"Bottled Tornado":281,"Boot":22,"Sling":37,"Blood Vial":79,"Centennial Puzzle":70,"HornCleat":296,"DollysMirror":60,"Sundial":110,"Strawberry":196,"Prayer Wheel":0,"Fusion Hammer":236,"downfall:ExtraCursedKey":238,"HandDrill":213,"Kunai":25,"Toxic Egg 2":255,"Pear":88,"Happy Flower":213,"Blue Candle":25,"Oddly Smooth Stone":227,"Eternal Feather":88,"Tingsha":386,"Pen Nib":308,"Guardian:PocketSentry":213,"Letter Opener":93,"Paper Crane":142,"War Paint":224,"Question Card":0,"Akabeko":238,"OrangePellets":79,"Bottled Flame":37,"Bronze Scales":18,"Molten Egg 2":246,"Black Star":27,"Unceasing Top":20,"Pocketwatch":88,"Lantern":46,"bronze:ElectromagneticCoil":60,"Regal Pillow":142,"bronze:BronzeCore":0,"Singing Bowl":0,"Torii":290,"sneckomod:BlankCard":142,"Mango":185,"Snake Skull":104,"Juzu Bracelet":0,"Incense Burner":213,"Cursed Key":118,"Smiling Mask":175,"Ancient Tea Set":243,"PrismaticShard":346,"ClockworkSouvenir":296,"Nunchaku":227,"Shovel":149,"WristBlade":457,"Mummified Hand":48,"downfall:HeartBlessingBlue":88,"Slimebound:StickyStick":213,"Pantograph":266,"Toolbox":79,"Tiny Chest":243,"Chemical X":88,"Guardian:BottledAnomaly":213,"Ring of the Snake":218,"Lee\u0027s Waffle":170,"hexamod:CandleOfCauterizing":180,"The Specimen":260,"Thread and Needle":149,"The Courier":213,"PreservedInsect":221,"Omamori":238,"Frozen Egg 2":37,"Medical Kit":20,"Mercury Hourglass":3,"bronze:BronzeIdol":73,"Peace Pipe":79,"Calling Bell":255,"Strange Spoon":479,"Anchor":213,"CaptainsWheel":281,"Ornamental Fan":329,"Art of War":155,"Coffee Dripper":163,"Bag of Marbles":213,"Membership Card":22,"Bottled Lightning":595,"hexamod:BolsterEngine":73}],"Ring of the Snake":[179]},"card_choices":[{"not_picked":["Flying Knee","Dagger Spray"],"picked":"Prepared","floor":1},{"not_picked":["Bane","Crippling Poison"],"picked":"Prepared","floor":3},{"not_picked":["Caltrops","Slice"],"picked":"Escape Plan","floor":4},{"not_picked":["Quick Slash","Sucker Punch","Calculated Gamble"],"picked":"SKIP","floor":6},{"not_picked":["Bouncing Flask","Dagger Spray"],"picked":"Footwork","floor":8},{"not_picked":["Underhanded Strike","Deadly Poison","Masterful Stab"],"picked":"SKIP","floor":11},{"not_picked":["FearNoEvil","Cloak And Dagger","Clash"],"picked":"SKIP","floor":14},{"not_picked":["Bludgeon","Unload"],"picked":"Reaper","floor":16},{"not_picked":["Skewer","CrushJoints","Havoc"],"picked":"SKIP","floor":18},{"not_picked":["Infernal Blade","Streamline"],"picked":"Leg Sweep","floor":19},{"not_picked":["Armaments","Blur","Entrench"],"picked":"SKIP","floor":22},{"not_picked":["Twin Strike","Infinite Blades","Doom and Gloom"],"picked":"SKIP","floor":23},{"not_picked":["Clothesline","Dagger Spray"],"picked":"Panacea","floor":25},{"not_picked":["Streamline","Hello World"],"picked":"Reprogram","floor":28},{"not_picked":["Bane","FlyingSleeves","Sucker Punch"],"picked":"SKIP","floor":29},{"not_picked":["Flying Knee","Stack"],"picked":"Feed","floor":31},{"not_picked":["Double Tap","Thunder Strike"],"picked":"DeusExMachina","floor":33},{"not_picked":["BowlingBash+1","Twin Strike","Dagger Throw"],"picked":"SKIP","floor":35},{"not_picked":["Turbo","Beam Cell"],"picked":"Seeing Red+1","floor":38},{"not_picked":["Dagger Spray","Wraith Form v2"],"picked":"Bandage Up","floor":39},{"not_picked":["Halt","EmptyBody","Heavy Blade"],"picked":"SKIP","floor":40},{"not_picked":["Seeing Red+1","Steam","Heavy Blade+1"],"picked":"SKIP","floor":42},{"not_picked":["Slice+1","Rebound","Tempest"],"picked":"SKIP","floor":44},{"not_picked":["FlyingSleeves","LikeWater+1","Seeing Red"],"picked":"SKIP","floor":45},{"not_picked":["Stack+1","Cold Snap+1","Deadly Poison"],"picked":"SKIP","floor":47},{"not_picked":["Headbutt","Scrape+1","Bullet Time"],"picked":"SKIP","floor":55}],"player_experience":320708,"relics_obtained":[{"floor":6,"key":"Regal Pillow"},{"floor":8,"key":"Smiling Mask"},{"floor":9,"key":"Snake Skull"},{"floor":11,"key":"Bronze Scales"},{"floor":14,"key":"Happy Flower"},{"floor":23,"key":"Anchor"},{"floor":25,"key":"Blood Vial"},{"floor":36,"key":"Torii"},{"floor":40,"key":"Incense Burner"},{"floor":43,"key":"Lantern"},{"floor":45,"key":"Oddly Smooth Stone"},{"floor":55,"key":"Bottled Lightning"}],"event_choices":[{"damage_healed":0,"gold_gain":75,"player_choice":"Gather Gold","damage_taken":11,"max_hp_gain":0,"max_hp_loss":0,"event_name":"World of Goop","floor":2,"gold_loss":0},{"damage_healed":0,"gold_gain":0,"player_choice":"Success","damage_taken":18,"relics_obtained":["Pen Nib"],"max_hp_gain":0,"max_hp_loss":0,"event_name":"Scrap Ooze","floor":5,"gold_loss":0},{"cards_removed":["Strike_G"],"damage_healed":0,"gold_gain":0,"player_choice":"Card Removal","damage_taken":0,"max_hp_gain":0,"max_hp_loss":0,"event_name":"The Cleric","floor":12,"gold_loss":75},{"damage_healed":0,"gold_gain":0,"cards_transformed":["Defend_G","Prepared"],"player_choice":"Became Test Subject","damage_taken":0,"max_hp_gain":0,"max_hp_loss":0,"event_name":"Drug Dealer","floor":20,"gold_loss":0,"cards_obtained":["Unload","Crippling Poison"]},{"damage_healed":0,"gold_gain":0,"player_choice":"Fight","damage_taken":0,"max_hp_gain":0,"max_hp_loss":0,"event_name":"Mysterious Sphere","floor":36,"gold_loss":0},{"damage_healed":0,"gold_gain":0,"player_choice":"Max HP","damage_taken":0,"max_hp_gain":0,"max_hp_loss":7,"event_name":"Winding Halls","floor":48,"gold_loss":0}],"is_beta":false,"boss_relics":[{"not_picked":["Ring of the Serpent","Empty Cage"],"picked":"Coffee Dripper"},{"not_picked":["Runic Dome","Astrolabe"],"picked":"WristBlade"}],"items_purged_floors":[0,0,0,0,0,0,13,21,54],"is_endless":false,"potions_floor_spawned":[3,6,8,22,25,28,31,35,36,47],"ascension_level":20}}