{"host":"5z7rhcocprldured","time":1613245532,"event":{"mods":["2.2 Compatiblity","AchievementEnabler","AlwaysNeverKeys","BaseMod","Best Route Mod","Better Altar","Better Match","Better Note","Better Sensory Stone","Better Skull","Better Third Choice","BetterRewards","Block Reminder","Colored Map","Colored Powertips","Displayed Cursed Tome","Downfall","Emptier Cage","Energized Spire","Minty Spire (QoL Compilation)","Permanent Neow","Rare Cards Sparkle","SacredBarkPlus","Spicy Shops","StSLib","Synergy Search","Unceasing Turn Reminder"],"gold_per_floor":[117,135,135,210,210,210,250,250,250,250,275,294,294,328,328,328,328],"floor_reached":16,"language":"ENG","playtime":467,"items_purged":[],"score":106,"play_id":"381a3e84-1de0-4727-89f5-f4da0d08905f","local_time":"20210213194532","is_ascension_mode":false,"campfire_choices":[{"floor":6,"key":"REST"},{"data":"Survivor","floor":8,"key":"SMITH"},{"data":"Catalyst","floor":13,"key":"SMITH"},{"floor":15,"key":"REST"}],"circlet_count":0,"master_deck":["Strike_G","Strike_G","Strike_G","Strike_G","Defend_G","Defend_G","Defend_G","Defend_G","Defend_G","Survivor+1","Neutralize","Blade Dance","Blade Dance","Blade Dance","Quick Slash","Catalyst+1","Finisher"],"relics":["Ring of the Snake","Golden Idol","Pen Nib","Bottled Lightning","Lantern","Blood Vial"],"acts_visited":["Exordium"],"potions_floor_usage":[2,16],"damage_taken":[{"damage":5,"enemies":"Cultist","floor":1,"turns":5},{"damage":0,"enemies":"Jaw Worm","floor":2,"turns":2},{"damage":23,"enemies":"Lagavulin","floor":7,"turns":7},{"damage":0,"enemies":"2 Louse","floor":12,"turns":1},{"damage":17,"enemies":"3 Sentries","floor":14,"turns":7},{"damage":41,"enemies":"The Guardian","floor":16,"turns":12}],"seed_played":"6551199885272506741","potions_obtained":[{"floor":1,"key":"SteroidPotion"},{"floor":12,"key":"Weak Potion"},{"floor":14,"key":"Ancient Potion"}],"is_trial":false,"path_per_floor":["M","M","?","?","?","R","E","R","T","?","T","M","R","E","R","B"],"character_chosen":"THE_SILENT","items_purchased":[],"campfire_rested":2,"item_purchase_floors":[],"current_hp_per_floor":[65,65,65,54,37,58,35,35,35,35,35,35,35,18,39,0,0],"gold":328,"neow_bonus":"THREE_CARDS","is_daily":false,"chose_seed":false,"campfire_upgraded":2,"win_rate":0.0,"timestamp":1613245532,"path_taken":["M","M","?","?","?","R","E","R","T","?","?","M","R","E","R","BOSS"],"items_purchased_type":[],"build_version":"2020-12-22","purchased_purges":0,"victory":false,"max_hp_per_floor":[70,70,70,70,70,70,70,70,70,70,70,70,70,70,70,70,70],"card_choices":[{"not_picked":["Acrobatics","Dagger Spray"],"picked":"Blade Dance","floor":0},{"not_picked":["Masterful Stab","Dagger Throw"],"picked":"Blade Dance","floor":1},{"not_picked":["Outmaneuver","Dagger Throw"],"picked":"Blade Dance","floor":2},{"not_picked":["Slice","Dagger Spray"],"picked":"Quick Slash","floor":7},{"not_picked":["Flying Knee","Cloak And Dagger"],"picked":"Catalyst","floor":12},{"not_picked":["Underhanded Strike","Bullet Time"],"picked":"Finisher","floor":14}],"player_experience":180060,"relics_obtained":[{"floor":7,"key":"Pen Nib"},{"floor":9,"key":"Bottled Lightning"},{"floor":11,"key":"Lantern"},{"floor":14,"key":"Blood Vial"}],"event_choices":[{"cards_removed":["Strike_G"],"damage_healed":0,"gold_gain":0,"player_choice":"Forget","damage_taken":0,"max_hp_gain":0,"max_hp_loss":0,"event_name":"Living Wall","floor":3,"gold_loss":0},{"damage_healed":0,"gold_gain":75,"player_choice":"Gold","damage_taken":11,"max_hp_gain":0,"max_hp_loss":0,"event_name":"betterThird:BetterGoop","floor":4,"gold_loss":0},{"damage_healed":0,"gold_gain":0,"player_choice":"Take Damage","damage_taken":17,"relics_obtained":["Golden Idol"],"max_hp_gain":0,"max_hp_loss":0,"event_name":"Golden Idol","floor":5,"gold_loss":0},{"damage_healed":0,"gold_gain":0,"player_choice":"Ignored","damage_taken":250,"max_hp_gain":0,"max_hp_loss":0,"event_name":"betterThird:BetterSerpent","floor":10,"gold_loss":0}],"is_beta":false,"boss_relics":[],"items_purged_floors":[],"is_endless":false,"potions_floor_spawned":[1,12,14],"killed_by":"The Guardian","ascension_level":0}}