{"host":"xltl1aroowo69o4n","time":1613200345,"event":{"mods":["BaseMod","Colored Map","Colored Powertips","Downfall","Marisa????????","Minty Spire (QoL Compilation)","Replay The Spire","StSLib","The Cursed","The Hierophant","The Mystic","The Necromancer","The Servant 0.9.4"],"gold_per_floor":[99,118,143,163,163,198,198,198,98,115,290,290,86,98,108,108,108],"floor_reached":16,"language":"ENG","playtime":663,"items_purged":["Doubt"],"score":100,"play_id":"459d5a63-9110-41e1-afab-d173e4b81ea0","local_time":"20210213021225","is_ascension_mode":false,"campfire_choices":[{"floor":1,"key":"RECALL"},{"floor":9,"key":"REST"}],"circlet_count":0,"master_deck":["mysticmod:Strike_Mystic","mysticmod:Strike_Mystic","mysticmod:Strike_Mystic","mysticmod:Strike_Mystic","mysticmod:Defend_Mystic","mysticmod:Defend_Mystic","mysticmod:Defend_Mystic","mysticmod:Defend_Mystic","mysticmod:ArcaneDodge+1","mysticmod:ShockingGrasp","Poisoned Strike","mysticmod:Probe","mysticmod:Alacrity","mysticmod:VorpalThrust","mysticmod:Snowball","Sickly","mysticmod:BladedDash","mysticmod:Probe","expansioncontent:AwakenDeath","mysticmod:Disengage","mysticmod:DiviningBlow","mysticmod:PureInstinct"],"relics":["Replay:Arrowhead","Juzu Bracelet","ReplayTheSpireMod:Ring of Addiction","White Beast Statue","SacredBark","downfall:HeartBlessingBlue","m_BookOfShivs"],"acts_visited":["Exordium"],"potions_floor_usage":[14,16,16,16],"damage_taken":[{"damage":1,"enemies":"Jaw Worm","floor":2,"turns":3},{"damage":6,"enemies":"2 Louse","floor":4,"turns":2},{"damage":22,"enemies":"Gremlin Nob","floor":6,"turns":4},{"damage":0,"enemies":"Small Slimes","floor":10,"turns":2},{"damage":0,"enemies":"downfall:FleeingMerchant","floor":13,"turns":4},{"damage":11,"enemies":"3 Louse","floor":14,"turns":2},{"damage":21,"enemies":"Exordium Wildlife","floor":15,"turns":4},{"damage":66,"enemies":"WA_ARCHETYPE_RETAIN","floor":16,"turns":10}],"seed_played":"-7353340799670710147","potions_obtained":[{"floor":4,"key":"Guardian:BlockOnCardUsePotion"},{"floor":8,"key":"Dexterity Potion"},{"floor":8,"key":"sneckomod:MuddlingPotion"},{"floor":14,"key":"Doom Potion"}],"is_trial":false,"path_per_floor":["R","M","?","M","?","E","T","?","R","M","?","?","$","M","M","B"],"character_chosen":"MYSTIC_CLASS","items_purchased":["expansioncontent:AwakenDeath","mysticmod:Disengage"],"campfire_rested":1,"item_purchase_floors":[13,13],"current_hp_per_floor":[70,69,52,46,46,24,24,24,58,58,58,58,58,47,26,0,0],"gold":108,"neow_bonus":"RANDOM_COLORLESS_2","is_daily":false,"chose_seed":false,"campfire_upgraded":0,"win_rate":0.0,"timestamp":1613200345,"path_taken":["R","M","?","M","?","E","T","?","R","M","?","?","$","M","M","BOSS"],"items_purchased_type":["Card","Card"],"build_version":"2020-12-13","purchased_purges":1,"victory":false,"max_hp_per_floor":[70,70,70,70,70,70,70,70,80,80,80,78,78,78,78,78,78],"card_choices":[{"not_picked":["ReplayTheSpireMod:Necrogeddon","Secret Technique"],"picked":"Poisoned Strike","floor":0},{"not_picked":["mysticmod:TomeOfSpells","mysticmod:Daze"],"picked":"mysticmod:Probe","floor":2},{"not_picked":["mysticmod:BladeMaster","mysticmod:Disengage"],"picked":"mysticmod:Alacrity","floor":3},{"not_picked":["mysticmod:SpellCombat","mysticmod:IllusionOfCalm"],"picked":"mysticmod:VorpalThrust","floor":4},{"not_picked":["mysticmod:Feint","mysticmod:Shield"],"picked":"mysticmod:Snowball","floor":6},{"not_picked":["mysticmod:Discipline","mysticmod:Sideswipe"],"picked":"mysticmod:BladedDash","floor":10},{"not_picked":["mysticmod:SuddenClarity","Outmaneuver"],"picked":"mysticmod:Probe","floor":13},{"not_picked":["mysticmod:TomeOfSpells","Prepared"],"picked":"mysticmod:DiviningBlow","floor":14},{"not_picked":["mysticmod:Snowball","mysticmod:Probe"],"picked":"mysticmod:PureInstinct","floor":15}],"player_experience":191925,"relics_obtained":[{"floor":3,"key":"Replay:Arrowhead"},{"floor":6,"key":"Juzu Bracelet"},{"floor":8,"key":"ReplayTheSpireMod:Ring of Addiction"},{"floor":8,"key":"White Beast Statue"},{"floor":8,"key":"SacredBark"}],"event_choices":[],"is_beta":false,"boss_relics":[],"items_purged_floors":[13],"is_endless":false,"potions_floor_spawned":[4,10,13,14,15],"killed_by":"WA_ARCHETYPE_RETAIN","ascension_level":0}}