{"host":"clf2hd4adhiiw0zf","time":1613183028,"event":{"mods":["AchievementEnabler","BaseMod","Beaked The Cultist","Bestiary","Dark Map","Downfall","Gremlin Mod","Hermit","Jorbs\u0027s Wanderer Trilogy","Marisa????????","Minty Spire (QoL Compilation)","Shop Mod","StSLib","The Cursed","The Servant 0.9.4","Wide Potions"],"gold_per_floor":[99,111,131,148,158,186,186,12,44,63,78,97,97,97,107,211,211,11,27,27,127,112,141,141,152,152,186,31,31,43,75,93,196,196,96,106,118,118,167,167,167,199,219,219,247,247,247,278,291,291,291,322,12,12,12,12],"floor_reached":57,"language":"ENG","playtime":4165,"items_purged":["downfall:Bewildered"],"score":1759,"play_id":"7ac2aa4f-6af7-42a3-bf00-d0a3535d28bf","local_time":"20210212192348","is_ascension_mode":true,"campfire_choices":[{"data":"champ:Execute","floor":1.0,"key":"SMITH"},{"data":"champ:GladiatorStyle","floor":13.0,"key":"SMITH"},{"data":"champ:SwordThrow","floor":18.0,"key":"SMITH"},{"floor":29.0,"key":"RECALL"},{"data":"champ:GladiatorStyle","floor":35.0,"key":"SMITH"},{"data":"champ:UltimateStance","floor":44.0,"key":"SMITH"},{"floor":46.0,"key":"REST"},{"data":"champ:EnchantSword","floor":54.0,"key":"SMITH"}],"circlet_count":0,"master_deck":["champ:Strike","champ:Strike","champ:Strike","champ:Strike","champ:Defend","champ:Defend","champ:Defend","champ:Defend","champ:Execute+1","champ:Taunt","champ:StanceDance","champ:PreciseThrust","champ:ArenaPreparation","champ:TornadoPunch","champ:GladiatorStyle+1","champ:ShieldSigil","champ:CheapShot","champ:CrownThrow","champ:FanOfKnives","champ:TornadoPunch","champ:EnchantSword+1","champ:FlashCut","champ:SwordThrow+1","champ:BerserkerStyle","champ:ViciousMockery+1","champ:StrikeOfGenius","champ:PreciseThrust+1","Writhe","champ:TripleStrike","champ:GladiatorStyle+1","champ:IgnorePain","expansioncontent:DashGenerateEvil+1","champ:LastStand","champ:Backstep+1","champ:UltimateStance+1","champ:CalledShot","champ:SteelEdge","champ:Endure+1","champ:ShieldWall"],"relics":["champ:ChampionCrownUpgraded","hexamod:BolsterEngine","Bag of Marbles","champ:SpectersHand","Shuriken","downfall:HeartBlessingGreen","downfall:HeartBlessingBlue","sneckomod:BabySnecko","champ:BlackKnightHelmet","hexamod:CandleOfCauterizing","Boot","Thread and Needle","Guardian:GemstoneGun","Bottled Lightning","bronze:DecasWashers","bronze:MakeshiftBattery","downfall:HeartBlessingRed","CatCart","Toxic Egg 2","Bottled Flame","White Beast Statue","Incense Burner","Letter Opener","Pantograph"],"acts_visited":["Exordium","TheCity","TheBeyond","TheEnding"],"potions_floor_usage":[56],"damage_taken":[{"damage":20.0,"enemies":"Cultist","floor":2.0,"turns":3.0},{"damage":10.0,"enemies":"Jaw Worm","floor":3.0,"turns":3.0},{"damage":10.0,"enemies":"2 Louse","floor":4.0,"turns":2.0},{"damage":35.0,"enemies":"Exordium Wildlife","floor":5.0,"turns":5.0},{"damage":30.0,"enemies":"3 Sentries","floor":6.0,"turns":2.0},{"damage":10.0,"enemies":"downfall:FleeingMerchant","floor":8.0,"turns":4.0},{"damage":50.0,"enemies":"Lagavulin","floor":9.0,"turns":7.0},{"damage":0.0,"enemies":"2 Fungi Beasts","floor":10.0,"turns":2.0},{"damage":0.0,"enemies":"Exordium Thugs","floor":11.0,"turns":3.0},{"damage":10.0,"enemies":"Blue Slaver","floor":12.0,"turns":1.0},{"damage":10.0,"enemies":"Gremlin Gang","floor":15.0,"turns":3.0},{"damage":38.0,"enemies":"WA_ARCHETYPE_RETAIN","floor":16.0,"turns":4.0},{"damage":31.0,"enemies":"Chosen","floor":19.0,"turns":1.0},{"damage":63.0,"enemies":"Chosen","floor":21.0,"turns":6.0},{"damage":50.0,"enemies":"downfall:FleeingMerchant","floor":22.0,"turns":5.0},{"damage":50.0,"enemies":"Slavers","floor":23.0,"turns":5.0},{"damage":23.0,"enemies":"3 Cultists","floor":25.0,"turns":4.0},{"damage":0.0,"enemies":"Gremlin Leader","floor":27.0,"turns":3.0},{"damage":25.0,"enemies":"downfall:FleeingMerchant","floor":28.0,"turns":4.0},{"damage":26.0,"enemies":"Cultist and Chosen","floor":30.0,"turns":3.0},{"damage":9.0,"enemies":"Slavers","floor":31.0,"turns":5.0},{"damage":15.0,"enemies":"Snake Plant","floor":32.0,"turns":2.0},{"damage":15.0,"enemies":"IC_MUSHROOM_ARCHETYPE","floor":33.0,"turns":6.0},{"damage":8.0,"enemies":"Orb Walker","floor":36.0,"turns":3.0},{"damage":31.0,"enemies":"3 Shapes","floor":37.0,"turns":3.0},{"damage":35.0,"enemies":"Orin","floor":39.0,"turns":8.0},{"damage":35.0,"enemies":"Giant Head","floor":42.0,"turns":6.0},{"damage":20.0,"enemies":"Maw","floor":43.0,"turns":4.0},{"damage":50.0,"enemies":"Nemesis","floor":45.0,"turns":3.0},{"damage":35.0,"enemies":"Giant Head","floor":48.0,"turns":5.0},{"damage":0.0,"enemies":"4 Shapes","floor":49.0,"turns":3.0},{"damage":45.0,"enemies":"SI_POISON_ARCHETYPE","floor":50.0,"turns":10.0},{"damage":33.0,"enemies":"downfall:CharBossMerchant","floor":52.0,"turns":7.0},{"damage":32.0,"enemies":"downfall:NeowBoss","floor":55.0,"turns":13.0},{"damage":118,"enemies":"downfall:NeowBossFinal","floor":56,"turns":8}],"seed_played":"-230164159067307267","potions_obtained":[{"floor":4.0,"key":"hexamod:SoulburnPotion"},{"floor":5.0,"key":"Slimebound:ThreeZeroPotion"},{"floor":10.0,"key":"LiquidMemories"},{"floor":12.0,"key":"bronze:BurnAndBuffPotion"},{"floor":23.0,"key":"SneckoOil"},{"floor":30.0,"key":"BlessingOfTheForge"},{"floor":31.0,"key":"Fruit Juice"},{"floor":32.0,"key":"Fire Potion"},{"floor":33.0,"key":"champ:OpenerPotion"},{"floor":45.0,"key":"FearPotion"},{"floor":48.0,"key":"SteroidPotion"},{"floor":49.0,"key":"champ:OpenerPotion"}],"is_trial":false,"path_per_floor":["R","M","M","M","M","E","T","$","E","M","M","M","R","T","M","B",null,"R","M","?","?","$","E","T","M","?","E","$","R","M","E","M","B",null,"R","M","M","$","?","?","T","E","M","R","E","R","$","E","M","B",null,"E","$","R","B","B",null],"character_chosen":"THE_CHAMP","items_purchased":["champ:CheapShot","champ:GladiatorStyle","champ:IgnorePain","expansioncontent:DashGenerateEvil+1","Pantograph","Fire Potion"],"campfire_rested":1,"item_purchase_floors":[8,28,28,28,53,53],"current_hp_per_floor":[81,81,81,71,71,66,66,66,66,66,66,66,66,66,66,53,81,91,85,85,60,60,32,32,29,29,29,29,29,24,27,27,22,90,90,87,84,84,69,69,69,54,54,54,29,62,62,62,62,67,101,93,93,93,112,24],"gold":12,"neow_bonus":"RANDOM_COMMON_RELIC","is_daily":false,"chose_seed":false,"campfire_upgraded":6,"win_rate":0.0,"timestamp":1613183028,"path_taken":["R","M","M","M","M","E","T","?","E","M","?","M","R","?","M","BOSS","R","M","?","?","?","E","T","M","?","E","$","R","M","E","M","BOSS","R","M","M","$","?","?","T","E","?","R","E","R","$","E","M","BOSS","E","$","R","BOSS","BOSS"],"items_purchased_type":["Card","Card","Card","Card","Relic","Potion"],"build_version":"2020-12-22","purchased_purges":1,"victory":true,"max_hp_per_floor":[90,90,90,90,90,90,90,90,90,90,90,90,90,90,90,90,90,100,100,100,100,100,100,100,100,100,100,100,100,100,112,112,112,112,112,112,112,112,112,112,112,112,112,112,112,112,112,112,112,112,112,112,112,112,112,112],"card_choices":[{"not_picked":["champ:ViciousMockery","champ:CrownThrow"],"picked":"champ:StanceDance","floor":2.0},{"not_picked":["champ:Circumvent","champ:ShieldSigil"],"picked":"champ:PreciseThrust","floor":3.0},{"not_picked":["champ:BladeFlurry","champ:GutPunch"],"picked":"champ:ArenaPreparation","floor":4.0},{"not_picked":["champ:ViciousMockery","champ:FocusedDefense"],"picked":"champ:TornadoPunch","floor":5.0},{"not_picked":["champ:ArenaPreparation","champ:SkillfulDodge"],"picked":"champ:GladiatorStyle","floor":6.0},{"not_picked":["champ:DefensiveStyle","champ:PreciseThrust"],"picked":"champ:ShieldSigil","floor":8.0},{"not_picked":["champ:StanceDance","champ:BladeFlurry"],"picked":"champ:CrownThrow","floor":9.0},{"not_picked":["champ:ShieldSigil","champ:GutPunch"],"picked":"champ:FanOfKnives","floor":10.0},{"not_picked":["champ:DefensiveStyle","champ:EnragedBash"],"picked":"champ:TornadoPunch","floor":11.0},{"not_picked":["champ:Backstep","champ:DeathBlow"],"picked":"champ:EnchantSword","floor":12.0},{"not_picked":["champ:AdrenalArmor","champ:BladeFlurry"],"picked":"champ:FlashCut","floor":15.0},{"not_picked":["champ:StrikeOfGenius","champ:VampiricStrike"],"picked":"champ:SwordThrow","floor":16.0},{"not_picked":["champ:IronFortress+1","champ:TornadoPunch+1"],"picked":"champ:BerserkerStyle","floor":19.0},{"not_picked":["champ:SwordSigil","champ:RecklessLeap"],"picked":"champ:ViciousMockery+1","floor":21.0},{"not_picked":["champ:Haymaker","champ:RisingSlash+1"],"picked":"champ:StrikeOfGenius","floor":22.0},{"not_picked":["champ:FanOfKnives","champ:FalseCounter"],"picked":"champ:PreciseThrust+1","floor":23.0},{"not_picked":["champ:FancyFootwork","champ:TornadoPunch","champ:DefensiveShout"],"picked":"SKIP","floor":25.0},{"not_picked":["champ:BringItOn","champ:EnGarde+1"],"picked":"champ:TripleStrike","floor":27.0},{"not_picked":["champ:FlashCut","champ:EnGarde","champ:Backstep+1"],"picked":"SKIP","floor":28.0},{"not_picked":["champ:FlashCut","champ:FalseCounter","champ:EnGarde"],"picked":"SKIP","floor":30.0},{"not_picked":["champ:EnGarde","champ:DefensiveShout"],"picked":"champ:LastStand","floor":31.0},{"not_picked":["champ:SwordSigil","champ:BladeFlurry"],"picked":"champ:Backstep+1","floor":32.0},{"not_picked":["champ:EnchantShield","champ:MurderStrike"],"picked":"champ:UltimateStance","floor":33.0},{"not_picked":["champ:PreciseThrust+1","champ:HeartStrike","champ:SetATrap+1"],"picked":"SKIP","floor":36.0},{"not_picked":["champ:StanceDance","champ:ShieldSigil","champ:EnGarde"],"picked":"SKIP","floor":37.0},{"not_picked":["champ:BerserkerStyle","champ:BringItOn+1"],"picked":"champ:CalledShot","floor":39.0},{"not_picked":["champ:Shatter","champ:ShieldSigil+1"],"picked":"champ:SteelEdge","floor":42.0},{"not_picked":["champ:FalseCounter+1","champ:DeathBlow","champ:CrownThrow+1"],"picked":"SKIP","floor":43.0},{"not_picked":["champ:Haymaker+1","champ:PreemptiveStrike+1"],"picked":"champ:Endure+1","floor":45.0},{"not_picked":["champ:PreciseThrust","champ:StanceDance+1","champ:RageSigil+1"],"picked":"SKIP","floor":48.0},{"not_picked":["champ:Backstep+1","champ:Duel+1"],"picked":"champ:ShieldWall","floor":49.0},{"not_picked":["champ:FancyFootwork+1","champ:HeartStrike+1","champ:BerserkerStyle+1"],"picked":"SKIP","floor":52.0}],"player_experience":254785,"relics_obtained":[{"floor":6.0,"key":"Bag of Marbles"},{"floor":7.0,"key":"champ:SpectersHand"},{"floor":9.0,"key":"Shuriken"},{"floor":21.0,"key":"champ:BlackKnightHelmet"},{"floor":21.0,"key":"hexamod:CandleOfCauterizing"},{"floor":23.0,"key":"Boot"},{"floor":24.0,"key":"Thread and Needle"},{"floor":27.0,"key":"Bottled Lightning"},{"floor":31.0,"key":"bronze:DecasWashers"},{"floor":39.0,"key":"CatCart"},{"floor":41.0,"key":"Toxic Egg 2"},{"floor":42.0,"key":"Bottled Flame"},{"floor":45.0,"key":"White Beast Statue"},{"floor":48.0,"key":"Incense Burner"},{"floor":52.0,"key":"Letter Opener"}],"event_choices":[{"damage_healed":0.0,"max_hp_gain":0.0,"max_hp_loss":0.0,"gold_gain":0.0,"event_name":"OrinTheCat","player_choice":"Fight","floor":39.0,"gold_loss":0.0,"damage_taken":0.0}],"is_beta":false,"boss_relics":[{"not_picked":["expansioncontent:StudyCardRelic","Velvet Choker"],"picked":"champ:ChampionCrownUpgraded"},{"not_picked":["Tiny House","beaked:SacredDeck"],"picked":"bronze:MakeshiftBattery"}],"items_purged_floors":[28],"is_endless":false,"potions_floor_spawned":[4,5,10,11,12,15,23,30,31,32,33,37,45,48,49,52],"ascension_level":7}}