{"host":"c0rqchpxu0yjpthq","time":1613222514,"event":{"mods":["100% Spire Juice","BaseMod","Challenge The Spire","Conspire","Downfall","HololiveMod","Minty Spire (QoL Compilation)","Reimu£®≤©¿ˆ¡È√Œ£©","Relic Stats","Reliquary","Spicy Shops","StSLib","Wide Potions","[GremlinLeader]The Maniac"],"gold_per_floor":[199199,199209,199223,199242,199242,199342,199366,199391,199411,199411,197880,197908,197923,197945,197962,198060,198060,197860,197879,197892,197852,196661,196661,196711,196711,196738,196750,194817,194831,194856,194866,194876,194971,194971,194871,194890,194901,194914,195014,195026,195051,194506,194541,193571,193597,193631,193660,193676,193687,193687,193687,193717,192781,192781,192781,192781],"floor_reached":57,"language":"ZHS","playtime":5316,"items_purged":["Pride","Guardian:Defend_Guardian","Guardian:Strike_Guardian","Guardian:Defend_Guardian","Guardian:Defend_Guardian","Guardian:Strike_Guardian","Guardian:Defend_Guardian"],"score":1691,"play_id":"67c36965-2aec-4ab4-96d6-fddf335c054e","local_time":"20210213212154","is_ascension_mode":false,"campfire_choices":[{"floor":1.0,"key":"RECALL"},{"data":"Guardian:Preprogram","floor":18,"key":"SMITH"},{"data":"Guardian:Suspension","floor":54,"key":"SMITH"}],"circlet_count":0,"master_deck":["Guardian:Strike_Guardian","Guardian:CurlUp","Guardian:TwinSlam","Guardian:Preprogram+1","Guardian:TimeSifter","Finesse","Guardian:TimeBomb","Guardian:FastForward","CurseOfTheBell","Guardian:Suspension","Guardian:PrismaticBeam","Guardian:Preprogram","Guardian:Repulse","Guardian:ShieldSpikes","Guardian:BronzeOrb","expansioncontent:QuickStudy","Guardian:ConstructionForm","Guardian:BronzeOrb+1","Guardian:ArmoredProtocol","Guardian:ConstructionForm","Guardian:Gem_Green","Guardian:Gem_Synthetic","Guardian:Suspension+1","conspire:Banana","Guardian:TimeCapacitor","Magnetism","Guardian:Gem_Synthetic","Guardian:Gem_Red","Guardian:Gem_Blue","Guardian:Gem_Cyan","Forethought","Guardian:TemporalStrike"],"relics":["Guardian:ModeShifter","Bag of Marbles","Mercury Hourglass","Orichalcum","reliquary:PartyBalloon","reliquary:RoseTintedGlasses","Thread and Needle","OrangePellets","Guardian:BottledStasis","Hololive_LightStick","Odd Mushroom","Calling Bell","Omamori","Kunai","Pocketwatch","downfall:HeartBlessingRed","downfall:HeartBlessingGreen","ZunR:ReiMu","Guardian:PickAxe","Tiny Chest","reliquary:IridiumChain","HandDrill","Orrery","FossilizedHelix","Girya","conspire:InfiniteJournal","RuthlessExorcism:ReiMu","reliquary:Bookmark","Frozen Eye","CrazyTorch:ReiMu","Oddly Smooth Stone","Dream Catcher","RedLine:ReiMu","downfall:HeartBlessingBlue","reliquary:WeakTea","Pen Nib","reliquary:HotPoker","Chemical X","Cauldron","Bottled Flame","reliquary:NewFriend","Membership Card","reliquary:BrokenClock","reliquary:OuijaBoard","reliquary:QuartzCube","conspire:TopHat","Ancient Tea Set","Unceasing Top","Du-Vu Doll","Bottled Lightning","Lantern","reliquary:ExpiredCoupon","Lee\u0027s Waffle","Sundial","Strange Spoon","Guardian:SackOfGems"],"acts_visited":["Exordium","TheCity","TheBeyond","TheEnding"],"potions_floor_usage":[8,12,12,16,16,19,19,28,50,56,56],"damage_taken":[{"damage":0.0,"enemies":"Small Slimes","floor":2.0,"turns":4.0},{"damage":3.0,"enemies":"conspire:RoseBush","floor":3.0,"turns":4.0},{"damage":5.0,"enemies":"Cultist","floor":4.0,"turns":5.0},{"damage":33,"enemies":"Gremlin Nob","floor":8,"turns":6},{"damage":12,"enemies":"2 Fungi Beasts","floor":9,"turns":3},{"damage":0,"enemies":"downfall:FleeingMerchant","floor":11,"turns":4},{"damage":9,"enemies":"3 Sentries","floor":12,"turns":5},{"damage":0,"enemies":"Exordium Wildlife","floor":13,"turns":2},{"damage":0,"enemies":"The Mushroom Lair","floor":14,"turns":3},{"damage":0,"enemies":"downfall:LooterAlt","floor":15,"turns":2},{"damage":0,"enemies":"WA_ARCHETYPE_RETAIN","floor":16,"turns":4},{"damage":4,"enemies":"downfall:LooterAlt2","floor":19,"turns":2},{"damage":0,"enemies":"Shell Parasite","floor":20,"turns":3},{"damage":0,"enemies":"downfall:FleeingMerchant","floor":22,"turns":4},{"damage":0,"enemies":"conspire:Head Lice","floor":26,"turns":5},{"damage":0,"enemies":"Snecko","floor":27,"turns":4},{"damage":3,"enemies":"downfall:FleeingMerchant","floor":28,"turns":4},{"damage":0,"enemies":"Centurion and Healer","floor":29,"turns":9},{"damage":0,"enemies":"Gremlin Leader","floor":30,"turns":5},{"damage":0,"enemies":"3 Cultists","floor":31,"turns":2},{"damage":0,"enemies":"Chosen and Byrds","floor":32,"turns":3},{"damage":0,"enemies":"IC_MUSHROOM_ARCHETYPE","floor":33,"turns":5},{"damage":0,"enemies":"3 Darklings","floor":36,"turns":3},{"damage":0,"enemies":"Orb Walker","floor":37,"turns":3},{"damage":0,"enemies":"Writhing Mass","floor":38,"turns":3},{"damage":0,"enemies":"Sphere and 2 Shapes","floor":40,"turns":4},{"damage":0,"enemies":"downfall:FleeingMerchant","floor":42,"turns":4},{"damage":0,"enemies":"Giant Head","floor":43,"turns":5},{"damage":0,"enemies":"conspire:MimicChest","floor":46,"turns":3},{"damage":0,"enemies":"Reptomancer","floor":47,"turns":3},{"damage":0,"enemies":"3 Darklings","floor":48,"turns":3},{"damage":0,"enemies":"Jaw Worm Horde","floor":49,"turns":5},{"damage":0,"enemies":"SI_POISON_ARCHETYPE","floor":50,"turns":5},{"damage":0,"enemies":"downfall:CharBossMerchant","floor":52,"turns":5},{"damage":0,"enemies":"downfall:NeowBoss","floor":55,"turns":7},{"damage":0,"enemies":"downfall:NeowBossFinal","floor":56,"turns":5}],"seed_played":"-2778591243305114550","potions_obtained":[{"floor":3.0,"key":"Fruit Juice"},{"floor":4.0,"key":"DuplicationPotion"},{"floor":13,"key":"FearPotion"},{"floor":16,"key":"GrandPatriotsElixir:ReiMu"},{"floor":20,"key":"Slimebound:ThreeZeroPotion"},{"floor":29,"key":"AttackPotion"},{"floor":42,"key":"PowerPotion"}],"is_trial":false,"path_per_floor":["R","M","M","M","?","?","T","E","M","?","$","E","M","?","M","B",null,"R","M","M","?","$","R","T","?","E","M","$","M","E","M","M","B",null,"R","M","M","M","?","M","T","$","E","$","T","?","E","M","M","B",null,"E","$","R","B","B",null],"character_chosen":"GUARDIAN","items_purchased":["Orichalcum","reliquary:PartyBalloon","reliquary:RoseTintedGlasses","Thread and Needle","OrangePellets","Guardian:Gem_Crimson","Finesse","Guardian:BottledStasis","LiquidMemories","GrandPatriotsElixir:ReiMu","Swift Potion","Guardian:PickAxe","Tiny Chest","reliquary:IridiumChain","HandDrill","Guardian:Gem_Orange","Orrery","FossilizedHelix","Guardian:PrismaticBeam","Guardian:Repulse","Guardian:ShieldSpikes","Guardian:BronzeOrb","conspire:InfiniteJournal","RuthlessExorcism:ReiMu","reliquary:Bookmark","Frozen Eye","CrazyTorch:ReiMu","Oddly Smooth Stone","Fire Potion","champ:CounterPotion","expansioncontent:QuickStudy","Pen Nib","reliquary:HotPoker","Chemical X","Guardian:Suspension","Cauldron","Bottled Flame","Membership Card","reliquary:BrokenClock","reliquary:OuijaBoard","reliquary:QuartzCube","conspire:TopHat","conspire:Banana","Guardian:TimeCapacitor","Magnetism","Lantern","reliquary:ExpiredCoupon","Lee\u0027s Waffle","Sundial","Strange Spoon","Guardian:SackOfGems","Forethought","DuplicationPotion","Fire Potion","Guardian:TemporalStrike","Guardian:Gem_Red","Guardian:Gem_Lightblue"],"campfire_rested":0,"item_purchase_floors":[11,11,11,11,11,11,11,11,11,11,11,22,22,22,22,22,22,22,22,28,28,28,28,28,28,28,28,28,28,28,28,42,42,42,42,42,42,44,44,44,44,44,44,44,44,53,53,53,53,53,53,53,53,53,53,53,53],"current_hp_per_floor":[80,80,89,84,84,84,84,51,39,39,39,30,30,30,30,30,92,92,88,88,88,88,88,88,88,88,88,85,85,85,85,85,85,92,102,102,102,102,102,102,102,102,102,102,102,103,104,105,106,108,108,110,117,117,118,119],"gold":192781,"neow_bonus":"HUNDRED_GOLD","is_daily":false,"chose_seed":false,"campfire_upgraded":2,"win_rate":0.0,"timestamp":1613222514,"path_taken":["R","M","M","M","?","?","T","E","?","?","$","E","M","?","M","BOSS","R","M","M","?","$","R","T","?","E","M","$","M","E","M","M","BOSS","R","M","?","M","?","M","T","$","E","$","?","?","E","M","M","BOSS","E","$","R","BOSS","BOSS"],"items_purchased_type":["Relic","Relic","Relic","Relic","Relic","Card","Card","Relic","Potion","Potion","Potion","Relic","Relic","Relic","Relic","Card","Relic","Relic","Card","Card","Card","Card","Relic","Relic","Relic","Relic","Relic","Relic","Potion","Potion","Card","Relic","Relic","Relic","Card","Relic","Relic","Relic","Relic","Relic","Relic","Relic","Card","Card","Card","Relic","Relic","Relic","Relic","Relic","Relic","Card","Potion","Potion","Card","Card","Card"],"build_version":"2020-12-22","purchased_purges":7,"victory":true,"max_hp_per_floor":[80,80,92,92,92,92,92,92,92,92,92,92,92,92,92,92,92,92,92,92,92,92,92,92,92,92,92,92,92,92,92,92,92,92,102,102,102,102,102,102,102,102,102,102,102,103,104,105,106,108,108,110,117,117,118,119],"relic_stats":{"Lee\u0027s Waffle":7,"counters":[36,145],"Pen Nib":[6],"Orichalcum":[54],"Mercury Hourglass":[487],"OrangePellets":[43],"Strange Spoon":[11],"Dream Catcher":0,"Sundial":[0],"Tiny Chest":1,"HandDrill":[52],"Kunai":[30],"Chemical X":[1],"obtain_stats":[{"reliquary:OuijaBoard":44,"reliquary:PartyBalloon":11,"ZunR:ReiMu":21,"downfall:HeartBlessingGreen":18,"Guardian:SackOfGems":53,"reliquary:QuartzCube":44,"RedLine:ReiMu":34,"Guardian:PickAxe":22,"Sundial":53,"HandDrill":22,"Kunai":17,"Guardian:BottledStasis":11,"Girya":26,"Guardian:ModeShifter":0,"Oddly Smooth Stone":28,"Pen Nib":42,"reliquary:WeakTea":41,"reliquary:Bookmark":28,"Du-Vu Doll":47,"OrangePellets":11,"Bottled Flame":42,"reliquary:BrokenClock":44,"Unceasing Top":46,"Pocketwatch":17,"Lantern":53,"Ancient Tea Set":45,"conspire:TopHat":44,"conspire:InfiniteJournal":28,"Frozen Eye":28,"Dream Catcher":30,"reliquary:HotPoker":42,"downfall:HeartBlessingBlue":35,"Tiny Chest":22,"reliquary:NewFriend":43,"reliquary:RoseTintedGlasses":11,"Chemical X":42,"Lee\u0027s Waffle":53,"downfall:HeartBlessingRed":18,"Thread and Needle":11,"Omamori":17,"Orichalcum":11,"Odd Mushroom":14,"reliquary:IridiumChain":22,"Mercury Hourglass":8,"Calling Bell":17,"Cauldron":42,"reliquary:ExpiredCoupon":53,"Strange Spoon":53,"Hololive_LightStick":12,"Orrery":22,"CrazyTorch:ReiMu":28,"Bag of Marbles":7,"Membership Card":44,"Bottled Lightning":52,"FossilizedHelix":22,"RuthlessExorcism:ReiMu":28},{"reliquary:OuijaBoard":28,"reliquary:PartyBalloon":6,"ZunR:ReiMu":13,"downfall:HeartBlessingGreen":11,"Guardian:SackOfGems":34,"reliquary:QuartzCube":28,"RedLine:ReiMu":22,"Guardian:PickAxe":14,"Sundial":34,"HandDrill":14,"Kunai":11,"Guardian:BottledStasis":6,"Girya":15,"Guardian:ModeShifter":0,"Oddly Smooth Stone":17,"Pen Nib":27,"reliquary:WeakTea":26,"reliquary:Bookmark":17,"Du-Vu Doll":30,"OrangePellets":6,"Bottled Flame":27,"reliquary:BrokenClock":28,"Unceasing Top":29,"Pocketwatch":11,"Lantern":34,"Ancient Tea Set":28,"conspire:TopHat":28,"conspire:InfiniteJournal":17,"Frozen Eye":17,"Dream Catcher":19,"reliquary:HotPoker":27,"downfall:HeartBlessingBlue":22,"Tiny Chest":14,"reliquary:NewFriend":28,"reliquary:RoseTintedGlasses":6,"Chemical X":27,"Lee\u0027s Waffle":34,"downfall:HeartBlessingRed":11,"Thread and Needle":6,"Omamori":11,"Orichalcum":6,"Odd Mushroom":9,"reliquary:IridiumChain":14,"Mercury Hourglass":4,"Calling Bell":11,"Cauldron":27,"reliquary:ExpiredCoupon":34,"Strange Spoon":34,"Hololive_LightStick":7,"Orrery":14,"CrazyTorch:ReiMu":17,"Bag of Marbles":3,"Membership Card":28,"Bottled Lightning":34,"FossilizedHelix":14,"RuthlessExorcism:ReiMu":17},{"reliquary:OuijaBoard":110,"reliquary:PartyBalloon":26,"ZunR:ReiMu":47,"downfall:HeartBlessingGreen":42,"Guardian:SackOfGems":133,"reliquary:QuartzCube":110,"RedLine:ReiMu":88,"Guardian:PickAxe":51,"Sundial":133,"HandDrill":51,"Kunai":42,"Guardian:BottledStasis":26,"Girya":56,"Guardian:ModeShifter":0,"Oddly Smooth Stone":64,"Pen Nib":105,"reliquary:WeakTea":101,"reliquary:Bookmark":64,"Du-Vu Doll":116,"OrangePellets":26,"Bottled Flame":105,"reliquary:BrokenClock":110,"Unceasing Top":113,"Pocketwatch":42,"Lantern":133,"Ancient Tea Set":110,"conspire:TopHat":110,"conspire:InfiniteJournal":64,"Frozen Eye":64,"Dream Catcher":78,"reliquary:HotPoker":105,"downfall:HeartBlessingBlue":88,"Tiny Chest":51,"reliquary:NewFriend":110,"reliquary:RoseTintedGlasses":26,"Chemical X":105,"Lee\u0027s Waffle":133,"downfall:HeartBlessingRed":42,"Thread and Needle":26,"Omamori":42,"Orichalcum":26,"Odd Mushroom":36,"reliquary:IridiumChain":51,"Mercury Hourglass":19,"Calling Bell":42,"Cauldron":105,"reliquary:ExpiredCoupon":133,"Strange Spoon":133,"Hololive_LightStick":31,"Orrery":51,"CrazyTorch:ReiMu":64,"Bag of Marbles":13,"Membership Card":110,"Bottled Lightning":133,"FossilizedHelix":51,"RuthlessExorcism:ReiMu":64}],"Unceasing Top":[2],"Pocketwatch":[6]},"card_choices":[{"not_picked":["Guardian:Gem_Green","Guardian:WalkerClaw","Guardian:DecasProtection"],"picked":"SKIP","floor":2.0},{"not_picked":["Guardian:Gem_Green","Guardian:Recover","Guardian:VentSteam"],"picked":"SKIP","floor":3.0},{"not_picked":["Guardian:Clone","Guardian:Incinerate","Guardian:DonusPower"],"picked":"SKIP","floor":4.0},{"not_picked":["Guardian:Gem_Cyan","Guardian:EvasiveProtocol"],"picked":"Guardian:Preprogram","floor":8},{"not_picked":["Guardian:Recover","Guardian:CrystalBeam"],"picked":"Guardian:TimeSifter","floor":9},{"not_picked":["Guardian:Repulse","Guardian:Reroute","Guardian:Gem_Red"],"picked":"SKIP","floor":11},{"not_picked":["Guardian:Gem_Lightblue","Guardian:TemporalStrike"],"picked":"Guardian:TimeBomb","floor":12},{"not_picked":["Guardian:BodySlam","Guardian:PiercingHide"],"picked":"Guardian:Gem_Fragmented","floor":13},{"not_picked":["Guardian:Incinerate","Guardian:TemporalShield","Guardian:Gem_Lightblue"],"picked":"SKIP","floor":15},{"not_picked":["Guardian:TimeSifter","Guardian:StasisField"],"picked":"Guardian:FastForward","floor":16},{"not_picked":["Guardian:Planning","Guardian:VentSteam","Guardian:Gem_Red"],"picked":"SKIP","floor":19},{"not_picked":["Guardian:ChargeCore","Guardian:MultiBeam","Guardian:RollAttack"],"picked":"SKIP","floor":20},{"not_picked":["Guardian:Planning","Guardian:Gem_Cyan","Guardian:RollAttack"],"picked":"SKIP","floor":22},{"not_picked":["Guardian:DonusPower","Guardian:ShieldCharger"],"picked":"Guardian:Suspension","floor":22},{"not_picked":["Guardian:ShieldCharger","Guardian:Incinerate+1","Guardian:ChargeCore"],"picked":"SKIP","floor":26},{"not_picked":["Guardian:ShieldCharger","Guardian:Incinerate+1","Guardian:ChargeCore"],"picked":"SKIP","floor":26},{"not_picked":["Guardian:Gem_Crimson","Guardian:EvasiveProtocol"],"picked":"Guardian:Preprogram","floor":27},{"not_picked":["Guardian:RollAttack+1","Guardian:ShieldCharger","Guardian:Suspension"],"picked":"SKIP","floor":28},{"not_picked":["Guardian:Gem_Crimson","Guardian:TimeBomb","Guardian:Gem_Red"],"picked":"SKIP","floor":29},{"not_picked":["Guardian:Suspension","Guardian:Harden"],"picked":"Guardian:ConstructionForm","floor":30},{"not_picked":["Guardian:Gem_Yellow","Guardian:CrystalBeam"],"picked":"Guardian:BronzeOrb+1","floor":31},{"not_picked":["Guardian:TemporalShield","Guardian:Recover"],"picked":"Guardian:ArmoredProtocol","floor":32},{"not_picked":["Guardian:ExploitGems","Guardian:StasisField"],"picked":"Guardian:ConstructionForm","floor":33},{"not_picked":["Guardian:Planning","Guardian:EvasiveProtocol+1","Guardian:PiercingHide"],"picked":"SKIP","floor":36},{"not_picked":["Guardian:Gem_Lightblue","Guardian:Planning+1","Guardian:GuardianWhirl"],"picked":"SKIP","floor":37},{"not_picked":["Guardian:Preprogram","Guardian:FloatingOrbs+1","Guardian:Gem_Cyan"],"picked":"SKIP","floor":38},{"not_picked":["Guardian:Planning+1","Guardian:TemporalStrike+1","Guardian:Repulse+1"],"picked":"SKIP","floor":40},{"not_picked":["Guardian:Preprogram+1","Guardian:TimeBomb"],"picked":"Guardian:Gem_Synthetic","floor":42},{"not_picked":["Guardian:Gem_Green","Guardian:Recover+1"],"picked":"Guardian:Gem_Yellow","floor":43},{"not_picked":["Guardian:PiercingHide+1","Guardian:GuardianWhirl","Guardian:TemporalShield"],"picked":"SKIP","floor":47},{"not_picked":["Guardian:SentryBeam","Guardian:ShieldCharger","Guardian:FloatingOrbs+1"],"picked":"SKIP","floor":48},{"not_picked":["Guardian:PrismaticBarrier+1","Guardian:Recover","Guardian:Gem_White"],"picked":"SKIP","floor":49},{"not_picked":["Guardian:ShieldSpikes","Guardian:TemporalStrike+1","Guardian:SphericShield"],"picked":"SKIP","floor":52}],"player_experience":55572,"relics_obtained":[{"floor":7.0,"key":"Bag of Marbles"},{"floor":8,"key":"Mercury Hourglass"},{"floor":12,"key":"Hololive_LightStick"},{"floor":14,"key":"Odd Mushroom"},{"floor":17,"key":"Omamori"},{"floor":17,"key":"Kunai"},{"floor":17,"key":"Pocketwatch"},{"floor":26,"key":"Girya"},{"floor":30,"key":"Dream Catcher"},{"floor":41,"key":"reliquary:WeakTea"},{"floor":43,"key":"reliquary:NewFriend"},{"floor":45,"key":"Ancient Tea Set"},{"floor":46,"key":"Unceasing Top"},{"floor":47,"key":"Du-Vu Doll"},{"floor":52,"key":"Bottled Lightning"}],"event_choices":[{"cards_removed":["Guardian:Strike_Guardian"],"damage_healed":0.0,"max_hp_gain":0.0,"max_hp_loss":0.0,"gold_gain":0.0,"event_name":"The Cleric","player_choice":"Card Removal","floor":5.0,"gold_loss":0.0,"damage_taken":0.0},{"damage_healed":0,"gold_gain":0,"player_choice":"Leave","damage_taken":0,"max_hp_gain":0,"max_hp_loss":0,"event_name":"conspire:Investor","floor":10,"gold_loss":0},{"damage_healed":0,"gold_gain":0,"player_choice":"Fought Mushrooms","damage_taken":0,"max_hp_gain":0,"max_hp_loss":0,"event_name":"Mushrooms","floor":14,"gold_loss":0},{"damage_healed":0,"gold_gain":0,"player_choice":"π∫¬Ú…Òæ∆","damage_taken":0,"relics_obtained":["ZunR:ReiMu"],"max_hp_gain":0,"max_hp_loss":0,"event_name":"ZunEvent","floor":21,"gold_loss":40}],"is_beta":false,"boss_relics":[{"not_picked":["Sozu","reliquary:RedPaperclip"],"picked":"Calling Bell"},{"not_picked":["Velvet Choker","SacredBark"],"picked":"RedLine:ReiMu"}],"items_purged_floors":[11,11,22,28,44,44,53],"is_endless":false,"potions_floor_spawned":[3,4,13,14,16,20,29,30,32,33,38,40,48],"ascension_level":0}}