{"host":"wri98rxht4656ll8","time":1613253379,"event":{"mods":["AchievementEnabler","BaseMod","Colored Map","Colored Powertips","Minty Spire (QoL Compilation)","Permanent Neow","StSLib"],"gold_per_floor":[110,125,125,140,159,159,178,188,241,259,272,272,291,305,305,305,305],"floor_reached":16,"language":"ENG","playtime":992,"items_purged":[],"score":99,"play_id":"b42f13b1-44a8-4601-a382-0ab258ccc99b","local_time":"20210213225619","is_ascension_mode":false,"campfire_choices":[{"data":"Clothesline","floor":6,"key":"SMITH"},{"data":"Uppercut","floor":15,"key":"SMITH"}],"circlet_count":0,"master_deck":["Strike_R","Strike_R","Strike_R","Defend_R","Defend_R","Defend_R","Defend_R","Bash","Impervious","Clothesline+1","Battle Trance","Uppercut+1","Hemokinesis","Feed","True Grit","Fire Breathing"],"relics":["Burning Blood","StrikeDummy","Anchor","Spirit Poop"],"acts_visited":["Exordium"],"potions_floor_usage":[],"damage_taken":[{"damage":6,"enemies":"Cultist","floor":1,"turns":3},{"damage":7,"enemies":"Small Slimes","floor":2,"turns":3},{"damage":11,"enemies":"Jaw Worm","floor":4,"turns":2},{"damage":17,"enemies":"Red Slaver","floor":5,"turns":6},{"damage":3,"enemies":"3 Louse","floor":7,"turns":6},{"damage":12,"enemies":"Blue Slaver","floor":8,"turns":2},{"damage":13,"enemies":"Exordium Thugs","floor":10,"turns":5},{"damage":10,"enemies":"Lots of Slimes","floor":11,"turns":4},{"damage":4,"enemies":"3 Louse","floor":13,"turns":4},{"damage":4,"enemies":"Exordium Thugs","floor":14,"turns":5},{"damage":21,"enemies":"The Guardian","floor":16,"turns":3}],"seed_played":"-5897198322510465267","potions_obtained":[{"floor":4,"key":"FearPotion"},{"floor":7,"key":"Strength Potion"},{"floor":10,"key":"SpeedPotion"}],"is_trial":false,"path_per_floor":["M","M","?","M","M","R","M","M","T","M","M","?","M","M","R","B"],"character_chosen":"IRONCLAD","items_purchased":[],"campfire_rested":0,"item_purchase_floors":[],"current_hp_per_floor":[80,79,72,67,56,56,59,53,53,46,42,42,47,52,52,31,31],"gold":305,"neow_bonus":"TRANSFORM_TWO_CARDS","is_daily":false,"chose_seed":false,"campfire_upgraded":2,"win_rate":0.0,"timestamp":1613253379,"path_taken":["M","?","?","M","M","R","M","M","T","M","M","?","?","M","R","BOSS"],"items_purchased_type":[],"build_version":"2020-12-22","purchased_purges":0,"victory":false,"max_hp_per_floor":[80,80,80,80,80,80,80,80,80,80,80,77,80,83,83,83,83],"card_choices":[{"not_picked":["Warcry","Anger"],"picked":"Battle Trance","floor":1},{"not_picked":["Havoc","Reckless Charge","Flex"],"picked":"SKIP","floor":2},{"not_picked":["Havoc","Thunderclap","Brutality"],"picked":"SKIP","floor":4},{"not_picked":["Sword Boomerang","Rupture","Warcry"],"picked":"SKIP","floor":5},{"not_picked":["Thunderclap","Dual Wield","Anger"],"picked":"SKIP","floor":7},{"not_picked":["Pommel Strike","Rage"],"picked":"Uppercut","floor":8},{"not_picked":["Clothesline","Reckless Charge"],"picked":"Hemokinesis","floor":10},{"not_picked":["Perfected Strike","True Grit"],"picked":"Feed","floor":11},{"not_picked":["Thunderclap","Whirlwind"],"picked":"True Grit","floor":13},{"not_picked":["Headbutt","Clash"],"picked":"Fire Breathing","floor":14}],"player_experience":211880,"relics_obtained":[{"floor":9,"key":"Anchor"}],"event_choices":[{"damage_healed":0,"gold_gain":0,"player_choice":"Success","damage_taken":7,"relics_obtained":["StrikeDummy"],"max_hp_gain":0,"max_hp_loss":0,"event_name":"Scrap Ooze","floor":3,"gold_loss":0},{"cards_removed":["Parasite"],"damage_healed":0,"gold_gain":0,"player_choice":"Offered Curse","damage_taken":0,"relics_obtained":["Spirit Poop"],"max_hp_gain":0,"max_hp_loss":0,"event_name":"Bonfire Elementals","floor":12,"gold_loss":0}],"is_beta":false,"boss_relics":[],"items_purged_floors":[],"is_endless":false,"potions_floor_spawned":[4,7,10,13],"killed_by":"The Guardian","ascension_level":0}}