{"host":"ul3z8ex5o8l5j7mh","time":1613243236,"event":{"mods":["AchievementEnabler","BaseMod","Bestiary","Colored Map","Colored Powertips","DeckTracker","Keyboard Shortcuts","Minty Spire (QoL Compilation)","Relic Sorter","Relic Stats","SuperFastMode"],"gold_per_floor":[111,130,140,140,159,185,185,185,185],"floor_reached":8,"language":"ENG","playtime":334,"items_purged":[],"score":70,"play_id":"fb580703-39d9-4a2d-b3ff-81eed2c81c3b","local_time":"20210213200716","is_ascension_mode":true,"campfire_choices":[{"data":"Combust","floor":7,"key":"SMITH"}],"circlet_count":0,"master_deck":["Strike_R","Strike_R","Strike_R","Strike_R","Strike_R","Defend_R","Defend_R","Defend_R","Defend_R","Bash","Combust+1","Fire Breathing"],"relics":["Burning Blood","Bag of Preparation","Strawberry"],"acts_visited":["Exordium"],"potions_floor_usage":[6,8],"damage_taken":[{"damage":12,"enemies":"Jaw Worm","floor":1,"turns":3},{"damage":8,"enemies":"Cultist","floor":2,"turns":3},{"damage":14,"enemies":"Small Slimes","floor":3,"turns":4},{"damage":14,"enemies":"Blue Slaver","floor":5,"turns":4},{"damage":23,"enemies":"3 Sentries","floor":6,"turns":3},{"damage":55,"enemies":"Lagavulin","floor":8,"turns":5}],"seed_played":"-3774463468207460819","potions_obtained":[{"floor":2,"key":"Swift Potion"},{"floor":3,"key":"PowerPotion"},{"floor":5,"key":"GamblersBrew"}],"is_trial":false,"path_per_floor":["M","M","M","$","M","E","R","E"],"character_chosen":"IRONCLAD","items_purchased":[],"campfire_rested":0,"item_purchase_floors":[],"current_hp_per_floor":[74,72,64,64,56,46,46,0,0],"gold":185,"neow_bonus":"RANDOM_COMMON_RELIC","is_daily":false,"chose_seed":false,"campfire_upgraded":1,"win_rate":0.0,"timestamp":1613243236,"path_taken":["M","M","M","$","M","E","R","E"],"items_purchased_type":[],"build_version":"2020-12-22","purchased_purges":0,"victory":false,"max_hp_per_floor":[80,80,80,80,80,87,87,87,87],"relic_stats":{"counters":[6,22],"Bag of Preparation":[12],"obtain_stats":[{"Strawberry":6,"Bag of Preparation":0,"Burning Blood":0},{"Strawberry":5,"Bag of Preparation":0,"Burning Blood":0},{"Strawberry":17,"Bag of Preparation":0,"Burning Blood":0}],"Burning Blood":30},"card_choices":[{"not_picked":["Cleave","Carnage"],"picked":"Combust","floor":1},{"not_picked":["Perfected Strike","Warcry"],"picked":"Fire Breathing","floor":2},{"not_picked":["Havoc","Perfected Strike","Thunderclap"],"picked":"SKIP","floor":3},{"not_picked":["True Grit","Pommel Strike","Wild Strike"],"picked":"SKIP","floor":5},{"not_picked":["Flex","Flame Barrier","Warcry"],"picked":"SKIP","floor":6}],"player_experience":360922,"relics_obtained":[{"floor":6,"key":"Strawberry"}],"event_choices":[],"is_beta":false,"boss_relics":[],"items_purged_floors":[],"is_endless":false,"potions_floor_spawned":[2,3,5],"killed_by":"Lagavulin","ascension_level":4}}