{"host":"4t0z2wyk4ymtbfy7","time":1613216375,"event":{"mods":["AchievementEnabler","BaseMod","Colored Map","Colored Powertips","DeckTracker","Keyboard Shortcuts","Marisa£¨Ùöéë¡¡Øª×âÞÞ£©","Minty Spire (QoL Compilation)","SuperFastMode","Td1madao Mod"],"gold_per_floor":[113,113,130,148,160,185,201,201,201],"floor_reached":8,"language":"KOR","playtime":321,"items_purged":[],"score":84,"play_id":"af6d5de9-fb6a-4a0a-9392-1d35b8b66370","local_time":"20210213203935","is_ascension_mode":true,"campfire_choices":[],"circlet_count":0,"master_deck":["Strike_G","Strike_G","Strike_G","Strike_G","Strike_G","Defend_G","Defend_G","Defend_G","Defend_G","Defend_G","Survivor","Neutralize","Blade Dance","Outmaneuver","Blade Dance","After Image"],"relics":["Ring of the Snake","Ninja Scroll"],"acts_visited":["Exordium"],"potions_floor_usage":[6,6],"damage_taken":[{"damage":0,"enemies":"Small Slimes","floor":1,"turns":3},{"damage":3,"enemies":"Cultist","floor":3,"turns":4},{"damage":1,"enemies":"Jaw Worm","floor":4,"turns":3},{"damage":5,"enemies":"3 Louse","floor":5,"turns":5},{"damage":52,"enemies":"3 Sentries","floor":6,"turns":11},{"damage":3,"enemies":"Blue Slaver","floor":7,"turns":4},{"damage":11,"enemies":"Lagavulin","floor":8,"turns":8}],"seed_played":"1288296770171836116","potions_obtained":[{"floor":2,"key":"Fire Potion"},{"floor":2,"key":"FairyPotion"},{"floor":2,"key":"SkillPotion"}],"is_trial":false,"path_per_floor":["M","?","M","M","M","E","M","E"],"character_chosen":"THE_SILENT","items_purchased":[],"campfire_rested":0,"item_purchase_floors":[],"current_hp_per_floor":[63,63,60,59,54,2,21,10,10],"gold":201,"neow_bonus":"THREE_CARDS","is_daily":false,"chose_seed":false,"campfire_upgraded":0,"win_rate":0.0,"timestamp":1613216375,"path_taken":["M","?","M","?","?","E","?","E"],"items_purchased_type":[],"build_version":"2020-12-22","purchased_purges":0,"victory":false,"max_hp_per_floor":[70,70,70,70,70,70,70,70,70],"card_choices":[{"not_picked":["All Out Attack","Poisoned Stab"],"picked":"Blade Dance","floor":1},{"not_picked":["PiercingWail","Poisoned Stab","Calculated Gamble"],"picked":"SKIP","floor":3},{"not_picked":["Masterful Stab","Dagger Spray","Acrobatics"],"picked":"SKIP","floor":4},{"not_picked":["Masterful Stab","Well Laid Plans"],"picked":"Outmaneuver","floor":5},{"not_picked":["Deflect","Crippling Poison"],"picked":"Blade Dance","floor":6},{"not_picked":["Flying Knee","Bane"],"picked":"After Image","floor":7}],"player_experience":100887,"relics_obtained":[{"floor":6,"key":"Ninja Scroll"}],"event_choices":[{"damage_healed":0,"gold_gain":0,"player_choice":"Got Potions","damage_taken":0,"max_hp_gain":0,"max_hp_loss":0,"event_name":"Lab","floor":2,"gold_loss":0}],"is_beta":false,"boss_relics":[],"items_purged_floors":[],"is_endless":false,"potions_floor_spawned":[5],"killed_by":"Lagavulin","ascension_level":8}}