{"host":"a3wpq7kyokchzawk","time":1613248029,"event":{"mods":["BaseMod","Colored Map","Highlight Path","Minty Spire (QoL Compilation)","Permanent Neow","Potion Indicator Mod","Relic Stats","Weighted Paths"],"gold_per_floor":[363,363,39,53,73,103,115,160,172,218,243,287,317,340,352,442,454,482,494,53,53,66,66,97,111,111,211,231,231,266,286,286,357,357,370,389,400,413,425,450,450,484,484,496,496,771,173,185,185,185,185,185,185,48,76,76,76],"floor_reached":56,"language":"ENG","playtime":5712,"items_purged":["Regret"],"score":2237,"play_id":"18dd3447-8dda-4fad-a792-b7cc2ebe9a07","local_time":"20210213182708","is_ascension_mode":true,"campfire_choices":[{"data":"Uppercut","floor":7.0,"key":"SMITH"},{"data":"Armaments","floor":15.0,"key":"SMITH"},{"data":"Corruption","floor":23.0,"key":"SMITH"},{"floor":29.0,"key":"REST"},{"data":"Demon Form","floor":32.0,"key":"SMITH"},{"floor":41.0,"key":"RECALL"},{"data":"Havoc","floor":45.0,"key":"SMITH"},{"data":"Sword Boomerang","floor":49.0,"key":"SMITH"},{"floor":53.0,"key":"REST"}],"circlet_count":0,"master_deck":["AscendersBane","Strike_R","Strike_R+1","Strike_R","Strike_R","Defend_R","Defend_R","Defend_R","Defend_R","Bash","Writhe","Flame Barrier","Uppercut+1","Battle Trance","Battle Trance","Havoc+1","Flame Barrier","Anger+1","Armaments+1","Sword Boomerang+1","Corruption+1","Intimidate+1","Power Through","Havoc+1","Heavy Blade+1","Demon Form+1","Havoc+1","Whirlwind+1","Immolate+1","Bloodletting+1","True Grit+1","Seeing Red+1","Pommel Strike+1","Evolve+1","Power Through+1","Madness+1","Power Through+1","Feel No Pain","Shrug It Off+1","Shockwave+1"],"relics":["Burning Blood","PreservedInsect","Brimstone","MawBank","Self Forming Clay","Bag of Preparation","Mummified Hand","Whetstone","Black Star","OrangePellets","Letter Opener","Molten Egg 2","Pen Nib","Toxic Egg 2","FossilizedHelix","Pear","Orichalcum","Shuriken","Mark of Pain","HornCleat","Anchor","Blue Candle","Mango","HandDrill","Nunchaku","Mercury Hourglass","Happy Flower"],"acts_visited":["Exordium","TheCity","TheBeyond","TheEnding"],"potions_floor_usage":[],"damage_taken":[{"damage":7.0,"enemies":"2 Louse","floor":1.0,"turns":4.0},{"damage":0.0,"enemies":"Small Slimes","floor":4.0,"turns":2.0},{"damage":13.0,"enemies":"Jaw Worm","floor":5.0,"turns":2.0},{"damage":24.0,"enemies":"3 Sentries","floor":6.0,"turns":6.0},{"damage":0.0,"enemies":"Lagavulin","floor":8.0,"turns":4.0},{"damage":25.0,"enemies":"3 Sentries","floor":10.0,"turns":6.0},{"damage":6.0,"enemies":"Red Slaver","floor":11.0,"turns":2.0},{"damage":17.0,"enemies":"Lagavulin","floor":12.0,"turns":4.0},{"damage":2.0,"enemies":"2 Fungi Beasts","floor":13.0,"turns":3.0},{"damage":1.0,"enemies":"Large Slime","floor":14.0,"turns":4.0},{"damage":21.0,"enemies":"Hexaghost","floor":16.0,"turns":5.0},{"damage":19.0,"enemies":"Spheric Guardian","floor":18.0,"turns":4.0},{"damage":3.0,"enemies":"2 Thieves","floor":22.0,"turns":4.0},{"damage":33.0,"enemies":"Slavers","floor":24.0,"turns":4.0},{"damage":2.0,"enemies":"Snecko","floor":25.0,"turns":5.0},{"damage":9.0,"enemies":"Colosseum Slavers","floor":27.0,"turns":3.0},{"damage":17.0,"enemies":"Colosseum Nobs","floor":27.0,"turns":4.0},{"damage":0.0,"enemies":"Sentry and Sphere","floor":28.0,"turns":4.0},{"damage":0.0,"enemies":"Gremlin Leader","floor":30.0,"turns":4.0},{"damage":10.0,"enemies":"Centurion and Healer","floor":31.0,"turns":4.0},{"damage":20.0,"enemies":"Champ","floor":33.0,"turns":7.0},{"damage":0.0,"enemies":"3 Shapes","floor":35.0,"turns":1.0},{"damage":0.0,"enemies":"Orb Walker","floor":36.0,"turns":2.0},{"damage":6.0,"enemies":"4 Shapes","floor":37.0,"turns":5.0},{"damage":23.0,"enemies":"3 Darklings","floor":38.0,"turns":4.0},{"damage":0.0,"enemies":"Spire Growth","floor":39.0,"turns":4.0},{"damage":0.0,"enemies":"Reptomancer","floor":40.0,"turns":3.0},{"damage":35.0,"enemies":"Nemesis","floor":42.0,"turns":5.0},{"damage":1.0,"enemies":"4 Shapes","floor":44.0,"turns":2.0},{"damage":0.0,"enemies":"Writhing Mass","floor":48.0,"turns":4.0},{"damage":28.0,"enemies":"Time Eater","floor":50.0,"turns":6.0},{"damage":45.0,"enemies":"Awakened One","floor":51.0,"turns":7.0},{"damage":89,"enemies":"Shield and Spear","floor":55,"turns":6},{"damage":18,"enemies":"The Heart","floor":56,"turns":2}],"seed_played":"6187852947100495112","potions_obtained":[{"floor":5.0,"key":"Strength Potion"},{"floor":8.0,"key":"Weak Potion"},{"floor":12.0,"key":"SkillPotion"},{"floor":16.0,"key":"PowerPotion"},{"floor":27.0,"key":"Block Potion"},{"floor":28.0,"key":"SkillPotion"},{"floor":31.0,"key":"Energy Potion"},{"floor":35.0,"key":"PowerPotion"},{"floor":38.0,"key":"AttackPotion"},{"floor":55,"key":"Explosive Potion"}],"is_trial":false,"path_per_floor":["M","?","$","M","M","E","R","E","T","E","M","E","M","M","R","B",null,"M","?","$","?","M","R","E","M","T","?","M","R","E","M","R","B",null,"M","M","M","M","M","E","R","E","T","M","R","?","$","M","R","B","B",null,"R","$","E","B"],"character_chosen":"IRONCLAD","items_purchased":["PreservedInsect","Brimstone","OrangePellets","Letter Opener","Power Through+1","HandDrill","Nunchaku","Madness+1","Feel No Pain","Shrug It Off+1"],"campfire_rested":2,"item_purchase_floors":[3,3,20,20,47,47,47,47,54,54],"current_hp_per_floor":[67,67,67,73,66,48,48,54,54,35,35,24,28,33,33,18,61,48,48,48,48,51,51,24,28,28,24,30,55,61,57,57,43,75,81,85,85,68,74,80,80,65,65,70,70,70,70,76,76,54,15,78,99,99,16,0,0],"gold":76,"neow_bonus":"TWO_FIFTY_GOLD","is_daily":false,"chose_seed":false,"campfire_upgraded":6,"win_rate":0.0,"timestamp":1613248028,"path_taken":["M","?","$","M","M","E","R","E","T","E","M","E","M","M","R","BOSS","M","?","$","?","M","R","E","M","T","?","M","R","E","M","R","BOSS","M","M","M","M","M","E","R","E","T","M","R","?","$","M","R","BOSS","BOSS","R","$","E","BOSS"],"items_purchased_type":["Relic","Relic","Relic","Relic","Card","Relic","Relic","Card","Card","Card"],"build_version":"2020-12-22","purchased_purges":1,"victory":false,"max_hp_per_floor":[75,75,75,75,75,75,75,75,75,75,75,75,75,75,75,75,75,75,75,75,75,75,75,75,75,75,85,85,85,85,85,85,85,85,85,85,85,85,85,85,85,99,99,99,99,99,99,99,99,99,99,99,99,99,99,99,99],"relic_stats":{"Happy Flower":[0],"counters":[34,136],"Self Forming Clay":[156],"Blue Candle":[2],"PreservedInsect":440,"Pen Nib":[13],"Bag of Preparation":[58],"Whetstone":["Strike_R","Anger"],"Letter Opener":[213],"Orichalcum":[48],"MawBank":168,"Burning Blood":196,"Mercury Hourglass":[6],"OrangePellets":[11],"Nunchaku":[3],"Mummified Hand":[34],"Shuriken":[11],"Black Star":5,"HandDrill":[10],"obtain_stats":[{"Mango":42,"Bag of Preparation":9,"Whetstone":12,"Burning Blood":0,"Nunchaku":47,"HornCleat":40,"Mummified Hand":10,"HandDrill":47,"Toxic Egg 2":26,"Pear":27,"Happy Flower":55,"Self Forming Clay":8,"Blue Candle":42,"PreservedInsect":3,"Pen Nib":24,"Letter Opener":20,"Orichalcum":30,"MawBank":6,"Mercury Hourglass":55,"OrangePellets":20,"Anchor":40,"Brimstone":3,"Shuriken":30,"Molten Egg 2":24,"Mark of Pain":34,"Black Star":17,"FossilizedHelix":27},{"Mango":28,"Bag of Preparation":5,"Whetstone":8,"Burning Blood":0,"Nunchaku":29,"HornCleat":27,"Mummified Hand":6,"HandDrill":29,"Toxic Egg 2":15,"Pear":17,"Happy Flower":33,"Self Forming Clay":5,"Blue Candle":28,"PreservedInsect":1,"Pen Nib":14,"Letter Opener":12,"Orichalcum":19,"MawBank":4,"Mercury Hourglass":33,"OrangePellets":12,"Anchor":27,"Brimstone":1,"Shuriken":19,"Molten Egg 2":14,"Mark of Pain":21,"Black Star":11,"FossilizedHelix":17},{"Mango":109,"Bag of Preparation":18,"Whetstone":30,"Burning Blood":0,"Nunchaku":111,"HornCleat":104,"Mummified Hand":24,"HandDrill":111,"Toxic Egg 2":59,"Pear":66,"Happy Flower":134,"Self Forming Clay":18,"Blue Candle":109,"PreservedInsect":4,"Pen Nib":54,"Letter Opener":46,"Orichalcum":74,"MawBank":14,"Mercury Hourglass":134,"OrangePellets":46,"Anchor":104,"Brimstone":4,"Shuriken":74,"Molten Egg 2":54,"Mark of Pain":85,"Black Star":42,"FossilizedHelix":66}]},"card_choices":[{"not_picked":["Pommel Strike","Blood for Blood"],"picked":"Flame Barrier","floor":1.0},{"not_picked":["Perfected Strike","Anger"],"picked":"Battle Trance","floor":4.0},{"not_picked":["Searing Blow","Iron Wave","Wild Strike"],"picked":"SKIP","floor":5.0},{"not_picked":["Bloodletting","Entrench"],"picked":"Battle Trance","floor":6.0},{"not_picked":["Seeing Red","Exhume"],"picked":"Havoc","floor":8.0},{"not_picked":["Flex","Body Slam","Rampage"],"picked":"SKIP","floor":10.0},{"not_picked":["Thunderclap","Warcry"],"picked":"Flame Barrier","floor":11.0},{"not_picked":["Clash","Metallicize"],"picked":"Anger","floor":12.0},{"not_picked":["Perfected Strike","Cleave"],"picked":"Armaments","floor":13.0},{"not_picked":["Armaments","Cleave"],"picked":"Sword Boomerang","floor":14.0},{"not_picked":["Barricade","Exhume"],"picked":"Corruption","floor":16.0},{"not_picked":["Thunderclap","Twin Strike"],"picked":"Intimidate+1","floor":18.0},{"not_picked":["Perfected Strike","Clash"],"picked":"Havoc+1","floor":22.0},{"not_picked":["Sever Soul+1","Rupture"],"picked":"Heavy Blade+1","floor":24.0},{"not_picked":["Thunderclap+1","Dual Wield","Carnage+1"],"picked":"SKIP","floor":25.0},{"not_picked":["Rampage+1","Searing Blow+1"],"picked":"Demon Form","floor":27.0},{"not_picked":["Flex+1","True Grit+1"],"picked":"Havoc+1","floor":28.0},{"not_picked":["Burning Pact+1","Carnage+1"],"picked":"Whirlwind+1","floor":30.0},{"not_picked":["Anger+1","Dark Embrace","Pommel Strike+1"],"picked":"SKIP","floor":31.0},{"not_picked":["Barricade","Corruption"],"picked":"Immolate+1","floor":33.0},{"not_picked":["Burning Pact+1","Iron Wave+1"],"picked":"Bloodletting+1","floor":35.0},{"not_picked":["Cleave+1","Pommel Strike+1"],"picked":"True Grit+1","floor":36.0},{"not_picked":["Pummel+1","Dark Embrace","Searing Blow+1"],"picked":"SKIP","floor":37.0},{"not_picked":["Thunderclap+1","Sword Boomerang+1"],"picked":"Seeing Red+1","floor":38.0},{"not_picked":["Wild Strike+1","Perfected Strike+1","Pommel Strike+1"],"picked":"SKIP","floor":39.0},{"not_picked":["Seeing Red+1","Bloodletting+1"],"picked":"Pommel Strike+1","floor":40.0},{"not_picked":["Burning Pact+1","Berserk"],"picked":"Evolve+1","floor":42.0},{"not_picked":["Perfected Strike+1","Wild Strike+1","Iron Wave+1"],"picked":"SKIP","floor":44.0},{"not_picked":["Flex+1","Pommel Strike+1"],"picked":"Power Through+1","floor":48.0},{"not_picked":["Perfected Strike+1","Anger+1"],"picked":"Shockwave+1","floor":55}],"player_experience":2707850,"relics_obtained":[{"floor":6.0,"key":"MawBank"},{"floor":8.0,"key":"Self Forming Clay"},{"floor":9.0,"key":"Bag of Preparation"},{"floor":10.0,"key":"Mummified Hand"},{"floor":12.0,"key":"Whetstone"},{"floor":24.0,"key":"Molten Egg 2"},{"floor":24.0,"key":"Pen Nib"},{"floor":26.0,"key":"Toxic Egg 2"},{"floor":27.0,"key":"FossilizedHelix"},{"floor":27.0,"key":"Pear"},{"floor":30.0,"key":"Orichalcum"},{"floor":30.0,"key":"Shuriken"},{"floor":40.0,"key":"HornCleat"},{"floor":40.0,"key":"Anchor"},{"floor":42.0,"key":"Blue Candle"},{"floor":42.0,"key":"Mango"},{"floor":55,"key":"Mercury Hourglass"},{"floor":55,"key":"Happy Flower"}],"event_choices":[{"damage_healed":0.0,"max_hp_gain":0.0,"max_hp_loss":0.0,"gold_gain":0.0,"cards_transformed":["Strike_R"],"event_name":"Living Wall","player_choice":"Change","floor":2.0,"gold_loss":0.0,"damage_taken":0.0,"cards_obtained":["Uppercut"]},{"damage_healed":0.0,"max_hp_gain":0.0,"max_hp_loss":0.0,"gold_gain":0.0,"event_name":"The Library","player_choice":"Read","floor":19.0,"gold_loss":0.0,"damage_taken":0.0,"cards_obtained":["Power Through"]},{"damage_healed":0.0,"max_hp_gain":0.0,"max_hp_loss":0.0,"gold_gain":0.0,"event_name":"Vampires","player_choice":"Ignored","floor":21.0,"gold_loss":0.0,"damage_taken":0.0},{"damage_healed":0.0,"max_hp_gain":0.0,"max_hp_loss":0.0,"gold_gain":0.0,"event_name":"Colosseum","player_choice":"Fight","floor":27.0,"gold_loss":0.0,"damage_taken":0.0},{"damage_healed":0.0,"max_hp_gain":0.0,"max_hp_loss":0.0,"gold_gain":0.0,"event_name":"Colosseum","player_choice":"Fought Nobs","floor":27.0,"gold_loss":0.0,"damage_taken":0.0},{"damage_healed":0.0,"max_hp_gain":0.0,"max_hp_loss":0.0,"gold_gain":275.0,"event_name":"Golden Shrine","player_choice":"Desecrate","floor":46.0,"gold_loss":0.0,"damage_taken":0.0,"cards_obtained":["Regret"]}],"is_beta":false,"boss_relics":[{"not_picked":["Velvet Choker","SacredBark"],"picked":"Black Star"},{"not_picked":["Empty Cage","Coffee Dripper"],"picked":"Mark of Pain"}],"items_purged_floors":[47],"is_endless":false,"potions_floor_spawned":[5,8,12,13,16,27,28,31,35,38,48,55],"killed_by":"The Heart","ascension_level":20}}