{"host":"eglukmwb6rueyn6u","time":1613248805,"event":{"mods":["BaseMod","Colored Map","Minty Spire (QoL Compilation)"],"gold_per_floor":[111,111,111,125,176,212,212,212,212,212,65,90,90,165,165,286,286,309,24,24,39,64,64,97,97,123,248,248,267,267,121,121,240,240,260,593,613,583,597,597,627,627,677,711,721,740,757,200,200,200,200,200,33,64,64],"floor_reached":56,"language":"ENG","playtime":2919,"items_purged":["Strike_R","Defend_R"],"score":1320,"play_id":"db8e0a48-e362-424c-b8bf-ab2c60941b2b","local_time":"20210213224004","is_ascension_mode":true,"campfire_choices":[{"data":"Inflame","floor":7.0,"key":"SMITH"},{"data":"Bash","floor":10.0,"key":"SMITH"},{"data":"Limit Break","floor":13.0,"key":"SMITH"},{"data":"Strike_R","floor":15.0,"key":"SMITH"},{"floor":23.0,"key":"REST"},{"floor":25.0,"key":"REST"},{"floor":28.0,"key":"REST"},{"data":"Demon Form","floor":32.0,"key":"SMITH"},{"data":"Seeing Red","floor":40.0,"key":"SMITH"},{"floor":42.0,"key":"REST"},{"floor":49.0,"key":"RECALL"},{"data":"Offering","floor":52.0,"key":"SMITH"}],"circlet_count":0,"master_deck":["Strike_R+1","Defend_R","Bash+1","Inflame+1","Limit Break+1","Carnage+1","Demon Form+1","Spot Weakness","Flex","Heavy Blade+1","Seeing Red+1","Thunderclap+1","Offering+1","Feed+1","Uppercut+1","Combust+1","Anger+1","Headbutt+1","Heavy Blade+1","Flex","Flame Barrier+1","Entrench+1","Headbutt+1","Secret Weapon","Finesse","Flex","Impervious","Panacea","Bloodletting"],"relics":["Burning Blood","NeowsBlessing","Anchor","Molten Egg 2","Bronze Scales","Runic Cube","Ice Cream","Pen Nib","Red Skull","Incense Burner","Sundial","Astrolabe","Pantograph","Regal Pillow","ClockworkSouvenir","Centennial Puzzle"],"acts_visited":["Exordium","TheCity","TheBeyond","TheEnding"],"potions_floor_usage":[55],"damage_taken":[{"damage":0.0,"enemies":"Small Slimes","floor":1.0,"turns":1.0},{"damage":0.0,"enemies":"Jaw Worm","floor":4.0,"turns":1.0},{"damage":0.0,"enemies":"Gremlin Nob","floor":6.0,"turns":1.0},{"damage":0.0,"enemies":"2 Louse","floor":12.0,"turns":2.0},{"damage":25.0,"enemies":"Slime Boss","floor":16.0,"turns":5.0},{"damage":0.0,"enemies":"Chosen","floor":18.0,"turns":4.0},{"damage":20.0,"enemies":"2 Thieves","floor":21.0,"turns":4.0},{"damage":56.0,"enemies":"Sentry and Sphere","floor":22.0,"turns":6.0},{"damage":27.0,"enemies":"Gremlin Leader","floor":24.0,"turns":7.0},{"damage":15.0,"enemies":"Colosseum Slavers","floor":27.0,"turns":2.0},{"damage":16.0,"enemies":"Colosseum Nobs","floor":27.0,"turns":3.0},{"damage":3.0,"enemies":"Snecko","floor":29.0,"turns":3.0},{"damage":45.0,"enemies":"Collector","floor":33.0,"turns":7.0},{"damage":4.0,"enemies":"3 Darklings","floor":35.0,"turns":3.0},{"damage":14.0,"enemies":"3 Shapes","floor":37.0,"turns":3.0},{"damage":19.0,"enemies":"Writhing Mass","floor":39.0,"turns":4.0},{"damage":40.0,"enemies":"Reptomancer","floor":41.0,"turns":3.0},{"damage":30.0,"enemies":"Giant Head","floor":44.0,"turns":4.0},{"damage":0.0,"enemies":"4 Shapes","floor":45.0,"turns":2.0},{"damage":5.0,"enemies":"Maw","floor":46.0,"turns":4.0},{"damage":18.0,"enemies":"Sphere and 2 Shapes","floor":47.0,"turns":5.0},{"damage":56.0,"enemies":"Time Eater","floor":50.0,"turns":4.0},{"damage":6.0,"enemies":"Shield and Spear","floor":54.0,"turns":4.0},{"damage":82,"enemies":"The Heart","floor":55,"turns":5}],"seed_played":"7877364982421772302","potions_obtained":[{"floor":12.0,"key":"LiquidMemories"},{"floor":21.0,"key":"Energy Potion"},{"floor":24.0,"key":"FearPotion"},{"floor":27.0,"key":"Explosive Potion"},{"floor":29.0,"key":"Regen Potion"},{"floor":38.0,"key":"ElixirPotion"},{"floor":38.0,"key":"LiquidMemories"},{"floor":41.0,"key":"DuplicationPotion"},{"floor":44.0,"key":"BlessingOfTheForge"}],"is_trial":false,"path_per_floor":["M","?","?","M","T","E","R","?","T","R","$","M","R","?","R","B",null,"M","$","?","M","M","R","E","R","T","?","R","M","?","$","R","B",null,"M","?","M","?","M","R","E","R","T","E","M","M","M","$","R","B",null,"R","$","E","B",null],"character_chosen":"IRONCLAD","items_purchased":["Limit Break","Ice Cream","Offering","ClockworkSouvenir","Secret Weapon","Finesse","Flex","Impervious","Panacea"],"campfire_rested":4,"item_purchase_floors":[11,19,31,48,48,48,48,53,53],"current_hp_per_floor":[80,60,53,59,59,65,65,65,65,65,65,71,71,60,60,41,80,80,80,80,66,16,40,19,43,43,24,48,51,51,51,51,12,80,80,80,72,72,59,59,25,49,49,25,35,36,28,28,28,15,88,88,88,88,12],"gold":64,"neow_bonus":"THREE_ENEMY_KILL","is_daily":false,"chose_seed":false,"campfire_upgraded":7,"win_rate":0.0,"timestamp":1613248804,"path_taken":["M","?","?","M","?","E","R","?","T","R","?","M","R","?","R","BOSS","M","$","?","M","?","R","E","R","T","?","R","M","?","$","R","BOSS","M","?","M","?","M","R","E","R","T","E","M","?","M","$","R","BOSS","R","$","E","BOSS"],"items_purchased_type":["Card","Relic","Card","Relic","Card","Card","Card","Card","Card"],"build_version":"2020-12-22","purchased_purges":2,"victory":true,"max_hp_per_floor":[80,80,80,80,80,80,80,80,80,80,80,80,80,80,80,80,80,80,80,80,80,80,80,80,80,80,80,80,80,80,80,80,80,80,80,80,80,80,80,80,80,80,80,80,84,84,88,88,88,88,88,88,88,88,88],"card_choices":[{"not_picked":["Pommel Strike","Perfected Strike","Disarm"],"picked":"SKIP","floor":1.0},{"not_picked":["Dual Wield","Uppercut"],"picked":"Inflame","floor":4.0},{"not_picked":["Warcry","Shrug It Off","Disarm"],"picked":"SKIP","floor":6.0},{"not_picked":["Pummel+1","Twin Strike+1"],"picked":"Carnage+1","floor":12.0},{"not_picked":["Limit Break","Offering"],"picked":"Demon Form","floor":16.0},{"not_picked":["Body Slam+1","Intimidate"],"picked":"Spot Weakness","floor":18.0},{"not_picked":["Dropkick+1","Pummel+1"],"picked":"Flex","floor":21.0},{"not_picked":["Pummel+1","Clash+1"],"picked":"Heavy Blade+1","floor":22.0},{"not_picked":["Clash+1","Armaments"],"picked":"Seeing Red","floor":24.0},{"not_picked":["Shrug It Off","Pommel Strike+1"],"picked":"Thunderclap+1","floor":27.0},{"not_picked":["Whirlwind+1","Pommel Strike+1","Armaments"],"picked":"SKIP","floor":29.0},{"not_picked":["Brutality","Bludgeon+1"],"picked":"Feed+1","floor":33.0},{"not_picked":["Thunderclap+1","Rage"],"picked":"Headbutt+1","floor":35.0},{"not_picked":["Body Slam+1","Sword Boomerang+1","Uppercut+1"],"picked":"SKIP","floor":37.0},{"not_picked":["Reckless Charge+1","Ghostly Armor+1"],"picked":"Heavy Blade+1","floor":39.0},{"not_picked":["Power Through","Perfected Strike+1"],"picked":"Flex","floor":41.0},{"not_picked":["Heavy Blade+1","Feel No Pain+1"],"picked":"Flame Barrier+1","floor":44.0},{"not_picked":["Armaments+1","Clothesline+1"],"picked":"Entrench+1","floor":45.0},{"not_picked":["Battle Trance+1","Feed+1"],"picked":"Headbutt+1","floor":46.0},{"not_picked":["Iron Wave+1","Hemokinesis+1","Battle Trance"],"picked":"SKIP","floor":47.0},{"not_picked":["Inflame","Anger+1"],"picked":"Bloodletting","floor":54.0}],"player_experience":23209,"relics_obtained":[{"floor":5.0,"key":"Anchor"},{"floor":6.0,"key":"Molten Egg 2"},{"floor":9.0,"key":"Bronze Scales"},{"floor":24.0,"key":"Pen Nib"},{"floor":26.0,"key":"Red Skull"},{"floor":27.0,"key":"Incense Burner"},{"floor":27.0,"key":"Sundial"},{"floor":41.0,"key":"Pantograph"},{"floor":44.0,"key":"Regal Pillow"},{"floor":54.0,"key":"Centennial Puzzle"}],"event_choices":[{"damage_healed":0.0,"max_hp_gain":0.0,"max_hp_loss":0.0,"gold_gain":0.0,"event_name":"Golden Idol","player_choice":"Take Damage","floor":2.0,"gold_loss":0.0,"damage_taken":20.0,"relics_obtained":["Golden Idol"]},{"cards_removed":["Strike_R"],"damage_healed":0.0,"max_hp_gain":0.0,"max_hp_loss":0.0,"gold_gain":0.0,"event_name":"Golden Wing","player_choice":"Card Removal","floor":3.0,"gold_loss":0.0,"damage_taken":7.0},{"damage_healed":0.0,"max_hp_gain":0.0,"max_hp_loss":0.0,"gold_gain":0.0,"event_name":"Dead Adventurer","player_choice":"Searched \u00271\u0027 times","floor":8.0,"gold_loss":0.0,"damage_taken":0.0},{"damage_healed":0.0,"max_hp_gain":0.0,"max_hp_loss":0.0,"gold_gain":75.0,"event_name":"World of Goop","player_choice":"Gather Gold","floor":14.0,"gold_loss":0.0,"damage_taken":11.0},{"cards_removed":["Defend_R"],"damage_healed":0.0,"max_hp_gain":0.0,"max_hp_loss":0.0,"gold_gain":0.0,"event_name":"Purifier","player_choice":"Purged","floor":20.0,"gold_loss":0.0,"damage_taken":0.0},{"damage_healed":0.0,"max_hp_gain":0.0,"max_hp_loss":0.0,"gold_gain":0.0,"event_name":"Colosseum","player_choice":"Fight","floor":27.0,"gold_loss":0.0,"damage_taken":0.0},{"damage_healed":0.0,"max_hp_gain":0.0,"max_hp_loss":0.0,"gold_gain":0.0,"event_name":"Colosseum","player_choice":"Fought Nobs","floor":27.0,"gold_loss":0.0,"damage_taken":0.0},{"damage_healed":0.0,"max_hp_gain":0.0,"max_hp_loss":0.0,"gold_gain":0.0,"event_name":"Beggar","player_choice":"Ignored","floor":30.0,"gold_loss":0.0,"damage_taken":0.0},{"damage_healed":0.0,"max_hp_gain":0.0,"max_hp_loss":0.0,"gold_gain":333.0,"event_name":"The Moai Head","player_choice":"Gave Idol","floor":36.0,"relics_lost":["Golden Idol"],"gold_loss":0.0,"damage_taken":0.0},{"damage_healed":0.0,"max_hp_gain":0.0,"max_hp_loss":0.0,"gold_gain":0.0,"event_name":"The Woman in Blue","player_choice":"Bought 2 Potions","floor":38.0,"gold_loss":0.0,"damage_taken":0.0}],"is_beta":false,"boss_relics":[{"not_picked":["Velvet Choker","Ectoplasm"],"picked":"Runic Cube"},{"not_picked":["Tiny House","Runic Dome"],"picked":"Astrolabe"}],"items_purged_floors":[31,48],"is_endless":false,"potions_floor_spawned":[12,21,24,27,29,41,44,46],"ascension_level":1}}