{"host":"kth2ngi076kd734g","time":1613207679,"event":{"mods":["BaseMod","Colored Map","Filter the Spire","Minty Spire (QoL Compilation)","Relic Stats"],"gold_per_floor":[118,136,211,223,223,258,273,273,296,296,319,338,358,374,374,477,477,487,487,501,501,501],"floor_reached":21,"language":"ENG","playtime":1663,"items_purged":[],"score":238,"play_id":"71b64044-be7b-4aad-850f-b4b2bbd2e568","local_time":"20210213101439","is_ascension_mode":true,"campfire_choices":[{"floor":8,"key":"REST"},{"floor":15,"key":"REST"}],"circlet_count":0,"master_deck":["Zap","Dualcast+1","Chill","Stack","Consume","Tempest+1","Blizzard","Creative AI","Meteor Strike","Streamline","Hologram","Turbo","White Noise","Storm","Hologram","Coolheaded","Cold Snap","Seek","Reinforced Body","Necronomicurse","Leap+1"],"relics":["Pandora\u0027s Box","Art of War","Pen Nib","Ancient Tea Set","Velvet Choker","Necronomicon"],"acts_visited":["Exordium","TheCity"],"potions_floor_usage":[7,16,16,18,21],"damage_taken":[{"damage":5.0,"enemies":"2 Louse","floor":1.0,"turns":2.0},{"damage":19.0,"enemies":"Jaw Worm","floor":2.0,"turns":4.0},{"damage":4.0,"enemies":"Small Slimes","floor":4.0,"turns":2.0},{"damage":21.0,"enemies":"3 Sentries","floor":6.0,"turns":6.0},{"damage":0,"enemies":"Looter","floor":7,"turns":3},{"damage":0,"enemies":"Blue Slaver","floor":12,"turns":2},{"damage":0,"enemies":"3 Louse","floor":13,"turns":2},{"damage":4,"enemies":"Red Slaver","floor":14,"turns":3},{"damage":19,"enemies":"Slime Boss","floor":16,"turns":6},{"damage":0,"enemies":"Spheric Guardian","floor":18,"turns":3},{"damage":18,"enemies":"2 Thieves","floor":20,"turns":3},{"damage":27,"enemies":"Masked Bandits","floor":21,"turns":4}],"seed_played":"1212736732740210655","potions_obtained":[{"floor":1.0,"key":"SkillPotion"},{"floor":6.0,"key":"SpeedPotion"},{"floor":7,"key":"Dexterity Potion"},{"floor":14,"key":"Dexterity Potion"},{"floor":16,"key":"Energy Potion"}],"is_trial":false,"path_per_floor":["M","M","?","M","?","E","M","R","T","?","T","M","M","M","R","B",null,"M","?","M","?"],"character_chosen":"DEFECT","items_purchased":[],"campfire_rested":2,"item_purchase_floors":[],"current_hp_per_floor":[63,44,33,29,22,1,1,23,23,8,8,8,8,4,26,7,58,58,42,24,0,0],"gold":501,"neow_bonus":"BOSS_RELIC","is_daily":false,"chose_seed":false,"campfire_upgraded":0,"win_rate":0.0,"timestamp":1613207679,"path_taken":["M","M","?","M","?","E","M","R","T","?","?","M","M","M","R","BOSS","M","?","M","?"],"items_purchased_type":[],"build_version":"2020-12-22","purchased_purges":0,"victory":false,"max_hp_per_floor":[75,75,75,75,75,75,75,75,75,75,75,75,75,75,75,75,75,75,75,75,75,75],"relic_stats":{"counters":[12,40],"Pandora\u0027s Box":["Chill","Stack","Consume","Tempest","Blizzard","Creative AI","Meteor Strike","Streamline"],"Pen Nib":[1],"Art of War":[13],"Necronomicon":[1],"obtain_stats":[{"Velvet Choker":17,"Pandora\u0027s Box":0,"Pen Nib":6,"Art of War":5,"Necronomicon":19,"Cracked Core":0,"Ancient Tea Set":11},{"Velvet Choker":9,"Pandora\u0027s Box":0,"Pen Nib":4,"Art of War":3,"Necronomicon":10,"Cracked Core":0,"Ancient Tea Set":5},{"Velvet Choker":30,"Pandora\u0027s Box":0,"Pen Nib":14,"Art of War":8,"Necronomicon":33,"Cracked Core":0,"Ancient Tea Set":17}]},"card_choices":[{"not_picked":["Chaos","Stack"],"picked":"Hologram","floor":1.0},{"not_picked":["Ball Lightning","Barrage"],"picked":"Turbo","floor":2.0},{"not_picked":["Barrage","Beam Cell"],"picked":"White Noise","floor":4.0},{"not_picked":["Stack","Beam Cell"],"picked":"Storm","floor":6.0},{"not_picked":["Rebound","Gash"],"picked":"Hologram","floor":7},{"not_picked":["Hyperbeam","Lockon"],"picked":"Coolheaded","floor":12},{"not_picked":["Redo","Fusion","Ball Lightning"],"picked":"SKIP","floor":13},{"not_picked":["Gash","Beam Cell"],"picked":"Cold Snap","floor":14},{"not_picked":["Meteor Strike","Creative AI"],"picked":"Seek","floor":16},{"not_picked":["Steam","Stack"],"picked":"Reinforced Body","floor":18},{"not_picked":["Force Field","Hologram"],"picked":"Leap+1","floor":20}],"player_experience":700966,"relics_obtained":[{"floor":6.0,"key":"Pen Nib"},{"floor":11,"key":"Ancient Tea Set"},{"floor":19,"key":"Necronomicon"}],"event_choices":[{"damage_healed":0.0,"max_hp_gain":0.0,"max_hp_loss":0.0,"gold_gain":75.0,"event_name":"World of Goop","player_choice":"Gather Gold","floor":3.0,"gold_loss":0.0,"damage_taken":11.0},{"damage_healed":0.0,"max_hp_gain":0.0,"max_hp_loss":0.0,"gold_gain":0.0,"event_name":"Scrap Ooze","player_choice":"Success","floor":5.0,"gold_loss":0.0,"damage_taken":7.0,"relics_obtained":["Art of War"]},{"damage_healed":0,"gold_gain":0,"player_choice":"Entered Light","damage_taken":15,"max_hp_gain":0,"max_hp_loss":0,"event_name":"Shining Light","floor":10,"gold_loss":0,"cards_upgraded":["Tempest","Dualcast"]},{"damage_healed":0,"gold_gain":0,"player_choice":"Obtained Book","damage_taken":16,"max_hp_gain":0,"max_hp_loss":0,"event_name":"Cursed Tome","floor":19,"gold_loss":0},{"damage_healed":0,"gold_gain":0,"player_choice":"Fought Bandits","damage_taken":0,"max_hp_gain":0,"max_hp_loss":0,"event_name":"Masked Bandits","floor":21,"gold_loss":0}],"is_beta":false,"boss_relics":[{"not_picked":["Tiny House","Empty Cage"],"picked":"Velvet Choker"}],"items_purged_floors":[],"is_endless":false,"potions_floor_spawned":[1,6,7,14,16],"killed_by":"Masked Bandits","ascension_level":6}}