{"host":"m4pe905ae9bldoe7","time":1613234934,"event":{"mods":["BaseMod","Bestiary","Block Reminder","Downfall","Minty Spire (QoL Compilation)","StSLib"],"gold_per_floor":[109,109,119,136,136,136,166,166,166,194,238,266,191,17,17,103,103,114,133,142,17,17,17,17,17],"floor_reached":24,"language":"ENG","playtime":1263,"items_purged":["Strike_R","Defend_R","Strike_R"],"score":359,"play_id":"db6e6bc2-e5e2-4625-8449-df720fb02505","local_time":"20210213174854","is_ascension_mode":true,"campfire_choices":[{"floor":6,"key":"REST"},{"floor":8,"key":"REST"},{"data":"Spot Weakness","floor":15,"key":"SMITH"},{"data":"J.A.X.","floor":23,"key":"SMITH"}],"circlet_count":0,"master_deck":["AscendersBane","Strike_R","Strike_R","Defend_R","Defend_R","Defend_R","Bash","Headbutt","Iron Wave","Reaper","Spot Weakness+1","Dual Wield","Thunderclap","Rupture","Reaper","J.A.X.+1"],"relics":["Burning Blood","StoneCalendar","Orichalcum","CeramicFish","Boot","Black Star"],"acts_visited":["Exordium","TheCity"],"potions_floor_usage":[11,16,24,24],"damage_taken":[{"damage":6,"enemies":"Jaw Worm","floor":1,"turns":5},{"damage":6,"enemies":"Cultist","floor":3,"turns":3},{"damage":0,"enemies":"2 Louse","floor":4,"turns":5},{"damage":1,"enemies":"Exordium Wildlife","floor":10,"turns":5},{"damage":37,"enemies":"3 Sentries","floor":11,"turns":7},{"damage":6,"enemies":"3 Louse","floor":12,"turns":6},{"damage":63,"enemies":"The Guardian","floor":16,"turns":10},{"damage":30,"enemies":"3 Byrds","floor":18,"turns":4},{"damage":41,"enemies":"Chosen","floor":19,"turns":6},{"damage":58,"enemies":"Gremlin Leader","floor":24,"turns":4}],"seed_played":"-1604605986152332333","potions_obtained":[{"floor":3,"key":"Fire Potion"},{"floor":4,"key":"GamblersBrew"},{"floor":11,"key":"bronze:BurnAndBuffPotion"},{"floor":16,"key":"bronze:BurnAndBuffPotion"}],"is_trial":false,"path_per_floor":["M","?","M","M","?","R","?","R","T","M","E","M","$","$","R","B",null,"M","M","?","$","?","R","E"],"character_chosen":"IRONCLAD","items_purchased":["Rupture"],"campfire_rested":2,"item_purchase_floors":[14],"current_hp_per_floor":[50,50,50,56,11,33,33,55,55,64,33,50,50,50,50,20,61,51,37,37,37,37,37,0,0],"gold":17,"neow_bonus":"ONE_RARE_RELIC","is_daily":false,"chose_seed":false,"campfire_upgraded":2,"win_rate":0.0,"timestamp":1613234934,"path_taken":["M","?","M","?","?","R","?","R","T","M","E","M","?","$","R","BOSS","M","M","?","$","?","R","E"],"items_purchased_type":["Card"],"build_version":"2020-12-22","purchased_purges":3,"victory":false,"max_hp_per_floor":[75,75,75,75,75,75,75,75,75,75,75,75,75,75,75,75,75,75,75,75,75,75,75,75,75],"card_choices":[{"not_picked":["Iron Wave","Wild Strike"],"picked":"Headbutt","floor":1},{"not_picked":["Heavy Blade","Clothesline"],"picked":"Iron Wave","floor":3},{"not_picked":["Inflame","Perfected Strike"],"picked":"Reaper","floor":4},{"not_picked":["Rampage","Iron Wave"],"picked":"Spot Weakness","floor":10},{"not_picked":["Juggernaut","Hemokinesis"],"picked":"Dual Wield","floor":11},{"not_picked":["Carnage","Headbutt"],"picked":"Thunderclap","floor":12},{"not_picked":["Berserk","Brutality"],"picked":"Reaper","floor":16},{"not_picked":["Reckless Charge","Power Through","Dark Embrace"],"picked":"SKIP","floor":18},{"not_picked":["Iron Wave","Anger","Warcry"],"picked":"SKIP","floor":19}],"player_experience":583544,"relics_obtained":[{"floor":9,"key":"CeramicFish"},{"floor":11,"key":"Boot"}],"event_choices":[{"cards_removed":["Strike_R"],"damage_healed":0,"gold_gain":0,"player_choice":"Offered Basic","damage_taken":0,"max_hp_gain":0,"max_hp_loss":0,"event_name":"Bonfire Elementals","floor":2,"gold_loss":0},{"damage_healed":0,"gold_gain":0,"player_choice":"Success","damage_taken":45,"relics_obtained":["Orichalcum"],"max_hp_gain":0,"max_hp_loss":0,"event_name":"Scrap Ooze","floor":5,"gold_loss":0},{"damage_healed":0,"gold_gain":30,"player_choice":"Searched \u00271\u0027 times","damage_taken":0,"max_hp_gain":0,"max_hp_loss":0,"event_name":"Dead Adventurer","floor":7,"gold_loss":0},{"damage_healed":0,"gold_gain":0,"player_choice":"Obtain J.A.X.","damage_taken":0,"max_hp_gain":0,"max_hp_loss":0,"event_name":"Drug Dealer","floor":20,"gold_loss":0,"cards_obtained":["J.A.X."]}],"is_beta":false,"boss_relics":[{"not_picked":["Ectoplasm","Pandora\u0027s Box"],"picked":"Black Star"}],"items_purged_floors":[13,14,21],"is_endless":false,"potions_floor_spawned":[3,4,11,12,16,18,19],"killed_by":"Gremlin Leader","ascension_level":17}}