{"host":"p6y17sixyu8q9v1f","time":1613208633,"event":{"mods":["BaseMod","Colored Map","Minty Spire (QoL Compilation)"],"gold_per_floor":[119,138,150,150,150,180,180,180,180,180,243,255,154,167,167,167,167],"floor_reached":16,"language":"ENG","playtime":463,"items_purged":["Bash"],"score":133,"play_id":"54e4d928-934f-4ef0-bd21-c41e97cb6bff","local_time":"20210213033033","is_ascension_mode":true,"campfire_choices":[{"data":"Inflame","floor":7,"key":"SMITH"},{"floor":15,"key":"REST"}],"circlet_count":0,"master_deck":["Strike_R","Strike_R","Strike_R+1","Strike_R+1","Strike_R","Defend_R","Defend_R","Defend_R","Anger","Perfected Strike+1","Inflame+1","Pommel Strike","Iron Wave","Wild Strike","Twin Strike","Armaments"],"relics":["Burning Blood","NeowsBlessing","Calipers","Ginger","SsserpentHead"],"acts_visited":["Exordium"],"potions_floor_usage":[12,16,16],"damage_taken":[{"damage":0,"enemies":"Cultist","floor":1,"turns":1},{"damage":0,"enemies":"2 Louse","floor":2,"turns":1},{"damage":0,"enemies":"Jaw Worm","floor":3,"turns":1},{"damage":30,"enemies":"Lagavulin","floor":6,"turns":7},{"damage":12,"enemies":"2 Fungi Beasts","floor":11,"turns":2},{"damage":0,"enemies":"3 Louse","floor":12,"turns":1},{"damage":16,"enemies":"Lots of Slimes","floor":14,"turns":3},{"damage":52,"enemies":"The Guardian","floor":16,"turns":10}],"seed_played":"-8559678043971624256","potions_obtained":[{"floor":2,"key":"Strength Potion"},{"floor":6,"key":"Energy Potion"},{"floor":14,"key":"Strength Potion"}],"is_trial":false,"path_per_floor":["M","M","M","?","?","E","R","?","T","?","M","M","$","M","R","B"],"character_chosen":"IRONCLAD","items_purchased":["Twin Strike"],"campfire_rested":1,"item_purchase_floors":[13],"current_hp_per_floor":[78,80,80,80,73,49,49,33,33,33,27,33,33,23,47,0,0],"gold":167,"neow_bonus":"THREE_ENEMY_KILL","is_daily":false,"chose_seed":false,"campfire_upgraded":1,"win_rate":0.0,"timestamp":1613208633,"path_taken":["M","M","?","?","?","E","R","?","T","?","?","M","$","M","R","BOSS"],"items_purchased_type":["Card"],"build_version":"2020-12-22","purchased_purges":1,"victory":false,"max_hp_per_floor":[80,80,80,80,80,80,80,80,80,80,80,80,80,80,80,80,80],"card_choices":[{"not_picked":["True Grit","Sever Soul"],"picked":"Anger","floor":1},{"not_picked":["Heavy Blade","Entrench"],"picked":"Perfected Strike","floor":2},{"not_picked":["Searing Blow","Pummel"],"picked":"Inflame","floor":3},{"not_picked":["Feel No Pain","Shrug It Off"],"picked":"Pommel Strike","floor":6},{"not_picked":["Inflame","Havoc"],"picked":"Iron Wave","floor":11},{"not_picked":["Combust","Whirlwind"],"picked":"Wild Strike","floor":12},{"not_picked":["Warcry","Hemokinesis"],"picked":"Armaments","floor":14}],"player_experience":1092224,"relics_obtained":[{"floor":6,"key":"Calipers"},{"floor":9,"key":"Ginger"}],"event_choices":[{"damage_healed":0,"gold_gain":0,"player_choice":"Grow","damage_taken":0,"max_hp_gain":0,"max_hp_loss":0,"event_name":"Living Wall","floor":4,"gold_loss":0,"cards_upgraded":["Perfected Strike"]},{"cards_removed":["Defend_R"],"damage_healed":0,"gold_gain":0,"player_choice":"Card Removal","damage_taken":7,"max_hp_gain":0,"max_hp_loss":0,"event_name":"Golden Wing","floor":5,"gold_loss":0},{"damage_healed":0,"gold_gain":0,"player_choice":"Entered Light","damage_taken":16,"max_hp_gain":0,"max_hp_loss":0,"event_name":"Shining Light","floor":8,"gold_loss":0,"cards_upgraded":["Strike_R","Strike_R"]},{"damage_healed":0,"gold_gain":0,"player_choice":"Trade","damage_taken":0,"relics_obtained":["SsserpentHead"],"max_hp_gain":0,"max_hp_loss":0,"event_name":"FaceTrader","floor":10,"gold_loss":0}],"is_beta":false,"boss_relics":[],"items_purged_floors":[13],"is_endless":false,"potions_floor_spawned":[2,6,14],"killed_by":"The Guardian","ascension_level":6}}