{"host":"ve5hox67eka4rdnb","time":1613221994,"event":{"mods":["ATMod(∞¢Ë™Mod)","AchievementEnabler","Act Like it!","BaseMod","Downfall","Gensokyo","Hermit","Lobotomy","LobotomyExtend","Marisa£®ÏF”Í°°ƒß¿Ì…≥£©","Minty Spire (QoL Compilation)","Quick Restart","Remilia£®¿Ÿ√◊¿Ú—«£©","Replay The Spire","Shop Mod","StSLib"],"gold_per_floor":[120,130,130,146,160,191,32,67,67,98,116,128,142,167,167,264,264,276,276,296,313,325,325,336,336,336],"floor_reached":25,"language":"ZHS","playtime":1491,"items_purged":["SpecialBullet"],"score":303,"play_id":"c87ce920-bdc1-4b0e-a7f2-fb58db48230e","local_time":"20210213211314","is_ascension_mode":true,"campfire_choices":[],"circlet_count":0,"master_deck":["QueenOfHatred","SpecialBullet","SpecialBullet","SpecialBullet","SpecialBullet","SpecialBullet","SpecialBullet","InformationCode","SecurityCode","ControlCode","AT_WindFlip","Beak","OSAHOGD","Moonlight","VoidDream","Logging","Enlightenment","MeatLantern","LaLuna","GoldRush","Yin","SpiderBud"],"relics":["CogitoBucket","AT_ATBox","LetterFromLob","Bag of Preparation","Happy Flower","AT_TimeSand","LuminousBracelet","InTheNameOfLoveAndHate_r","ScarletDevilRocket","Calling Bell","Pen Nib","Shuriken","Incense Burner","BackwardClock","Replay:Bottled Steam"],"acts_visited":["Exordium","TheCity"],"potions_floor_usage":[12,12,16],"damage_taken":[{"damage":0.0,"enemies":"Small Slimes","floor":1.0,"turns":2.0},{"damage":11.0,"enemies":"Jaw Worm","floor":2.0,"turns":2.0},{"damage":0.0,"enemies":"Cultist","floor":4.0,"turns":3.0},{"damage":13.0,"enemies":"Blue Slaver","floor":5.0,"turns":3.0},{"damage":0.0,"enemies":"Lagavulin","floor":6.0,"turns":7.0},{"damage":9.0,"enemies":"3 Sentries","floor":8.0,"turns":3.0},{"damage":0.0,"enemies":"Lagavulin","floor":10.0,"turns":5.0},{"damage":0,"enemies":"Red Slaver","floor":11,"turns":1},{"damage":7,"enemies":"Exordium Thugs","floor":12,"turns":6},{"damage":0,"enemies":"Large Slime","floor":13,"turns":3},{"damage":3,"enemies":"3 Sentries","floor":14,"turns":4},{"damage":6,"enemies":"Fading Forest","floor":16,"turns":11},{"damage":5,"enemies":"2 Thieves","floor":18,"turns":3},{"damage":0,"enemies":"3 Byrds","floor":20,"turns":4},{"damage":4,"enemies":"Centurion and Healer","floor":21,"turns":3},{"damage":4,"enemies":"Shelled Parasite and Fungi","floor":22,"turns":6},{"damage":0,"enemies":"Snake Plant","floor":24,"turns":3},{"damage":0,"enemies":"Slavers","floor":25,"turns":2}],"seed_played":"713250653126409302","potions_obtained":[{"floor":4.0,"key":"LiquidBronze"},{"floor":5.0,"key":"EssenceOfSteel"},{"floor":8.0,"key":"AttackPotion"},{"floor":12,"key":"Slimebound:ThreeZeroPotion"},{"floor":14,"key":"Dexterity Potion"},{"floor":16,"key":"Milkshake"},{"floor":18,"key":"Swift Potion"},{"floor":20,"key":"ColorlessPotion"},{"floor":24,"key":"Adrenaline Potion"}],"is_trial":false,"path_per_floor":["M","M","?","M","M","E","$","E","T","E","M","M","M","E","R","B",null,"M","T","M","M","M","R","M","E"],"character_chosen":"Angela","items_purchased":["Enlightenment"],"campfire_rested":0,"item_purchase_floors":[7],"current_hp_per_floor":[70,67,67,70,65,70,70,70,70,70,85,85,85,85,85,75,75,75,75,75,65,65,65,65,0,0],"gold":336,"neow_bonus":"RANDOM_EVENT","is_daily":false,"chose_seed":false,"campfire_upgraded":0,"win_rate":0.0,"timestamp":1613221994,"path_taken":["M","M","?","M","M","E","$","E","T","E","M","?","M","E","R","BOSS","M","?","M","?","M","R","M","E"],"items_purchased_type":["Card"],"build_version":"2020-12-22","purchased_purges":1,"victory":false,"max_hp_per_floor":[70,70,70,70,70,70,70,70,70,70,85,85,85,85,85,75,75,75,75,75,65,65,65,65,65,65],"card_choices":[{"not_picked":["Loneliness","Beak"],"picked":"SKIP","floor":1.0},{"not_picked":["FairyFestival","GreedKing"],"picked":"OSAHOGD","floor":2.0},{"not_picked":["CUTE"],"picked":"Moonlight","floor":2.0},{"not_picked":["Amita","Beak"],"picked":"SKIP","floor":4.0},{"not_picked":["LittlePrince","CherryBlossoms"],"picked":"VoidDream","floor":5.0},{"not_picked":["Diffraction","GrinderMk4"],"picked":"SKIP","floor":5.0},{"not_picked":["WallGazer","SpiderBud"],"picked":"QueenOfHatred","floor":6.0},{"not_picked":["Penitence"],"picked":"Logging","floor":6.0},{"not_picked":["Murderer","FairyFestival"],"picked":"MeatLantern","floor":8.0},{"not_picked":["Beak","Tough"],"picked":"SKIP","floor":8.0},{"not_picked":["RapturousDream","TodaysExpression"],"picked":"SKIP","floor":10},{"not_picked":["Regret_ego","CherryBlossom"],"picked":"SKIP","floor":11},{"not_picked":["Scorched","SpiderBud"],"picked":"DespairKnight","floor":12},{"not_picked":["Soda","Pleasure"],"picked":"SKIP","floor":12},{"not_picked":["SomewhereSpear","Loneliness"],"picked":"SKIP","floor":13},{"not_picked":["FeatherOfHonor","GrinderMk4"],"picked":"SKIP","floor":14},{"not_picked":["Bloodbath","CherryBlossoms"],"picked":"LaLuna","floor":16},{"not_picked":["Mimicry"],"picked":"GoldRush","floor":16},{"not_picked":["LittlePrince","Scorched"],"picked":"Yin","floor":18},{"not_picked":["Laetitia_ego","BlueScar"],"picked":"SKIP","floor":18},{"not_picked":["Regret_ego","TodaysExpression"],"picked":"SKIP","floor":20},{"not_picked":["GrinderMk4","Harmony+1"],"picked":"SKIP","floor":21},{"not_picked":["Loneliness+1","Soda"],"picked":"SKIP","floor":22},{"not_picked":["MHz","NakedNest"],"picked":"SpiderBud","floor":24},{"not_picked":["CUTE","Loneliness"],"picked":"SKIP","floor":24}],"player_experience":216233,"relics_obtained":[{"floor":1.0,"key":"LetterFromLob"},{"floor":6.0,"key":"Bag of Preparation"},{"floor":8.0,"key":"Happy Flower"},{"floor":10,"key":"AT_TimeSand"},{"floor":14,"key":"ScarletDevilRocket"},{"floor":17,"key":"Pen Nib"},{"floor":17,"key":"Shuriken"},{"floor":17,"key":"Incense Burner"},{"floor":19,"key":"Replay:Bottled Steam"}],"event_choices":[{"damage_healed":0.0,"max_hp_gain":0.0,"max_hp_loss":0.0,"gold_gain":0.0,"cards_transformed":["SpecialBullet"],"event_name":"Living Wall","player_choice":"Change","floor":0.0,"gold_loss":0.0,"damage_taken":0.0,"cards_obtained":["Beak"]},{"damage_healed":0.0,"max_hp_gain":0.0,"max_hp_loss":0.0,"gold_gain":0.0,"event_name":"Liars Game","player_choice":"Ignored","floor":3.0,"gold_loss":0.0,"damage_taken":0.0}],"is_beta":false,"boss_relics":[{"not_picked":["Ring of Chaos","Empty Cage"],"picked":"Calling Bell"}],"items_purged_floors":[7],"is_endless":false,"potions_floor_spawned":[4,5,8,12,14,16,18,20,24],"killed_by":"Slavers","ascension_level":1}}