{"host":"tetq3wi5anb97imq","time":1613179620,"event":{"mods":["BaseMod","Block Reminder","Minty Spire (QoL Compilation)","Quick Restart","StSLib","SuperFastMode"],"gold_per_floor":[111,111,130,205,170,201,220,220,220,248,248,263,280,26,26,97,97,111,123,92,92,103,137,137,163,212,212,240,255,255,270,270,270,270],"floor_reached":33,"language":"ENG","playtime":594,"items_purged":[],"score":780,"play_id":"88e338da-ffa3-40de-9896-62db64bfc580","local_time":"20210212232700","is_ascension_mode":true,"campfire_choices":[{"data":"Terror","floor":8.0,"key":"SMITH"},{"data":"Neutralize","floor":11.0,"key":"SMITH"},{"data":"Cloak And Dagger","floor":15.0,"key":"SMITH"},{"data":"All Out Attack","floor":24.0,"key":"SMITH"},{"floor":30.0,"key":"REST"},{"data":"Glass Knife","floor":32.0,"key":"SMITH"}],"circlet_count":0,"master_deck":["AscendersBane","Strike_G+1","Strike_G+1","Strike_G+1","Strike_G+1","Defend_G+1","Defend_G+1","Defend_G+1","Defend_G+1","Defend_G+1","Survivor","Neutralize+1","Dagger Spray","Slice","Terror+1","Sucker Punch","Dodge and Roll","Blade Dance","Cloak And Dagger+1","Glass Knife+1","Blade Dance","Backstab","All Out Attack+1","Dagger Throw+1","Slice","Decay","PiercingWail","Bane","Blade Dance+1"],"relics":["Ring of the Snake","NeowsBlessing","The Courier","White Beast Statue","Lizard Tail","Vajra","Centennial Puzzle","Cursed Key","WingedGreaves","Ancient Tea Set","Pen Nib"],"acts_visited":["Exordium","TheCity"],"potions_floor_usage":[],"damage_taken":[{"damage":0.0,"enemies":"Jaw Worm","floor":1.0,"turns":1.0},{"damage":0.0,"enemies":"Cultist","floor":3.0,"turns":1.0},{"damage":0.0,"enemies":"Gremlin Nob","floor":6.0,"turns":1.0},{"damage":0.0,"enemies":"Small Slimes","floor":7.0,"turns":2.0},{"damage":24.0,"enemies":"3 Sentries","floor":10.0,"turns":8.0},{"damage":4.0,"enemies":"Blue Slaver","floor":12.0,"turns":4.0},{"damage":7.0,"enemies":"Exordium Wildlife","floor":13.0,"turns":3.0},{"damage":15.0,"enemies":"Slime Boss","floor":16.0,"turns":5.0},{"damage":8.0,"enemies":"Shell Parasite","floor":18.0,"turns":4.0},{"damage":8.0,"enemies":"2 Thieves","floor":19.0,"turns":2.0},{"damage":0.0,"enemies":"Cultist and Chosen","floor":22.0,"turns":5.0},{"damage":0.0,"enemies":"Gremlin Leader","floor":23.0,"turns":5.0},{"damage":15.0,"enemies":"Book of Stabbing","floor":25.0,"turns":3.0},{"damage":0.0,"enemies":"Gremlin Leader","floor":28.0,"turns":4.0},{"damage":16.0,"enemies":"Snake Plant","floor":29.0,"turns":3.0},{"damage":0.0,"enemies":"Shelled Parasite and Fungi","floor":31.0,"turns":1.0},{"damage":0,"enemies":"Automaton","floor":33,"turns":1}],"seed_played":"-3766009142396277268","potions_obtained":[{"floor":3.0,"key":"Swift Potion"},{"floor":10.0,"key":"GhostInAJar"},{"floor":12.0,"key":"AttackPotion"},{"floor":13.0,"key":"SteroidPotion"},{"floor":16.0,"key":"Explosive Potion"},{"floor":19.0,"key":"EntropicBrew"},{"floor":25.0,"key":"Poison Potion"},{"floor":28.0,"key":"Poison Potion"},{"floor":29.0,"key":"SteroidPotion"},{"floor":31.0,"key":"Dexterity Potion"}],"is_trial":false,"path_per_floor":["M","?","M","?","?","E","M","R","T","E","R","M","M","$","R","B",null,"M","M","$","?","M","E","R","E","T","?","E","M","R","M","R","B"],"character_chosen":"THE_SILENT","items_purchased":["Vajra","Centennial Puzzle","All Out Attack"],"campfire_rested":1,"item_purchase_floors":[14,14,20],"current_hp_per_floor":[59,59,59,48,64,64,64,64,64,40,40,36,29,29,29,14,53,45,37,37,37,37,37,37,22,22,22,22,6,25,25,25,25,25],"gold":270,"neow_bonus":"THREE_ENEMY_KILL","is_daily":false,"chose_seed":false,"campfire_upgraded":5,"win_rate":0.0,"timestamp":1613179620,"path_taken":["M","?","?","?","?","E","M","R","T","E","R","M","?","$","R","BOSS","M","M","$","?","M","E","R","E","T","?","E","?","R","?","R","BOSS"],"items_purchased_type":["Relic","Relic","Card"],"build_version":"2020-12-22","purchased_purges":0,"victory":false,"max_hp_per_floor":[66,66,66,66,66,66,66,66,66,66,66,66,66,66,66,66,66,66,66,66,66,66,66,66,66,66,66,66,66,66,66,66,66,66],"card_choices":[{"not_picked":["Endless Agony","Bane"],"picked":"Dagger Spray","floor":1.0},{"not_picked":["Catalyst","Tactician"],"picked":"Slice","floor":3.0},{"not_picked":["Dodge and Roll","Leg Sweep"],"picked":"Terror","floor":6.0},{"not_picked":["Accuracy","Dagger Spray"],"picked":"Sucker Punch","floor":7.0},{"not_picked":["Caltrops","Tactician"],"picked":"Dodge and Roll","floor":10.0},{"not_picked":["Skewer","Slice"],"picked":"Blade Dance","floor":12.0},{"not_picked":["Endless Agony","Catalyst"],"picked":"Cloak And Dagger","floor":13.0},{"not_picked":["Night Terror","Grand Finale"],"picked":"Glass Knife","floor":16.0},{"not_picked":["Dagger Spray","Flying Knee"],"picked":"Blade Dance","floor":18.0},{"not_picked":["Prepared","Slice"],"picked":"Backstab","floor":19.0},{"not_picked":["Corpse Explosion","Dagger Spray"],"picked":"Dagger Throw+1","floor":22.0},{"not_picked":["Caltrops","Deadly Poison"],"picked":"Slice","floor":23.0},{"not_picked":["Dagger Spray","Terror","Reflex+1"],"picked":"SKIP","floor":25.0},{"not_picked":["Deadly Poison","Outmaneuver"],"picked":"PiercingWail","floor":28.0},{"not_picked":["Dagger Throw","Dodge and Roll"],"picked":"Bane","floor":29.0},{"not_picked":["Flying Knee","Dodge and Roll"],"picked":"Blade Dance+1","floor":31.0}],"player_experience":1669218,"relics_obtained":[{"floor":6.0,"key":"The Courier"},{"floor":9.0,"key":"White Beast Statue"},{"floor":10.0,"key":"Lizard Tail"},{"floor":23.0,"key":"WingedGreaves"},{"floor":25.0,"key":"Ancient Tea Set"},{"floor":28.0,"key":"Pen Nib"}],"event_choices":[{"cards_removed":["Strike_G"],"damage_healed":0.0,"max_hp_gain":0.0,"max_hp_loss":0.0,"gold_gain":0.0,"event_name":"Purifier","player_choice":"Purged","floor":2.0,"gold_loss":0.0,"damage_taken":0.0},{"damage_healed":0.0,"max_hp_gain":0.0,"max_hp_loss":0.0,"gold_gain":75.0,"event_name":"World of Goop","player_choice":"Gather Gold","floor":4.0,"gold_loss":0.0,"damage_taken":11.0},{"damage_healed":16.0,"max_hp_gain":0.0,"max_hp_loss":0.0,"gold_gain":0.0,"event_name":"The Cleric","player_choice":"Healed","floor":5.0,"gold_loss":35.0,"damage_taken":0.0},{"damage_healed":0.0,"max_hp_gain":0.0,"max_hp_loss":0.0,"gold_gain":0.0,"event_name":"Back to Basics","player_choice":"Simplicity","floor":21.0,"gold_loss":0.0,"damage_taken":0.0,"cards_upgraded":["Strike_G","Strike_G","Strike_G","Strike_G","Defend_G","Defend_G","Defend_G","Defend_G","Defend_G"]},{"damage_healed":0.0,"max_hp_gain":0.0,"max_hp_loss":0.0,"gold_gain":0.0,"event_name":"Match and Keep!","player_choice":"0 cards matched","floor":27.0,"gold_loss":0.0,"damage_taken":0.0,"cards_obtained":[]}],"is_beta":false,"boss_relics":[{"not_picked":["Ring of the Serpent","Tiny House"],"picked":"Cursed Key"}],"items_purged_floors":[],"is_endless":false,"potions_floor_spawned":[3,10,12,13,16,18,19,22,23,25,28,29,31],"killed_by":"Automaton","ascension_level":20}}