{"host":"u0qetpmu4y58k1tf","time":1613247973,"event":{"mods":["100% Spire Juice","AchievementEnabler","Act Like it!","BaseMod","CapriCore","Colored Map","Colored Powertips","Hermit","Koishi","Marisa£¨Ùöéë¡¡Øª×âÞÞ£©","Minty Spire (QoL Compilation)","Quick Restart","Reliquary","Replay The Spire","StSLib","Td1madao Mod","The Bug Knight","The Cursed","The Gatherer","The Hierophant","The Immortal","The Jungle","The Runesmith","WarShipGirlsR/??á´Ò³R mod"],"gold_per_floor":[110,35,52,68,68,100,119,394,444,444,49,60,60,79,79,184,184,198,198,198,213,299,324,334,364,442,442,317,317,344,354,354,456,456,470,523,548,558,85,114,134,160,208,208,234,234,59,70,70,70,70,70,18,48,48],"floor_reached":56,"language":"KOR","playtime":2401,"items_purged":["rmod:strick","Regret","Shame","hermit:ImpendingDoom","Overencumbered"],"score":1493,"play_id":"a923214b-a6b8-493c-a277-3bab8bd4cf3b","local_time":"20210214052613","is_ascension_mode":false,"campfire_choices":[{"data":"rmod:aluminumsupply","floor":10,"key":"SMITH"},{"data":"rmod:aviationdawn","floor":13,"key":"SMITH"},{"data":"rmod:robin","floor":15,"key":"SMITH"},{"floor":32,"key":"REST"},{"floor":46,"key":"RECALL"},{"floor":49,"key":"REST"},{"data":"Shame","floor":52,"key":"PURGE"}],"circlet_count":0,"master_deck":["rmod:strick","rmod:strick","rmod:strick","rmod:defend+1","rmod:defend+1","rmod:defend","rmod:defend","rmod:basicallowance","rmod:maingunfire","rmod:mineteam+1","rmod:aluminumsupply+1","rmod:aviationdawn+1","rmod:robin+1","rmod:seals","CurseOfTheBell","rmod:unsinkable+1","rmod:circuitoustactics+1","rmod:aviationdawn","rmod:steelsupply+1","rmod:maintain+1","rmod:advancebysurprise+1","rmod:circuitoustactics+1","rmod:unsinkable+1","rmod:sl+1","rmod:expeditionaryescort","Clumsy","rmod:aviationdawn+1","rmod:stealaluminum","rmod:robin+1","rmod:aluminumsupply+1","rmod:guardianhero+1","ReplayTheSpireMod:Private Reserves+1"],"relics":["rmod:firstchargereward","NeowsBlessing","ReplayTheSpireMod:Ninjato","reliquary:ExpiredCoupon","rmod:equipmentrecovery","Calling Bell","Gremlin Food","Onion Ring","Runesmith:Locket","theJungle:SneckoAutograph","Toy Ornithopter","Bronze Scales","Mercury Hourglass","theJungle:PaperFaux","ReplayTheSpireMod:Lightbulb","Toxic Egg 2","ReplayTheSpireMod:TigerMarble","Replay:Ancient Bell","reliquary:Boomerang","Quantum Egg","Peace Pipe","Replay:Towering Pillar of Hats","reliquary:PorcupineQuills","reliquary:NewFriend","Boot","Replay:Bottled Flurry","Blood Vial","Replay:Bottled Snecko"],"acts_visited":["Exordium","Exordium","TheBeyond","TheEnding"],"potions_floor_usage":[16,18,18,36,40,50,55,55,55],"damage_taken":[{"damage":0,"enemies":"Cultist","floor":1,"turns":1},{"damage":0,"enemies":"2 Louse","floor":3,"turns":1},{"damage":0,"enemies":"Jaw Worm","floor":4,"turns":1},{"damage":15,"enemies":"Lagavulin","floor":6,"turns":7},{"damage":2,"enemies":"Exordium Thugs","floor":7,"turns":4},{"damage":6,"enemies":"Blue Slaver","floor":12,"turns":2},{"damage":13,"enemies":"2 Fungi Beasts","floor":14,"turns":3},{"damage":22,"enemies":"Fading Forest","floor":16,"turns":11},{"damage":6,"enemies":"Shell Parasite","floor":18,"turns":3},{"damage":3,"enemies":"theJungle:MUSHROOMGANG","floor":21,"turns":4},{"damage":10,"enemies":"theJungle:Cassacara","floor":23,"turns":4},{"damage":10,"enemies":"theJungle:Snecko_Cultist_And_Trap","floor":24,"turns":3},{"damage":0,"enemies":"theJungle:MamaSnecko","floor":25,"turns":3},{"damage":6,"enemies":"theJungle:Cassacara","floor":30,"turns":4},{"damage":0,"enemies":"theJungle:JungleHuntersEncounter","floor":31,"turns":2},{"damage":0,"enemies":"theJungle:QueenSpyder","floor":33,"turns":4},{"damage":10,"enemies":"3 Shapes","floor":35,"turns":2},{"damage":5,"enemies":"2 Orb Walkers","floor":36,"turns":3},{"damage":0,"enemies":"Orb Walker","floor":38,"turns":2},{"damage":3,"enemies":"Giant Head","floor":40,"turns":5},{"damage":7,"enemies":"Spire Growth","floor":41,"turns":3},{"damage":6,"enemies":"Reptomancer","floor":42,"turns":2},{"damage":0,"enemies":"HollowMod:StalkingDevout","floor":45,"turns":2},{"damage":12,"enemies":"4 Shapes","floor":48,"turns":1},{"damage":21,"enemies":"Time Eater","floor":50,"turns":4},{"damage":0,"enemies":"Shield and Spear","floor":54,"turns":2},{"damage":43,"enemies":"The Heart","floor":55,"turns":5}],"seed_played":"-603773992976019884","potions_obtained":[{"floor":4,"key":"Adrenaline Potion"},{"floor":6,"key":"Strength Potion"},{"floor":14,"key":"AttackPotion"},{"floor":16,"key":"Adrenaline Potion"},{"floor":23,"key":"Swift Potion"},{"floor":31,"key":"AttackPotion"},{"floor":40,"key":"Strength Potion"},{"floor":41,"key":"Venom Potion"},{"floor":48,"key":"Elixir"},{"floor":54,"key":"Energy Potion"}],"is_trial":false,"path_per_floor":["M","$","M","M","?","E","M","?","T","R","$","M","R","M","R","B",null,"M","?","?","M","?","E","M","E","T","?","$","T","E","M","R","B",null,"M","?","T","M","$","E","M","E","T","?","E","R","$","M","R","B",null,"R","$","E","B",null],"character_chosen":"PRAEFECT","items_purchased":["rmod:aviationdawn","rmod:equipmentrecovery","rmod:robin+1","reliquary:NewFriend","Strength Potion"],"campfire_rested":2,"item_purchase_floors":[11,11,39,39,53],"current_hp_per_floor":[75,75,75,75,75,60,58,58,58,58,58,52,52,39,39,17,75,69,75,75,72,54,44,34,34,34,34,34,34,28,28,50,50,75,65,65,65,65,65,67,60,54,54,54,54,54,54,44,66,52,75,75,75,75,42],"gold":48,"neow_bonus":"THREE_ENEMY_KILL","is_daily":false,"chose_seed":false,"campfire_upgraded":3,"win_rate":0.0,"timestamp":1613247973,"path_taken":["M","$","M","?","?","E","M","?","T","R","$","?","R","M","R","BOSS","M","?","?","M","?","E","?","E","T","?","$","?","E","M","R","BOSS","M","?","?","M","$","E","M","E","T","?","E","R","?","M","R","BOSS","R","$","E","BOSS"],"items_purchased_type":["Card","Relic","Card","Relic","Potion"],"build_version":"2020-12-22","purchased_purges":5,"victory":true,"max_hp_per_floor":[75,75,75,75,75,75,75,75,75,75,75,75,75,75,75,75,75,75,75,75,75,75,75,75,75,75,75,75,75,75,75,75,75,75,75,75,75,75,75,75,75,75,75,75,75,75,75,75,75,75,75,75,75,75,75],"card_choices":[{"not_picked":["rmod:luckystar","rmod:fuelsupply","rmod:unsinkable"],"picked":"SKIP","floor":1},{"not_picked":["rmod:tearstotiara","rmod:bulid","rmod:goodsister"],"picked":"SKIP","floor":3},{"not_picked":["rmod:victimresponsibility","rmod:fletcherpendant"],"picked":"rmod:mineteam","floor":4},{"not_picked":["rmod:maintain","rmod:mineteam"],"picked":"rmod:aluminumsupply","floor":6},{"not_picked":["rmod:ammunitionsupply","rmod:diamondstrike","rmod:combined"],"picked":"SKIP","floor":7},{"not_picked":["rmod:advancebysurprise","rmod:steelsupply"],"picked":"rmod:robin","floor":12},{"not_picked":["rmod:bulid","rmod:ammunitionsupply","rmod:unsinkable"],"picked":"SKIP","floor":14},{"not_picked":["rmod:saltedfish","rmod:u235"],"picked":"rmod:seals","floor":16},{"not_picked":["rmod:luckystar","rmod:rockthrower+1"],"picked":"rmod:unsinkable+1","floor":18},{"not_picked":["rmod:steelsupply","rmod:firesupport"],"picked":"rmod:circuitoustactics+1","floor":21},{"not_picked":["rmod:circuitoustactics","rmod:ammunitionsupply"],"picked":"rmod:aviationdawn","floor":22},{"not_picked":["rmod:luckystar+1","rmod:fuelsupply"],"picked":"rmod:steelsupply+1","floor":22},{"not_picked":["rmod:circuitoustactics","rmod:salvage"],"picked":"rmod:maintain+1","floor":22},{"not_picked":["rmod:windflower","rmod:robin+1"],"picked":"rmod:advancebysurprise+1","floor":23},{"not_picked":["rmod:aluminumsupply+1","rmod:goodfighter"],"picked":"rmod:circuitoustactics+1","floor":24},{"not_picked":["rmod:firesupport+1","rmod:unsinkable","rmod:intelligenceanalysis"],"picked":"SKIP","floor":25},{"not_picked":["rmod:slowdown+1","rmod:tearstotiara"],"picked":"rmod:unsinkable+1","floor":30},{"not_picked":["rmod:fuelsupply+1","rmod:maintain+1"],"picked":"rmod:sl+1","floor":31},{"not_picked":["rmod:desperatesituation","rmod:saltedfish+1"],"picked":"rmod:expeditionaryescort","floor":33},{"not_picked":["ReplayTheSpireMod:IOU","Sickly"],"picked":"Clumsy","floor":34},{"not_picked":["ReplayTheSpireMod:Faulty Equipment","Doubt"],"picked":"hermit:ImpendingDoom","floor":34},{"not_picked":["Parasite","Languid"],"picked":"Overencumbered","floor":34},{"not_picked":["rmod:launchingtorpedo","rmod:tearstotiara"],"picked":"rmod:aviationdawn+1","floor":35},{"not_picked":["rmod:shuttlebombing+1","rmod:smokecover+1"],"picked":"rmod:stealaluminum","floor":36},{"not_picked":["rmod:gendarmerie+1","rmod:victimresponsibility+1","rmod:diamondstrike"],"picked":"SKIP","floor":38},{"not_picked":["rmod:tearstotiara+1","rmod:circuitoustactics+1"],"picked":"rmod:aluminumsupply+1","floor":40},{"not_picked":["rmod:steelsupply+1","rmod:goodfighter","rmod:ammunitionsupply+1"],"picked":"SKIP","floor":41},{"not_picked":["rmod:victimresponsibility+1","rmod:combined"],"picked":"rmod:guardianhero+1","floor":42},{"not_picked":["Good Instincts+1","Survey Options+1"],"picked":"ReplayTheSpireMod:Private Reserves+1","floor":44},{"not_picked":["rmod:gendarmerie+1","rmod:fletcherpendant+1","rmod:steelsupply+1"],"picked":"SKIP","floor":45},{"not_picked":["rmod:luckystar","rmod:aviationdawn+1","rmod:stealaluminum"],"picked":"SKIP","floor":48},{"not_picked":["rmod:firesupport+1","rmod:combined","rmod:intelligenceanalysis+1"],"picked":"SKIP","floor":54}],"player_experience":125800,"relics_obtained":[{"floor":6,"key":"ReplayTheSpireMod:Ninjato"},{"floor":9,"key":"reliquary:ExpiredCoupon"},{"floor":17,"key":"Gremlin Food"},{"floor":17,"key":"Onion Ring"},{"floor":17,"key":"Runesmith:Locket"},{"floor":23,"key":"Toy Ornithopter"},{"floor":25,"key":"Bronze Scales"},{"floor":26,"key":"Mercury Hourglass"},{"floor":29,"key":"Toxic Egg 2"},{"floor":30,"key":"ReplayTheSpireMod:TigerMarble"},{"floor":36,"key":"Replay:Towering Pillar of Hats"},{"floor":37,"key":"reliquary:PorcupineQuills"},{"floor":40,"key":"Boot"},{"floor":42,"key":"Replay:Bottled Flurry"},{"floor":45,"key":"Blood Vial"},{"floor":54,"key":"Replay:Bottled Snecko"}],"event_choices":[{"damage_healed":0,"gold_gain":275,"player_choice":"Desecrate","damage_taken":0,"max_hp_gain":0,"max_hp_loss":0,"event_name":"Golden Shrine","floor":8,"gold_loss":0,"cards_obtained":["Regret"]},{"damage_healed":0,"gold_gain":0,"player_choice":"Fight","damage_taken":0,"max_hp_gain":0,"max_hp_loss":0,"event_name":"Mysterious Sphere","floor":36,"gold_loss":0},{"damage_healed":0,"gold_gain":0,"player_choice":"Memory 1","damage_taken":0,"max_hp_gain":0,"max_hp_loss":0,"event_name":"SensoryStone","floor":44,"gold_loss":0}],"is_beta":false,"boss_relics":[{"not_picked":["SlaversCollar","reliquary:Craggleroot"],"picked":"Calling Bell"},{"not_picked":["Tiny House","reliquary:WritOfMandamus"],"picked":"Replay:Ancient Bell"},{"not_picked":["Centennial Puzzle","MealTicket"],"picked":"reliquary:Boomerang"},{"not_picked":["Divine Protection","Golden Egg"],"picked":"Quantum Egg"},{"not_picked":["Replay:Kaleidoscope","Unceasing Top"],"picked":"Peace Pipe"}],"items_purged_floors":[2,11,28,39,47],"is_endless":false,"potions_floor_spawned":[4,6,14,16,23,31,40,41,48,54],"ascension_level":0}}