{"host":"w8xisjf5mgmfjvmt","time":1613197528,"event":{"mods":["ATMod(°¢èªMod)","BaseMod","BetterRewards","Challenge The Spire","Conspire","Energized Spire","Filter the Spire","Minty Spire (QoL Compilation)","Quarter Circle Forward PUNCH!","Quick Restart","Relic Filter Mod","Relic Stats","Reliquary","Replay The Spire","Say the Spire","Shop Mod","Spicy Shops","StSLib","Thieving Mod","¡¾ÒÅÎï¿¨ÅÆ¡¿REMEMod","óô»ðÖ¸ÄÏ"],"gold_per_floor":[17,17,28,42,61,88,2,12,12,12,12,38,57,88,88,167,167,182,201,201,3,21,51,51,80,80,80,94,113,146,71,71,147,147,163,163,241,166,186,186,221,221,247,247,273,293,325,325,325,375,425,425,425,18,100,125],"floor_reached":57,"language":"ZHS","playtime":3390,"items_purged":["Riddle With Holes","Backstab"],"score":3286,"play_id":"7318240e-9f45-40d5-b86c-0aba9d683700","local_time":"20210213142528","is_ascension_mode":true,"campfire_choices":[{"data":"AT_ArcaneSupremacy","floor":11.0,"key":"SMITH"},{"floor":15.0,"key":"REST"},{"data":"Footwork","floor":24.0,"key":"SMITH"},{"data":"After Image","floor":24.0,"key":"SMITH"},{"data":"Adrenaline","floor":27.0,"key":"SMITH"},{"data":"AT_FamilyPortrait","floor":27.0,"key":"SMITH"},{"data":"Tactician","floor":32.0,"key":"SMITH"},{"data":"Footwork","floor":32.0,"key":"SMITH"},{"data":"Bullet Time","floor":40.0,"key":"SMITH"},{"data":"Terror","floor":40.0,"key":"SMITH"},{"data":"Phantasmal Killer","floor":42.0,"key":"SMITH"},{"data":"Outmaneuver","floor":42.0,"key":"SMITH"},{"data":"Neutralize","floor":44.0,"key":"SMITH"},{"data":"conspire:DoublingDagger","floor":44.0,"key":"SMITH"},{"floor":49.0,"key":"RECALL"},{"data":"REME_ShadowForm","floor":53.0,"key":"SMITH"},{"data":"AT_ShadowStep","floor":53.0,"key":"SMITH"}],"circlet_count":0,"master_deck":["AscendersBane","Survivor","Neutralize+1","AT_FamilyPortrait+1","Core Surge","Cloak And Dagger","Outmaneuver+1","Reflex","Backflip","AT_ArcaneSupremacy+1","Blade Dance","Backflip","After Image+1","Blade Dance","Adrenaline+1","Corpse Explosion+1","Footwork+1","Phantasmal Killer+1","AT_TinkerSharpsword","conspire:DoublingDagger+1","Replay:Poison Smokescreen","Outmaneuver","REME_CopyPotion","Tactician+1","Escape Plan","Acrobatics","Footwork+1","Cloak And Dagger","Acrobatics","Deflect","Backflip","Cloak And Dagger","AT_ShadowStep+1","Bullet Time+1","Blur","Terror+1","Well Laid Plans+1","REME_ShadowForm+1","PiercingWail","REME_ShadowForm"],"relics":["Ring of the Snake","REME_ComplimentaryCards","AT_ATBox","Turnip","Prayer Wheel","reliquary:WeakTea","Regal Pillow","Lantern","Matryoshka","reliquary:PartyBalloon","Pandora\u0027s Box","Replay:Arrowhead","Snake Skull","reliquary:BallBearing","Bag of Marbles","AT_BladeRuinedKing","reliquary:Stiletto","Sozu","AT_ArcaneBoots","Iron Hammer","Paper Crane","Centennial Puzzle","AT_MibuBalloonWealth","Prayer Wheel","Mirror","reliquary:Bookmark","Prayer Wheel","qcfpunch:Wild_Herbs_Ointment"],"acts_visited":["Exordium","TheCity","TheBeyond","TheEnding"],"potions_floor_usage":[56],"damage_taken":[{"damage":2.0,"enemies":"Jaw Worm","floor":1.0,"turns":2.0},{"damage":2.0,"enemies":"Cultist","floor":3.0,"turns":4.0},{"damage":0.0,"enemies":"2 Louse","floor":4.0,"turns":1.0},{"damage":0.0,"enemies":"Exordium Wildlife","floor":5.0,"turns":4.0},{"damage":6.0,"enemies":"Gremlin Nob","floor":6.0,"turns":3.0},{"damage":0.0,"enemies":"3 Louse","floor":8.0,"turns":3.0},{"damage":5.0,"enemies":"3 Sentries","floor":12.0,"turns":4.0},{"damage":0.0,"enemies":"Looter","floor":13.0,"turns":2.0},{"damage":41.0,"enemies":"Gremlin Nob","floor":14.0,"turns":4.0},{"damage":13.0,"enemies":"Fading Forest","floor":16.0,"turns":13.0},{"damage":15.0,"enemies":"Shell Parasite","floor":18.0,"turns":4.0},{"damage":0.0,"enemies":"3 Byrds","floor":19.0,"turns":3.0},{"damage":10.0,"enemies":"3 Cultists","floor":22.0,"turns":5.0},{"damage":4.0,"enemies":"conspire:Head Lice","floor":23.0,"turns":8.0},{"damage":6.0,"enemies":"Book of Stabbing","floor":25.0,"turns":4.0},{"damage":0.0,"enemies":"Centurion and Healer","floor":28.0,"turns":6.0},{"damage":0.0,"enemies":"Chosen and Byrds","floor":29.0,"turns":4.0},{"damage":17.0,"enemies":"Slavers","floor":30.0,"turns":3.0},{"damage":0.0,"enemies":"conspire:MysteriousRune","floor":33.0,"turns":4.0},{"damage":0.0,"enemies":"3 Shapes","floor":35.0,"turns":4.0},{"damage":0.0,"enemies":"3 Darklings","floor":39.0,"turns":3.0},{"damage":0.0,"enemies":"Reptomancer","floor":41.0,"turns":3.0},{"damage":2.0,"enemies":"Giant Head","floor":45.0,"turns":7.0},{"damage":0.0,"enemies":"Sphere and 2 Shapes","floor":46.0,"turns":3.0},{"damage":0.0,"enemies":"R_Hoarder","floor":47.0,"turns":3.0},{"damage":9.0,"enemies":"Donu and Deca","floor":50.0,"turns":5.0},{"damage":13.0,"enemies":"conspire:OrnateMirror","floor":51.0,"turns":5.0},{"damage":0,"enemies":"Shield and Spear","floor":55,"turns":6},{"damage":4,"enemies":"The Heart","floor":56,"turns":7}],"seed_played":"-7736349161998588713","potions_obtained":[{"floor":1.0,"key":"DistilledChaos"},{"floor":3.0,"key":"Explosive Potion"},{"floor":4.0,"key":"Strength Potion"},{"floor":14.0,"key":"Dexterity Potion"},{"floor":19.0,"key":"ColorlessPotion"},{"floor":33.0,"key":"AttackPotion"}],"is_trial":false,"path_per_floor":["M","?","M","M","M","E","?","M","T","$","R","E","M","E","R","B",null,"M","M","?","$","M","E","R","E","T","R","M","M","E","?","R","B",null,"M","?","T","$","M","R","E","R","T","R","E","M","E","?","R","B","B",null,"R","$","E","B",null],"character_chosen":"THE_SILENT","items_purchased":["Replay:Arrowhead","Cloak And Dagger","Mirror","reliquary:Bookmark"],"campfire_rested":1,"item_purchase_floors":[21,21,54,54],"current_hp_per_floor":[57,57,55,55,55,49,49,49,49,49,49,44,44,3,37,24,56,43,43,39,39,29,25,25,19,19,19,19,35,18,18,18,18,56,56,56,56,56,56,56,56,56,56,56,56,56,56,56,56,47,34,61,61,61,61,57],"gold":125,"neow_bonus":"ONE_RARE_RELIC","is_daily":false,"chose_seed":false,"campfire_upgraded":15,"win_rate":0.0,"timestamp":1613197528,"path_taken":["M","?","M","M","?","E","?","M","T","?","R","E","M","E","R","BOSS","M","M","?","$","M","E","R","E","T","R","M","M","E","?","R","BOSS","M","?","?","$","M","R","E","R","T","R","E","M","E","?","R","BOSS","BOSS","R","$","E","BOSS"],"items_purchased_type":["Relic","Card","Relic","Relic"],"build_version":"2020-12-22","purchased_purges":2,"victory":true,"max_hp_per_floor":[66,66,66,66,66,66,66,66,66,66,66,66,66,66,66,66,66,68,68,68,68,68,68,68,68,68,68,68,68,68,68,68,68,68,68,68,68,68,68,68,68,68,68,68,70,70,70,70,70,70,70,70,70,70,70,70],"relic_stats":{"Sozu":3,"Regal Pillow":15,"Centennial Puzzle":[9],"counters":[29,127],"Prayer Wheel":13,"Pandora\u0027s Box":["Footwork","Phantasmal Killer","AT_TinkerSharpsword","conspire:DoublingDagger","Replay:Poison Smokescreen","Outmaneuver","Poisoned Stab","Riddle With Holes","REME_CopyPotion","Tactician"],"Turnip":[11],"Snake Skull":[35],"obtain_stats":[{"Regal Pillow":7,"Lantern":9,"AT_ATBox":0,"reliquary:PartyBalloon":14,"AT_MibuBalloonWealth":47,"Snake Skull":23,"AT_ArcaneBoots":51,"qcfpunch:Wild_Herbs_Ointment":55,"Sozu":34,"Centennial Puzzle":45,"Matryoshka":12,"Prayer Wheel":3,"Iron Hammer":37,"Ring of the Snake":0,"AT_BladeRuinedKing":26,"reliquary:WeakTea":6,"Paper Crane":41,"Replay:Arrowhead":21,"reliquary:Bookmark":54,"AT_SpeedBoots":37,"Pandora\u0027s Box":17,"Turnip":0,"reliquary:BallBearing":25,"reliquary:Stiletto":30,"Bag of Marbles":26,"Mirror":54,"REME_ComplimentaryCards":0},{"Regal Pillow":5,"Lantern":6,"AT_ATBox":0,"reliquary:PartyBalloon":9,"AT_MibuBalloonWealth":25,"Snake Skull":14,"AT_ArcaneBoots":27,"qcfpunch:Wild_Herbs_Ointment":28,"Sozu":19,"Centennial Puzzle":23,"Matryoshka":7,"Prayer Wheel":2,"Iron Hammer":20,"Ring of the Snake":0,"AT_BladeRuinedKing":15,"reliquary:WeakTea":5,"Paper Crane":22,"Replay:Arrowhead":12,"reliquary:Bookmark":27,"AT_SpeedBoots":20,"Pandora\u0027s Box":10,"Turnip":0,"reliquary:BallBearing":15,"reliquary:Stiletto":18,"Bag of Marbles":15,"Mirror":27,"REME_ComplimentaryCards":0},{"Regal Pillow":14,"Lantern":17,"AT_ATBox":0,"reliquary:PartyBalloon":27,"AT_MibuBalloonWealth":104,"Snake Skull":60,"AT_ArcaneBoots":112,"qcfpunch:Wild_Herbs_Ointment":120,"Sozu":81,"Centennial Puzzle":98,"Matryoshka":21,"Prayer Wheel":3,"Iron Hammer":85,"Ring of the Snake":0,"AT_BladeRuinedKing":64,"reliquary:WeakTea":14,"Paper Crane":91,"Replay:Arrowhead":47,"reliquary:Bookmark":114,"AT_SpeedBoots":85,"Pandora\u0027s Box":40,"Turnip":0,"reliquary:BallBearing":64,"reliquary:Stiletto":77,"Bag of Marbles":64,"Mirror":114,"REME_ComplimentaryCards":0}],"Ring of the Snake":[58]},"card_choices":[{"not_picked":["Bane","Prepared"],"picked":"Backstab","floor":1.0},{"not_picked":["Concentrate","ReplayTheSpireMod:Tripwire"],"picked":"Dagger Spray","floor":3.0},{"not_picked":["Hidden Blade","Dagger Spray"],"picked":"Cloak And Dagger","floor":3.0},{"not_picked":["Bane","Cloak And Dagger"],"picked":"Outmaneuver","floor":4.0},{"not_picked":["Dodge and Roll","Flying Knee"],"picked":"Reflex","floor":4.0},{"not_picked":["PiercingWail","ReplayTheSpireMod:Tripwire"],"picked":"Backflip","floor":5.0},{"not_picked":["Eviscerate","Infinite Blades"],"picked":"AT_ArcaneSupremacy","floor":5.0},{"not_picked":["PiercingWail","Bane"],"picked":"Blade Dance","floor":6.0},{"not_picked":["Dodge and Roll","Concentrate"],"picked":"Backflip","floor":8.0},{"not_picked":["REME_GrazeFinale","Cloak And Dagger","Prepared"],"picked":"SKIP","floor":8.0},{"not_picked":["Outmaneuver","Escape Plan"],"picked":"After Image","floor":12.0},{"not_picked":["Noxious Fumes","AT_ArcaneSupremacy"],"picked":"Blade Dance","floor":13.0},{"not_picked":["Heel Hook","Underhanded Strike","AT_WindFlip"],"picked":"SKIP","floor":13.0},{"not_picked":["Dash","Poisoned Stab"],"picked":"Adrenaline","floor":14.0},{"not_picked":["Night Terror","Bullet Time"],"picked":"Corpse Explosion","floor":16.0},{"not_picked":["Dagger Spray","AT_WindFlip"],"picked":"Escape Plan","floor":18.0},{"not_picked":["Deadly Poison","Blade Dance","Sucker Punch"],"picked":"SKIP","floor":18.0},{"not_picked":["Bane+1","Prepared"],"picked":"Acrobatics","floor":19.0},{"not_picked":["Prepared","AT_KneejerkReflex"],"picked":"Footwork","floor":19.0},{"not_picked":["Blade Dance","Quick Slash","Dagger Spray+1"],"picked":"SKIP","floor":22.0},{"not_picked":["Underhanded Strike","Catalyst","Dagger Throw"],"picked":"SKIP","floor":22.0},{"not_picked":["Blade Dance","Quick Slash","Dagger Spray+1"],"picked":"SKIP","floor":22.0},{"not_picked":["Underhanded Strike","Catalyst","Dagger Throw"],"picked":"SKIP","floor":22.0},{"not_picked":["Glass Knife","ReplayTheSpireMod:Exploit Weakness","Outmaneuver"],"picked":"SKIP","floor":23.0},{"not_picked":["Concentrate","Poisoned Stab"],"picked":"Acrobatics","floor":25.0},{"not_picked":["Dagger Spray","Underhanded Strike"],"picked":"Deflect","floor":28.0},{"not_picked":["Sucker Punch","Prepared"],"picked":"Backflip","floor":28.0},{"not_picked":["Concentrate","Replay:Poison Smokescreen"],"picked":"Cloak And Dagger","floor":29.0},{"not_picked":["Blade Dance","Flying Knee","Finisher"],"picked":"SKIP","floor":29.0},{"not_picked":["Predator","Setup"],"picked":"AT_ShadowStep","floor":30.0},{"not_picked":["REME_SpectralBlade","Wraith Form v2"],"picked":"Bullet Time","floor":33.0},{"not_picked":["Quick Slash","Choke+1"],"picked":"Blur","floor":35.0},{"not_picked":["Flying Knee","Quick Slash+1","Deflect"],"picked":"SKIP","floor":35.0},{"not_picked":["Replay:Poison Smokescreen","Quick Slash"],"picked":"Terror","floor":39.0},{"not_picked":["Dagger Throw+1","Dagger Spray","Slice"],"picked":"SKIP","floor":39.0},{"not_picked":["Die Die Die","Dagger Throw","Endless Agony"],"picked":"Well Laid Plans+1","floor":41.0},{"not_picked":["Dodge and Roll","AT_WindFlip"],"picked":"REME_ShadowForm","floor":45.0},{"not_picked":["Deadly Poison","Prepared"],"picked":"PiercingWail","floor":46.0},{"not_picked":["Flying Knee+1","conspire:PoisonWeapons","Slice"],"picked":"SKIP","floor":46.0},{"not_picked":["AT_FocusSwordFire","Dagger Spray+1","Toxin Wave"],"picked":"SKIP","floor":47.0},{"not_picked":["Outmaneuver","PiercingWail"],"picked":"REME_ShadowForm","floor":55}],"player_experience":1351995,"relics_obtained":[{"floor":6.0,"key":"reliquary:WeakTea"},{"floor":9.0,"key":"Lantern"},{"floor":12.0,"key":"Matryoshka"},{"floor":14.0,"key":"reliquary:PartyBalloon"},{"floor":23.0,"key":"Snake Skull"},{"floor":25.0,"key":"reliquary:BallBearing"},{"floor":26.0,"key":"Bag of Marbles"},{"floor":26.0,"key":"AT_BladeRuinedKing"},{"floor":30.0,"key":"reliquary:Stiletto"},{"floor":37.0,"key":"AT_SpeedBoots"},{"floor":37.0,"key":"Iron Hammer"},{"floor":41.0,"key":"Paper Crane"},{"floor":45.0,"key":"Centennial Puzzle"},{"floor":47.0,"key":"AT_MibuBalloonWealth"},{"floor":55,"key":"qcfpunch:Wild_Herbs_Ointment"}],"event_choices":[{"damage_healed":0.0,"max_hp_gain":0.0,"max_hp_loss":0.0,"gold_gain":0.0,"event_name":"Upgrade Shrine","player_choice":"Upgraded","floor":2.0,"gold_loss":0.0,"damage_taken":0.0,"cards_upgraded":["ReplayTheSpireMod:Fabricate Wheel"]},{"damage_healed":0.0,"max_hp_gain":0.0,"max_hp_loss":0.0,"gold_gain":0.0,"event_name":"WeMeetAgain","player_choice":"Paid Gold","floor":7.0,"gold_loss":86.0,"damage_taken":0.0,"relics_obtained":["Regal Pillow"]},{"damage_healed":0.0,"max_hp_gain":0.0,"max_hp_loss":0.0,"gold_gain":0.0,"event_name":"conspire:Investor","player_choice":"Leave","floor":20.0,"gold_loss":0.0,"damage_taken":0.0},{"cards_removed":["Poisoned Stab"],"damage_healed":0.0,"max_hp_gain":0.0,"max_hp_loss":0.0,"gold_gain":0.0,"event_name":"Beggar","player_choice":"Gave Gold","floor":31.0,"gold_loss":75.0,"damage_taken":0.0},{"damage_healed":0.0,"max_hp_gain":0.0,"max_hp_loss":0.0,"gold_gain":0.0,"event_name":"Tomb of Lord Red Mask","player_choice":"Ignored","floor":36.0,"gold_loss":0.0,"damage_taken":0.0},{"cards_removed":["Dagger Spray"],"damage_healed":0.0,"max_hp_gain":0.0,"max_hp_loss":0.0,"gold_gain":0.0,"event_name":"Falling","player_choice":"Removed Attack","floor":48.0,"gold_loss":0.0,"damage_taken":0.0}],"is_beta":false,"boss_relics":[{"not_picked":["qcfpunch:Dark_Gi","Painkiller Herb"],"picked":"Pandora\u0027s Box"},{"not_picked":["energizedSpire:DeadBattery","Honey Jar"],"picked":"Sozu"}],"items_purged_floors":[38,54],"is_endless":false,"potions_floor_spawned":[1,3,4,14,19,22,25,29,33,39,45,47],"ascension_level":20}}