{"host":"3e3mwsgb9gfqiuxm","time":1613194237,"event":{"mods":["Act Like it!","BaseMod","Colored Map","Colored Powertips","Downfall","Gensokyo","Hermit","Hubris","Infinite Spire","Jorbs\u0027s Wanderer Trilogy","Koishi","Marisa????????","Minty Spire (QoL Compilation)","Quick Restart","Rare Cards Sparkle","Reimu??????","Remilia??????","Replay The Spire","Shop Mod","StSLib","SuperFastMode","Td1madao Mod","The Animator","The Bug Knight","The Cursed","The Hierophant","The Servant 0.9.4","everything is the same but u backflip on backflip","slay the spire mod where everything is the same but ironclad has a cowboy hat"],"gold_per_floor":[99,99,99,114,127,142,174,208,256,134,134,180,180,210,210,245,283,406,406,406,448,488,488,488,488,488,368,368,184,184],"floor_reached":29,"language":"ENG","playtime":2552,"items_purged":["Strike_MRS","Strike_MRS"],"score":373,"play_id":"9000db3a-440a-4d0a-afc1-a967917449c0","local_time":"20210213003037","is_ascension_mode":true,"campfire_choices":[{"data":"MasterSpark","floor":3,"key":"SMITH"},{"data":"EscapeVelocity","floor":13,"key":"SMITH"},{"data":"WitchOfGreed","floor":15,"key":"SMITH"},{"data":"CasketOfStar","floor":20,"key":"SMITH"},{"data":"SprinkleStarSeal","floor":25,"key":"SMITH"}],"circlet_count":0,"master_deck":["Strike_MRS","Strike_MRS","Defend_MRS","Defend_MRS","Defend_MRS","Defend_MRS","MasterSpark+1","UpSweep","OortCloud","AlicesGift","DoubleSpark","WitchOfGreed+1","EscapeVelocity+1","ShootingEcho","GalacticHalo","GalacticHalo","MagicAbsorber","CasketOfStar+1","GrandCross+1","WitchLeyline","infinitespire:Oblivion+1","SprinkleStarSeal+1","EventHorizon","GrandCross","Acceleration","NonDirectionalLaser"],"relics":["MiniHakkero","Replay:Accelerometer","Pen Nib","Gensokyo:Justice","CrazyTorch:ReiMu","infinitespire:Lucky Rock","Ring of Chaos","hubris:TinFlute","Gensokyo:DemonMask","BargainBundle"],"acts_visited":["Gensokyo:Gensokyo","Gensokyo:Gensokyoer"],"potions_floor_usage":[7,12,14,17,18,22,22],"damage_taken":[{"damage":3,"enemies":"Gensokyo:Gryphon","floor":4,"turns":4},{"damage":0,"enemies":"Gensokyo:3_Fairies","floor":5,"turns":4},{"damage":1,"enemies":"Gensokyo:Python","floor":6,"turns":3},{"damage":0,"enemies":"Gensokyo:Cirno","floor":7,"turns":5},{"damage":8,"enemies":"Gensokyo:5_Fairies","floor":8,"turns":5},{"damage":0,"enemies":"downfall:FleeingMerchant","floor":10,"turns":4},{"damage":0,"enemies":"Gensokyo:Cirno","floor":12,"turns":5},{"damage":0,"enemies":"Gensokyo:Aya","floor":14,"turns":3},{"damage":4,"enemies":"Gensokyo:3_Kodama","floor":16,"turns":3},{"damage":2,"enemies":"Gensokyo:Gryphon_and_Rabbit","floor":17,"turns":3},{"damage":17,"enemies":"IC_STATUS_ARCHETYPE","floor":18,"turns":7},{"damage":0,"enemies":"Gensokyo:2_Gloops","floor":21,"turns":5},{"damage":14,"enemies":"Gensokyo:Chomper","floor":22,"turns":5},{"damage":2,"enemies":"downfall:FleeingMerchant","floor":29,"turns":4}],"seed_played":"-8807055822532509835","potions_obtained":[{"floor":6,"key":"AttackPotion"},{"floor":8,"key":"Block Potion"},{"floor":8,"key":"Dexterity Potion"},{"floor":10,"key":"ZuzhouPotion:ReiMu"},{"floor":12,"key":"ShroomBrew"},{"floor":14,"key":"LiquidMemories"},{"floor":16,"key":"infinitespire:BlackPotion"},{"floor":17,"key":"Fruit Juice"},{"floor":17,"key":"FearPotion"},{"floor":18,"key":"Strength Potion"},{"floor":29,"key":"DuplicationPotion"}],"is_trial":false,"path_per_floor":["R_BF","PTL","R","M","M","M","?","M","T","$","?","E","R","E","R","M","M","B",null,"R","M","M","?","?","R","T","?","?","$"],"character_chosen":"MARISA","items_purchased":["ShootingEcho","BargainBundle","EventHorizon","GrandCross","Acceleration","NonDirectionalLaser"],"campfire_rested":0,"item_purchase_floors":[10,29,29,29,29,29],"current_hp_per_floor":[75,75,75,72,72,71,71,63,63,63,63,63,63,63,63,59,62,45,80,80,80,66,46,46,46,46,46,46,44,44],"gold":184,"neow_bonus":"THREE_CARDS","is_daily":false,"chose_seed":false,"campfire_upgraded":5,"win_rate":0.0,"timestamp":1613194237,"path_taken":["R_BF","PTL","R","M","?","M","?","M","T","$","?","E","R","E","R","M","M","BOSS","R","M","M","?","?","R","T","?","?","$"],"items_purchased_type":["Card","Relic","Card","Card","Card","Card"],"build_version":"2020-12-22","purchased_purges":2,"victory":false,"max_hp_per_floor":[75,75,75,75,75,75,75,75,75,75,75,75,75,75,75,75,80,80,80,80,80,80,80,80,80,80,80,80,80,80],"card_choices":[{"not_picked":["Acceleration","IllusionStar"],"picked":"OortCloud","floor":0},{"not_picked":["6A","OneTimeOff"],"picked":"AlicesGift","floor":4},{"not_picked":["Acceleration","DoubleSpark"],"picked":"SuperPerseids","floor":5},{"not_picked":["Acceleration","MilkyWay"],"picked":"DoubleSpark","floor":6},{"not_picked":["Acceleration","NonDirectionalLaser"],"picked":"WitchOfGreed","floor":7},{"not_picked":["MilkyWay","UnstableBomb"],"picked":"EscapeVelocity","floor":8},{"not_picked":["NonDirectionalLaser","RefractionSpark","DC"],"picked":"SKIP","floor":10},{"not_picked":["6A","EventHorizon"],"picked":"GalacticHalo","floor":12},{"not_picked":["UnstableBomb","GravityBeat"],"picked":"GalacticHalo","floor":14},{"not_picked":["Acceleration","GrandCross","PowerUp"],"picked":"SKIP","floor":16},{"not_picked":["MachineGunSpark","MagicAbsorber","Occultation"],"picked":"SKIP","floor":17},{"not_picked":["MachineGunSpark","Occultation"],"picked":"MagicAbsorber","floor":17},{"not_picked":["FinalSpark","CollectingQuirk"],"picked":"CasketOfStar","floor":18},{"not_picked":["WitchOfGreed","PulseMagic"],"picked":"GrandCross+1","floor":21},{"not_picked":["GalacticHalo","Occultation"],"picked":"WitchLeyline","floor":22},{"not_picked":["hubris:Rewind","infinitespire:DeathsTouch"],"picked":"infinitespire:Oblivion","floor":23},{"not_picked":["IllusionStar","SatelliteIllusion","SporeBomb"],"picked":"SKIP","floor":29}],"player_experience":1379020,"relics_obtained":[{"floor":7,"key":"Replay:Accelerometer"},{"floor":9,"key":"Pen Nib"},{"floor":12,"key":"CrazyTorch:ReiMu"},{"floor":14,"key":"infinitespire:Lucky Rock"},{"floor":26,"key":"hubris:TinFlute"}],"event_choices":[],"is_beta":false,"boss_relics":[{"not_picked":["infinitespire:Cupcake","ReplayTheSpireMod:DimensionalGlitch"],"picked":"Ring of Chaos"}],"items_purged_floors":[10,29],"is_endless":false,"potions_floor_spawned":[6,8,12,14,17,21],"ascension_level":4}}