{"host":"i3w38rq1z4slkels","time":1613201505,"event":{"mods":["2.2 Compatiblity","Act Like it!","BaseMod","Better Match","Better Vampires","BetterRewards","Conspire","Downfall","Hallownest","Minty Spire (QoL Compilation)","Rare Cards Sparkle","Replay The Spire","StSLib","The Bug Knight"],"gold_per_floor":[99,99,99,99,132,32,57,57,57,57,90,104,4,0,20,121,121,121,140,154,154,139,139,139,159,159,186,206,106,124,34,54,54,54,54],"floor_reached":33,"language":"ENG","playtime":2106,"items_purged":["bronze:Strike"],"score":274,"play_id":"06d12b0e-85bc-4ab2-8fb7-be8c32e77c91","local_time":"20210213143145","is_ascension_mode":true,"campfire_choices":[{"floor":1,"key":"RECALL"},{"data":"bronze:Fortify","floor":6,"key":"SMITH"},{"data":"bronze:Flail","floor":10,"key":"SMITH"},{"data":"bronze:Optimize","floor":13,"key":"SMITH"},{"data":"bronze:AlphaBuild","floor":18,"key":"SMITH"},{"data":"bronze:Terminator","floor":23,"key":"SMITH"},{"data":"bronze:Separator","floor":26,"key":"SMITH"},{"data":"bronze:MaxOutput","floor":29,"key":"SMITH"}],"circlet_count":0,"master_deck":["bronze:Strike","bronze:Strike","bronze:Strike","bronze:Defend","bronze:Defend","bronze:Defend","bronze:Defend","bronze:Goto","bronze:Fortify+1","bronze:Flail+1","bronze:Optimize+1","bronze:Separator+1","bronze:AlphaBuild+1","bronze:Terminator+1","bronze:MaxOutput+1","bronze:ChildClass+1","bronze:ThunderWave"],"relics":["bronze:BronzeCore","downfall:HeartsMalice","Ice Cream","downfall:HeartBlessingRed","Ginger","downfall:HeartBlessingBlue","ChewingGum","Pet Ghost","Mercury Hourglass","downfall:HeartBlessingGreen"],"acts_visited":["Exordium","TheCity"],"potions_floor_usage":[22,27,30],"damage_taken":[{"damage":0,"enemies":"Jaw Worm","floor":2,"turns":1},{"damage":0,"enemies":"Small Slimes","floor":3,"turns":1},{"damage":0,"enemies":"Cultist","floor":4,"turns":1},{"damage":42,"enemies":"conspire:MimicChest","floor":5,"turns":7},{"damage":8,"enemies":"Gremlin Nob","floor":11,"turns":4},{"damage":1,"enemies":"2 Fungi Beasts","floor":12,"turns":3},{"damage":0,"enemies":"downfall:FleeingMerchant","floor":14,"turns":4},{"damage":12,"enemies":"Exordium Thugs","floor":15,"turns":4},{"damage":23,"enemies":"SI_SHIV_ARCHETYPE","floor":16,"turns":7},{"damage":0,"enemies":"Spheric Guardian","floor":19,"turns":3},{"damage":0,"enemies":"conspire:FuzzyDice","floor":20,"turns":4},{"damage":0,"enemies":"downfall:FleeingMerchant","floor":22,"turns":4},{"damage":25,"enemies":"Snecko","floor":25,"turns":5},{"damage":6,"enemies":"conspire:SneckoGhost","floor":27,"turns":8},{"damage":16,"enemies":"Snake Plant","floor":28,"turns":2},{"damage":4,"enemies":"Shelled Parasite and Fungi","floor":30,"turns":3},{"damage":10,"enemies":"downfall:FleeingMerchant","floor":31,"turns":4},{"damage":14,"enemies":"Centurion and Healer","floor":32,"turns":3},{"damage":20,"enemies":"DF_ARCHETYPE_CLAW","floor":33,"turns":5}],"seed_played":"-9146408018445298066","potions_obtained":[{"floor":5,"key":"bronze:CleanCodePotion"},{"floor":15,"key":"Venom Potion"},{"floor":16,"key":"Weak Potion"},{"floor":25,"key":"Weak Potion"},{"floor":27,"key":"Fire Potion"}],"is_trial":false,"path_per_floor":["R","M","M","M","?","R","T","?","?","R","E","M","R","$","M","B",null,"R","M","M","?","$","R","T","M","R","E","M","R","M","$","M","B"],"character_chosen":"THE_AUTOMATON","items_purchased":[],"campfire_rested":0,"item_purchase_floors":[],"current_hp_per_floor":[70,70,70,70,28,28,28,51,51,51,43,42,52,52,40,17,80,80,80,80,80,80,80,80,55,55,49,33,33,29,19,5,0,0,0],"gold":54,"neow_bonus":"THREE_ENEMY_KILL","is_daily":false,"chose_seed":false,"campfire_upgraded":7,"win_rate":0.0,"timestamp":1613201505,"path_taken":["R","M","M","M","?","R","T","?","?","R","E","?","R","$","M","BOSS","R","M","M","?","$","R","T","M","R","E","M","R","M","?","M","BOSS"],"items_purchased_type":[],"build_version":"2020-12-22","purchased_purges":1,"victory":false,"max_hp_per_floor":[70,70,70,70,70,70,70,70,70,70,70,70,80,80,80,80,80,80,80,80,80,80,80,80,80,80,80,80,80,80,80,80,80,80,80],"card_choices":[{"not_picked":["bronze:NullPointer","bronze:Shield","bronze:Constructor"],"picked":"SKIP","floor":2},{"not_picked":["bronze:Separator","bronze:BuggyMess"],"picked":"bronze:Fortify","floor":3},{"not_picked":["bronze:FineTuning","bronze:Overheat"],"picked":"bronze:Flail","floor":4},{"not_picked":["bronze:WildBeam","bronze:ForLoop","bronze:CloningBeam"],"picked":"SKIP","floor":11},{"not_picked":["bronze:BitShift","bronze:Shell"],"picked":"bronze:Optimize","floor":12},{"not_picked":["bronze:MaxOutput","bronze:Shield"],"picked":"bronze:Separator","floor":14},{"not_picked":["bronze:BuggyMess","bronze:FineTuning","bronze:Deprecate"],"picked":"SKIP","floor":15},{"not_picked":["bronze:RecursiveStrike","bronze:BurnOut"],"picked":"bronze:AlphaBuild","floor":16},{"not_picked":["bronze:WildBeam","bronze:Branch"],"picked":"bronze:Terminator","floor":19},{"not_picked":["bronze:DigitalCarnage","bronze:DelayedSlice"],"picked":"bronze:MaxOutput","floor":20},{"not_picked":["bronze:Iterate","bronze:CutThrough+1","bronze:BuggyMess"],"picked":"SKIP","floor":22},{"not_picked":["bronze:OilSpill","bronze:Overload"],"picked":"bronze:ChildClass+1","floor":25},{"not_picked":["bronze:OilSpill","bronze:WildBeam+1"],"picked":"bronze:ThunderWave","floor":27},{"not_picked":["bronze:WildBeam","bronze:Shield+1","bronze:Overheat"],"picked":"SKIP","floor":28},{"not_picked":["bronze:OilSpill","bronze:BuggyMess+1","bronze:Constructor"],"picked":"SKIP","floor":30},{"not_picked":["bronze:Optimize+1","bronze:BitShift","bronze:ChosenStrike"],"picked":"SKIP","floor":31},{"not_picked":["bronze:DelayedGuard","bronze:DelayedSlice","bronze:Invalidate"],"picked":"SKIP","floor":32}],"player_experience":488026,"relics_obtained":[{"floor":5,"key":"Ice Cream"},{"floor":11,"key":"Ginger"},{"floor":24,"key":"Pet Ghost"},{"floor":27,"key":"Mercury Hourglass"}],"event_choices":[{"damage_healed":23,"gold_gain":0,"player_choice":"Banana","damage_taken":0,"max_hp_gain":0,"max_hp_loss":0,"event_name":"Big Fish","floor":8,"gold_loss":0},{"cards_removed":["bronze:Replicate"],"damage_healed":0,"gold_gain":0,"player_choice":"Offered Basic","damage_taken":0,"max_hp_gain":0,"max_hp_loss":0,"event_name":"Bonfire Elementals","floor":21,"gold_loss":0}],"is_beta":false,"boss_relics":[{"not_picked":["Honey Jar","Busted Crown"],"picked":"ChewingGum"}],"items_purged_floors":[31],"is_endless":false,"potions_floor_spawned":[5,15,16,19,20,25,27],"killed_by":"DF_ARCHETYPE_CLAW","ascension_level":1}}