{"host":"2x189hkb4impm2gi","time":1613242027,"event":{"mods":["AchievementEnabler","BaseMod","Colored Map","Colored Powertips","Downfall","Minty Spire (QoL Compilation)","StSLib"],"gold_per_floor":[99,119,569,569,585,585,585,585,585,181,7,7,25,51,64,167,167,167,177,177,194,207,226,253,265,265,291,308,308,29,43,59,158,158,158,176,196,216,216,227,280,309,294,94,148,166,441,39,58,58],"floor_reached":51,"language":"ENG","playtime":4820,"items_purged":["downfall:Icky","downfall:Icky","Pain","Regret"],"score":926,"play_id":"25da92d1-b41d-4925-91b1-e4b0ef138a1c","local_time":"20210213134707","is_ascension_mode":false,"campfire_choices":[{"data":"Guardian:TwinSlam","floor":1,"key":"SMITH"},{"data":"Guardian:EvasiveProtocol","floor":6,"key":"SMITH"},{"data":"Guardian:CurlUp","floor":9,"key":"SMITH"},{"data":"Guardian:Repulse","floor":12,"key":"SMITH"},{"floor":18,"key":"RECALL"},{"data":"Guardian:BodySlam","floor":26,"key":"SMITH"},{"floor":29,"key":"REST"},{"data":"Guardian:BaubleBeam","floor":35,"key":"SMITH"},{"data":"Guardian:PiercingHide","floor":44,"key":"SMITH"}],"circlet_count":0,"master_deck":["Guardian:CurlUp+1","Guardian:TwinSlam+1","Guardian:RollAttack","Guardian:EvasiveProtocol+1","Guardian:Repulse+1","Guardian:CrystalBeam","Guardian:BodySlam+1","Guardian:ShieldSpikes","Guardian:BronzeArmor","Guardian:ChargeCore","expansioncontent:YouAreMine","Guardian:PrimingBeam+1","Guardian:PiercingHide+1","Guardian:RevengeProtocol","CurseOfTheBell","Guardian:ArmoredProtocol+1","Guardian:ExploitGems","Guardian:Harden","Guardian:WalkerClaw+1","Guardian:TimeBomb","Guardian:Orbwalk+1","Guardian:AncientConstruct","Guardian:VentSteam","Guardian:Preprogram","Guardian:Reroute","Guardian:BaubleBeam+1","Guardian:FastForward","Guardian:Emergency","Guardian:BronzeOrb+1","Guardian:Gem_Lightblue"],"relics":["bronze:MakeshiftBattery","InkBottle","Sundial","Membership Card","Mummified Hand","Ornamental Fan","Calling Bell","Potion Belt","The Courier","StoneCalendar","Nunchaku","Toy Ornithopter","Mercury Hourglass","TheAbacus","Lizard Tail","Pandora\u0027s Box","Smiling Mask","Singing Bowl","downfall:HeartBlessingRed","downfall:HeartBlessingGreen","Guardian:BottledStasis","Art of War","Boot","Ancient Tea Set","Vajra","Orichalcum","Pantograph","Pear","Meat on the Bone"],"acts_visited":["Exordium","TheCity","TheBeyond"],"potions_floor_usage":[16,23,27,27,33,33,38,40,50,50,50,50,50],"damage_taken":[{"damage":0,"enemies":"Small Slimes","floor":2,"turns":4},{"damage":0,"enemies":"2 Louse","floor":5,"turns":3},{"damage":0,"enemies":"downfall:FleeingMerchant","floor":10,"turns":4},{"damage":0,"enemies":"downfall:FleeingMerchant","floor":11,"turns":4},{"damage":0,"enemies":"Cultist","floor":13,"turns":3},{"damage":0,"enemies":"Gremlin Nob","floor":14,"turns":3},{"damage":0,"enemies":"2 Fungi Beasts","floor":15,"turns":3},{"damage":28,"enemies":"WA_ARCHETYPE_RETAIN","floor":16,"turns":9},{"damage":0,"enemies":"Chosen","floor":19,"turns":5},{"damage":7,"enemies":"Centurion and Healer","floor":21,"turns":7},{"damage":23,"enemies":"Cultist and Chosen","floor":22,"turns":8},{"damage":5,"enemies":"Sentry and Sphere","floor":23,"turns":3},{"damage":6,"enemies":"Centurion and Healer","floor":25,"turns":5},{"damage":16,"enemies":"Slavers","floor":27,"turns":5},{"damage":4,"enemies":"Snake Plant","floor":28,"turns":3},{"damage":9,"enemies":"downfall:FleeingMerchant","floor":30,"turns":4},{"damage":0,"enemies":"3 Cultists","floor":31,"turns":4},{"damage":0,"enemies":"Cultist and Chosen","floor":32,"turns":4},{"damage":5,"enemies":"IC_MUSHROOM_ARCHETYPE","floor":33,"turns":6},{"damage":3,"enemies":"Orb Walker","floor":36,"turns":2},{"damage":1,"enemies":"3 Shapes","floor":37,"turns":2},{"damage":0,"enemies":"Transient","floor":38,"turns":5},{"damage":12,"enemies":"Maw","floor":40,"turns":6},{"damage":72,"enemies":"Reptomancer","floor":42,"turns":4},{"damage":0,"enemies":"downfall:FleeingMerchant","floor":43,"turns":4},{"damage":0,"enemies":"downfall:FleeingMerchant","floor":45,"turns":1},{"damage":0,"enemies":"4 Shapes","floor":46,"turns":3},{"damage":0,"enemies":"Writhing Mass","floor":49,"turns":3},{"damage":15,"enemies":"SI_POISON_ARCHETYPE","floor":50,"turns":5}],"seed_played":"5867260146424073016","potions_obtained":[{"floor":2,"key":"SpeedPotion"},{"floor":13,"key":"GamblersBrew"},{"floor":15,"key":"Guardian:StasisDiscoveryPotion"},{"floor":16,"key":"Block Potion"},{"floor":19,"key":"Ancient Potion"},{"floor":22,"key":"Guardian:AcceleratePotion"},{"floor":28,"key":"Block Potion"},{"floor":31,"key":"SkillPotion"},{"floor":33,"key":"SkillPotion"},{"floor":37,"key":"PowerPotion"},{"floor":38,"key":"Weak Potion"},{"floor":46,"key":"Regen Potion"},{"floor":49,"key":"Guardian:BlockOnCardUsePotion"}],"is_trial":false,"path_per_floor":["R","M","?","?","M","R","T","?","R","$","$","R","M","E","M","B",null,"R","M","?","M","M","M","T","M","R","E","M","R","$","M","M","B",null,"R","M","M","M","?","M","T","E","$","R","$","M","?","$","M","B",null],"character_chosen":"GUARDIAN","items_purchased":["Membership Card","Mummified Hand","Guardian:Gem_Crimson","Guardian:CrystalBeam","Guardian:BodySlam","Guardian:BronzeArmor","Guardian:ChargeCore","expansioncontent:YouAreMine","Fire Potion","TheAbacus","Lizard Tail","Guardian:BottledStasis","Art of War","Boot","Ancient Tea Set","Vajra","Orichalcum","Pantograph","Pear","Meat on the Bone"],"campfire_rested":1,"item_purchase_floors":[10,10,10,10,10,11,11,11,30,30,30,45,45,45,45,45,48,48,48,48],"current_hp_per_floor":[80,80,80,80,80,80,80,77,77,77,77,77,77,77,77,49,80,80,80,80,73,50,45,45,39,39,33,29,53,44,44,44,49,80,80,77,76,80,72,65,65,40,40,40,42,44,44,54,54,84],"gold":58,"neow_bonus":"BOSS_RELIC","is_daily":false,"chose_seed":false,"campfire_upgraded":7,"win_rate":0.0,"timestamp":1613242027,"path_taken":["R","M","?","?","M","R","T","?","R","?","$","R","M","E","M","BOSS","R","M","?","M","?","M","T","M","R","E","M","R","$","M","M","BOSS","R","M","M","M","?","M","T","E","$","R","$","?","?","$","M","BOSS"],"items_purchased_type":["Relic","Relic","Card","Card","Card","Card","Card","Card","Potion","Relic","Relic","Relic","Relic","Relic","Relic","Relic","Relic","Relic","Relic","Relic"],"build_version":"2020-12-22","purchased_purges":4,"victory":true,"max_hp_per_floor":[80,80,80,80,80,80,80,80,80,80,80,80,80,80,80,80,80,80,80,80,80,80,80,80,80,80,80,80,80,80,80,80,80,80,80,80,80,80,80,80,80,80,80,80,82,84,84,94,94,94],"card_choices":[{"not_picked":["Guardian:VentSteam","Guardian:Incinerate"],"picked":"Guardian:RollAttack","floor":2},{"not_picked":["Guardian:PrimingBeam","Guardian:WalkerClaw"],"picked":"Guardian:EvasiveProtocol","floor":5},{"not_picked":["Guardian:TemporalShield","Guardian:TimeBomb"],"picked":"Guardian:Repulse","floor":10},{"not_picked":["Guardian:FloatingOrbs","Guardian:StasisStrike"],"picked":"Guardian:ShieldSpikes","floor":11},{"not_picked":["Guardian:DecasProtection","Guardian:TemporalStrike"],"picked":"Guardian:Gem_Blue","floor":13},{"not_picked":["Guardian:Gem_Green","Guardian:Repulse"],"picked":"Guardian:PrimingBeam","floor":14},{"not_picked":["Guardian:Gem_Green","Guardian:Gem_Lightblue"],"picked":"Guardian:PiercingHide","floor":15},{"not_picked":["Guardian:FierceBash","Guardian:AncientConstruct"],"picked":"Guardian:RevengeProtocol","floor":16},{"not_picked":["Guardian:Suspension+1","Guardian:PrimingBeam+1"],"picked":"Guardian:Gem_Purple","floor":19},{"not_picked":["Guardian:Gem_Lightblue","Guardian:SpikerProtocol"],"picked":"Guardian:ArmoredProtocol+1","floor":21},{"not_picked":["Guardian:Gem_Blue","Guardian:Recover"],"picked":"Guardian:ExploitGems","floor":22},{"not_picked":["Guardian:TimeCapacitor","Guardian:CrystalBeam"],"picked":"Guardian:Harden","floor":23},{"not_picked":["Guardian:PrimingBeam+1","Guardian:Suspension"],"picked":"Guardian:Gem_Blue","floor":25},{"not_picked":["Guardian:Gem_Red","Guardian:Incinerate"],"picked":"Guardian:Gem_Purple","floor":27},{"not_picked":["Guardian:Suspension","Guardian:PiercingHide"],"picked":"Guardian:Gem_Blue","floor":28},{"not_picked":["Guardian:ChargeCore","Guardian:FastForward"],"picked":"Guardian:WalkerClaw+1","floor":30},{"not_picked":["Guardian:Reroute","Guardian:MultiBeam+1"],"picked":"Guardian:TimeBomb","floor":31},{"not_picked":["Guardian:TemporalStrike","Guardian:Preprogram"],"picked":"Guardian:Orbwalk+1","floor":32},{"not_picked":["Guardian:GatlingBeam","Guardian:BaubleBeam"],"picked":"Guardian:AncientConstruct","floor":33},{"not_picked":["Guardian:DonusPower","Guardian:PrismaticBarrier"],"picked":"Guardian:BronzeOrb+1","floor":36},{"not_picked":["Guardian:Recover","Guardian:WalkerClaw"],"picked":"Guardian:Gem_Lightblue","floor":37},{"not_picked":["Guardian:WalkerClaw","Guardian:PrimingBeam","Guardian:Planning"],"picked":"SKIP","floor":38},{"not_picked":["Guardian:Planning+1","Guardian:WalkerClaw+1","Guardian:PolyBeam"],"picked":"SKIP","floor":40},{"not_picked":["Guardian:FloatingOrbs","Guardian:Planning+1"],"picked":"Guardian:Gem_Fragmented","floor":42},{"not_picked":["Guardian:RollAttack","Guardian:TemporalShield"],"picked":"Guardian:Gem_Green","floor":43},{"not_picked":["Guardian:Recover+1","Guardian:Suspension+1","Guardian:ShieldCharger+1"],"picked":"Singing Bowl","floor":45},{"not_picked":["Guardian:Reroute","Guardian:PrimingBeam+1","Guardian:ShieldCharger+1"],"picked":"Singing Bowl","floor":46},{"not_picked":["Guardian:Incinerate","Guardian:TemporalStrike"],"picked":"Guardian:Gem_Lightblue","floor":49}],"player_experience":112002,"relics_obtained":[{"floor":7,"key":"InkBottle"},{"floor":14,"key":"Ornamental Fan"},{"floor":17,"key":"Potion Belt"},{"floor":17,"key":"The Courier"},{"floor":17,"key":"StoneCalendar"},{"floor":24,"key":"Toy Ornithopter"},{"floor":27,"key":"Mercury Hourglass"},{"floor":41,"key":"Smiling Mask"},{"floor":42,"key":"Singing Bowl"}],"event_choices":[{"damage_healed":0,"gold_gain":0,"player_choice":"Success","damage_taken":3,"relics_obtained":["Sundial"],"max_hp_gain":0,"max_hp_loss":0,"event_name":"Scrap Ooze","floor":8,"gold_loss":0}],"is_beta":false,"boss_relics":[{"not_picked":["Black Star","SacredBark"],"picked":"Calling Bell"},{"not_picked":["Busted Crown","Tiny House"],"picked":"Pandora\u0027s Box"}],"items_purged_floors":[10,11,30,48],"is_endless":false,"potions_floor_spawned":[2,13,15,16,19,22,28,31,33,37,38,46,49],"ascension_level":0}}