{"host":"5raohst9sk3kvp5v","time":1613204351,"event":{"mods":["BaseMod","Colored Powertips","Highlight Path","Minty Spire (QoL Compilation)","Quick Restart","Relic Stats","StSLib"],"gold_per_floor":[117,392,280,292,311,344,362,391,391,391,391],"floor_reached":10,"language":"ENG","playtime":293,"items_purged":["Regret"],"score":152,"play_id":"f2180381-b02b-404e-ba4e-2f0526e8007a","local_time":"20210213021911","is_ascension_mode":true,"campfire_choices":[],"circlet_count":0,"master_deck":["AscendersBane","Strike_B","Strike_B","Strike_B","Strike_B","Defend_B","Defend_B","Defend_B","Defend_B","Zap","Dualcast","Leap","Blizzard","Ball Lightning","Cold Snap","Doom and Gloom","Cold Snap","Rainbow"],"relics":["Cracked Core","NeowsBlessing","Dream Catcher","Smiling Mask","Mummified Hand"],"acts_visited":["Exordium"],"potions_floor_usage":[8,8],"damage_taken":[{"damage":0,"enemies":"Small Slimes","floor":1,"turns":1},{"damage":0,"enemies":"Cultist","floor":4,"turns":1},{"damage":0,"enemies":"Jaw Worm","floor":5,"turns":1},{"damage":30,"enemies":"Lagavulin","floor":6,"turns":9},{"damage":9,"enemies":"Blue Slaver","floor":7,"turns":3},{"damage":18,"enemies":"Gremlin Nob","floor":8,"turns":4},{"damage":12,"enemies":"3 Sentries","floor":10,"turns":2}],"seed_played":"6326880121154486156","potions_obtained":[{"floor":4,"key":"EssenceOfSteel"},{"floor":7,"key":"AttackPotion"}],"is_trial":false,"path_per_floor":["M","?","$","M","M","E","M","E","T","E"],"character_chosen":"DEFECT","items_purchased":["Blizzard"],"campfire_rested":0,"item_purchase_floors":[3],"current_hp_per_floor":[64,64,64,64,64,34,25,7,7,0,0],"gold":391,"neow_bonus":"THREE_ENEMY_KILL","is_daily":false,"chose_seed":false,"campfire_upgraded":0,"win_rate":0.0,"timestamp":1613204351,"path_taken":["M","?","$","M","M","E","?","E","T","E"],"items_purchased_type":["Card"],"build_version":"2020-12-22","purchased_purges":1,"victory":false,"max_hp_per_floor":[71,71,71,71,71,71,71,71,71,71,71],"relic_stats":{"Dream Catcher":0,"counters":[7,21],"Mummified Hand":[0],"Smiling Mask":0,"obtain_stats":[{"Dream Catcher":6,"NeowsBlessing":0,"Mummified Hand":9,"Cracked Core":0,"Smiling Mask":8},{"Dream Catcher":4,"NeowsBlessing":0,"Mummified Hand":6,"Cracked Core":0,"Smiling Mask":6},{"Dream Catcher":12,"NeowsBlessing":0,"Mummified Hand":19,"Cracked Core":0,"Smiling Mask":19}]},"card_choices":[{"not_picked":["Barrage","Auto Shields"],"picked":"Leap","floor":1},{"not_picked":["Steam","Redo"],"picked":"Ball Lightning","floor":4},{"not_picked":["Leap","Gash"],"picked":"Cold Snap","floor":5},{"not_picked":["Hologram","Aggregate"],"picked":"Doom and Gloom","floor":6},{"not_picked":["Turbo","Rebound"],"picked":"Cold Snap","floor":7},{"not_picked":["Sweeping Beam","Coolheaded"],"picked":"Rainbow","floor":8}],"player_experience":1732773,"relics_obtained":[{"floor":6,"key":"Dream Catcher"},{"floor":8,"key":"Smiling Mask"},{"floor":9,"key":"Mummified Hand"}],"event_choices":[{"damage_healed":0,"gold_gain":275,"player_choice":"Desecrate","damage_taken":0,"max_hp_gain":0,"max_hp_loss":0,"event_name":"Golden Shrine","floor":2,"gold_loss":0,"cards_obtained":["Regret"]}],"is_beta":false,"boss_relics":[],"items_purged_floors":[3],"is_endless":false,"potions_floor_spawned":[4,7],"killed_by":"3 Sentries","ascension_level":19}}