{"host":"02t2xvao3cghmwgs","time":1613188521,"event":{"mods":["2.2 Compatiblity","Act Like it!","BaseMod","Better Note","Colored Powertips","Friendly Minions","Googly Eyes","Hermit","Highlight Path","Kiyohime????","Marisa????????","Minty Spire (QoL Compilation)","READ ME - Guardian Mod","Rare Cards Sparkle","Reimu??????","Remilia??????","StSLib","Synergy Search","The Animator","The Bug Knight","The Marked","The Mystic","The Senshi","The Wild Card","Yuyuko"],"gold_per_floor":[117,117,148,0,0,0,27,102,102,114,114,129,129,156,156,264,264,280,310,235,235,251,251,251,271,295,327,347,347,11,22,22,22,22],"floor_reached":33,"language":"ENG","playtime":1919,"items_purged":["animator:MadokaKaname"],"score":316,"play_id":"ad2c5c2f-d4dc-4ede-b73f-c3f792861002","local_time":"20210212225521","is_ascension_mode":false,"campfire_choices":[{"data":"animator:DolaSchwi","floor":6,"key":"SMITH"},{"data":"animator:Rena","floor":11,"key":"SMITH"},{"floor":13,"key":"REST"},{"floor":15,"key":"REST"},{"data":"animator:Shuna","floor":23,"key":"SMITH"},{"floor":29,"key":"REST"},{"data":"animator:Zero","floor":32,"key":"SMITH"}],"circlet_count":0,"master_deck":["animator:Strike_Elsword","animator:Defend_Elsword","animator:Strike","animator:Strike","animator:Defend","animator:Defend","animator:Defend","animator:Chung","animator:Raven","animator:DolaSchwi+1","animator:Emonzaemon","animator:Rena+1","animator:Raven","animator:Benimaru","animator:Ara","animator:Shuna+1","animator:Ciel","animator:Darkness+1","animator:Tatsumaki","animator:PandorasActor","animator:Zero+1","animator:Genos"],"relics":["animator:LivingPicture","animator:TheMissingPiece","animator:PurgingStone","NeowsBlessing","Orichalcum","RuthlessExorcism:ReiMu","Gremlin Horn","Mastiff:ReiMu","Mark of Pain","Omamori","Charon\u0027s Ashes","Spirit Poop","Shuriken"],"acts_visited":["Exordium","TheCity"],"potions_floor_usage":[16,16,16,27,33,33],"damage_taken":[{"damage":0,"enemies":"Small Slimes","floor":1,"turns":1},{"damage":0,"enemies":"Cultist","floor":3,"turns":1},{"damage":0,"enemies":"Jaw Worm","floor":7,"turns":1},{"damage":0,"enemies":"Gremlin Gang","floor":10,"turns":3},{"damage":4,"enemies":"Blue Slaver","floor":12,"turns":3},{"damage":15,"enemies":"Gremlin Nob","floor":14,"turns":5},{"damage":0,"enemies":"Slime Boss","floor":16,"turns":5},{"damage":1,"enemies":"Shell Parasite","floor":18,"turns":4},{"damage":0,"enemies":"3 Byrds","floor":19,"turns":3},{"damage":0,"enemies":"Cultist and Chosen","floor":22,"turns":6},{"damage":0,"enemies":"Snake Plant","floor":25,"turns":5},{"damage":41,"enemies":"Slavers","floor":27,"turns":5},{"damage":1,"enemies":"Centurion and Healer","floor":28,"turns":8},{"damage":0,"enemies":"Chosen and Byrds","floor":31,"turns":4},{"damage":52,"enemies":"Champ","floor":33,"turns":7}],"seed_played":"944025530091909974","potions_obtained":[{"floor":10,"key":"FearPotion"},{"floor":12,"key":"Strength Potion"},{"floor":14,"key":"CultistPotion"},{"floor":25,"key":"SkillPotion"},{"floor":27,"key":"ZuzhouPotion:ReiMu"},{"floor":31,"key":"LiquidMemories"}],"is_trial":false,"path_per_floor":["M","?","M","?","$","R","M","?","T","M","R","M","R","E","R","B",null,"M","M","$","?","M","R","?","M","T","E","M","R","$","M","R","B"],"character_chosen":"THE_ANIMATOR","items_purchased":["Shuriken","animator:Zero"],"campfire_rested":3,"item_purchase_floors":[30,30],"current_hp_per_floor":[66,48,48,48,48,48,48,37,37,37,37,33,52,38,58,58,67,66,66,66,66,66,66,66,66,66,25,24,44,44,44,44,0,0],"gold":22,"neow_bonus":"THREE_ENEMY_KILL","is_daily":false,"chose_seed":false,"campfire_upgraded":4,"win_rate":0.0,"timestamp":1613188521,"path_taken":["M","?","M","?","$","R","?","?","T","M","R","M","R","E","R","BOSS","M","M","$","?","M","R","?","?","T","E","M","R","$","M","R","BOSS"],"items_purchased_type":["Relic","Card"],"build_version":"2020-12-22","purchased_purges":1,"victory":false,"max_hp_per_floor":[66,66,66,66,66,66,66,66,66,66,66,66,66,67,67,67,67,67,67,67,67,67,67,67,67,67,67,67,67,67,67,67,67,67],"card_choices":[{"not_picked":["animator:YuiTsuruno","animator:DolaRiku"],"picked":"animator:DolaSchwi","floor":1},{"not_picked":["animator:Entoma","animator:Spearman"],"picked":"animator:Emonzaemon","floor":3},{"not_picked":["animator:PandorasActor","animator:Ara"],"picked":"animator:Rena","floor":7},{"not_picked":["animator:Chung","animator:Ain"],"picked":"animator:Raven","floor":10},{"not_picked":["animator:Chris","animator:Kaijin"],"picked":"animator:Benimaru","floor":12},{"not_picked":["animator:YuiTsuruno","animator:Melzalgald"],"picked":"animator:Ara","floor":14},{"not_picked":["animator:GoblinSlayer","animator:Albedo"],"picked":"animator:MadokaKaname","floor":16},{"not_picked":["animator:DolaCouronne+1","animator:MumenRider+1"],"picked":"animator:Shuna","floor":18},{"not_picked":["animator:Laby","animator:Elsword"],"picked":"animator:Ciel","floor":19},{"not_picked":["animator:GazelDwargon","animator:Witch"],"picked":"animator:Darkness+1","floor":22},{"not_picked":["animator:ChlammyZell","animator:DolaCouronne"],"picked":"animator:Tatsumaki","floor":25},{"not_picked":["animator:Sebas+1","animator:Kazuma"],"picked":"animator:PandorasActor","floor":27},{"not_picked":["animator:Tatsumaki","animator:IzunaHatsuse"],"picked":"animator:Genos","floor":31}],"player_experience":336593,"relics_obtained":[{"floor":9,"key":"Gremlin Horn"},{"floor":14,"key":"Mastiff:ReiMu"},{"floor":26,"key":"Omamori"},{"floor":27,"key":"Charon\u0027s Ashes"}],"event_choices":[{"damage_healed":0,"gold_gain":0,"player_choice":"Success","damage_taken":18,"relics_obtained":["Orichalcum"],"max_hp_gain":0,"max_hp_loss":0,"event_name":"Scrap Ooze","floor":2,"gold_loss":0},{"damage_healed":0,"gold_gain":0,"player_choice":"Paid Gold","damage_taken":0,"relics_obtained":["RuthlessExorcism:ReiMu"],"max_hp_gain":0,"max_hp_loss":0,"event_name":"WeMeetAgain","floor":4,"gold_loss":148},{"damage_healed":0,"gold_gain":75,"player_choice":"Gather Gold","damage_taken":11,"max_hp_gain":0,"max_hp_loss":0,"event_name":"World of Goop","floor":8,"gold_loss":0},{"cards_removed":["animator:Defend"],"damage_healed":0,"gold_gain":0,"player_choice":"Give","damage_taken":0,"max_hp_gain":0,"max_hp_loss":0,"event_name":"betterNote:BetterNote","floor":21,"gold_loss":0,"cards_obtained":["theMarked:MagusForm"]},{"cards_removed":["animator:Strike"],"damage_healed":0,"gold_gain":0,"player_choice":"Purged","damage_taken":0,"max_hp_gain":0,"max_hp_loss":0,"event_name":"Purifier","floor":24,"gold_loss":0}],"is_beta":false,"boss_relics":[{"not_picked":["animator:HolyGrailRelic","Fusion Hammer"],"picked":"Mark of Pain"}],"items_purged_floors":[20],"is_endless":false,"potions_floor_spawned":[10,12,14,25,27,31],"killed_by":"Champ","ascension_level":0}}