{"host":"d52brwsy6af8zvaq","time":1613191714,"event":{"mods":["AchievementEnabler","BaseMod","Bestiary","Highlight Path","Minty Spire (QoL Compilation)","Quick Restart","Relic Stats","ojb\u0027s Better Paths Mod"],"gold_per_floor":[109,109,126,197,217,245,257,293,305,317,317],"floor_reached":10,"language":"ENG","playtime":221,"items_purged":[],"score":132,"play_id":"b1767efc-60dc-4d08-b3c6-896944c3bddd","local_time":"20210212214834","is_ascension_mode":true,"campfire_choices":[{"data":"Zap","floor":7,"key":"SMITH"}],"circlet_count":0,"master_deck":["AscendersBane","Strike_B","Strike_B","Strike_B","Strike_B","Defend_B","Defend_B","Defend_B","Defend_B","Zap+1","Dualcast","Chill","Doom and Gloom","Streamline","FTL"],"relics":["Cracked Core","Frozen Egg 2","MawBank","Boot","Pantograph"],"acts_visited":["Exordium"],"potions_floor_usage":[6],"damage_taken":[{"damage":1,"enemies":"Cultist","floor":1,"turns":3},{"damage":0,"enemies":"Small Slimes","floor":3,"turns":4},{"damage":7,"enemies":"Jaw Worm","floor":5,"turns":3},{"damage":20,"enemies":"Lagavulin","floor":6,"turns":5},{"damage":45,"enemies":"Gremlin Nob","floor":10,"turns":3}],"seed_played":"-9115038937953266697","potions_obtained":[{"floor":1,"key":"BlessingOfTheForge"},{"floor":3,"key":"Strength Potion"}],"is_trial":false,"path_per_floor":["M","T","M","?","M","E","R","T","T","E"],"character_chosen":"DEFECT","items_purchased":[],"campfire_rested":0,"item_purchase_floors":[],"current_hp_per_floor":[70,70,70,70,63,43,43,43,43,0,0],"gold":317,"neow_bonus":"TEN_PERCENT_HP_BONUS","is_daily":false,"chose_seed":false,"campfire_upgraded":1,"win_rate":0.0,"timestamp":1613191714,"path_taken":["M","?","M","?","M","E","R","?","T","E"],"items_purchased_type":[],"build_version":"2020-12-22","purchased_purges":0,"victory":false,"max_hp_per_floor":[78,78,78,78,78,78,78,78,78,78,78],"relic_stats":{"counters":[5,18],"Pantograph":0,"MawBank":48,"Boot":[0],"obtain_stats":[{"Pantograph":9,"Frozen Egg 2":2,"Cracked Core":0,"MawBank":6,"Boot":8},{"Pantograph":4,"Frozen Egg 2":1,"Cracked Core":0,"MawBank":4,"Boot":4},{"Pantograph":15,"Frozen Egg 2":3,"Cracked Core":0,"MawBank":15,"Boot":15}]},"card_choices":[{"not_picked":["Conserve Battery","Blizzard"],"picked":"Chill","floor":1},{"not_picked":["Redo","Chill"],"picked":"Doom and Gloom","floor":3},{"not_picked":["Sweeping Beam","Leap"],"picked":"Streamline","floor":5},{"not_picked":["Compile Driver","Gash"],"picked":"FTL","floor":6}],"player_experience":2250373,"relics_obtained":[{"floor":2,"key":"Frozen Egg 2"},{"floor":6,"key":"MawBank"},{"floor":8,"key":"Boot"},{"floor":9,"key":"Pantograph"}],"event_choices":[{"damage_healed":0,"gold_gain":71,"player_choice":"Gained Gold","damage_taken":0,"max_hp_gain":0,"max_hp_loss":0,"event_name":"Golden Wing","floor":4,"gold_loss":0}],"is_beta":false,"boss_relics":[],"items_purged_floors":[],"is_endless":false,"potions_floor_spawned":[1,3,5],"killed_by":"Gremlin Nob","ascension_level":20}}