{"host":"k7udt7atmcuzf6l0","time":1613183500,"event":{"mods":["AchievementEnabler","BaseMod","BetterRewards","Colored Map","Colored Powertips","Highlight Path","Minty Spire (QoL Compilation)","Quick Restart","Rare Cards Sparkle","StSLib","TestMod","UnlockEverythingMod"],"gold_per_floor":[110,130,130,38,54,54,64,64,64,64,97,97,111,123,123,225,225,238,300,42,42,42],"floor_reached":21,"language":"ZHS","playtime":753,"items_purged":[],"score":181,"play_id":"b88bd16e-4fbf-4b65-9961-1046a9951c7c","local_time":"20210213103140","is_ascension_mode":false,"campfire_choices":[{"data":"testmod-ComboMaster","floor":6,"key":"SMITH"},{"data":"Armaments","floor":8,"key":"SMITH"},{"data":"Whirlwind","floor":12,"key":"SMITH"},{"data":"Shockwave","floor":15,"key":"SMITH"}],"circlet_count":0,"master_deck":["Strike_R","Strike_R","Strike_R","Strike_R","Strike_R","Defend_R","Defend_R","Defend_R","Defend_R","Bash","testmod-Librarian","Flex+1","Havoc","testmod-ComboMaster+1","Shockwave+1","Armaments+1","Whirlwind+1","Infernal Blade","Brutality","Rupture","Sword Boomerang"],"relics":["Burning Blood","testmod-TestBox","NeowsBlessing","Mummified Hand","SsserpentHead","testmod-BlackFramedGlasses","SlaversCollar","Frozen Egg 2"],"acts_visited":["Exordium","TheCity"],"potions_floor_usage":[7,11,11,16,21],"damage_taken":[{"damage":0,"enemies":"Small Slimes","floor":1,"turns":1},{"damage":0,"enemies":"2 Louse","floor":2,"turns":1},{"damage":0,"enemies":"Cultist","floor":5,"turns":1},{"damage":13,"enemies":"Red Slaver","floor":7,"turns":4},{"damage":13,"enemies":"3 Sentries","floor":11,"turns":8},{"damage":7,"enemies":"Large Slime","floor":13,"turns":4},{"damage":12,"enemies":"Exordium Thugs","floor":14,"turns":6},{"damage":42,"enemies":"The Guardian","floor":16,"turns":13},{"damage":14,"enemies":"Chosen","floor":18,"turns":5},{"damage":24,"enemies":"Spheric Guardian","floor":19,"turns":5},{"damage":10,"enemies":"Chosen and Byrds","floor":21,"turns":2}],"seed_played":"4739111311080726623","potions_obtained":[{"floor":1,"key":"Fire Potion"},{"floor":2,"key":"testmod-TimePotion"},{"floor":5,"key":"Strength Potion"},{"floor":13,"key":"Weak Potion"},{"floor":14,"key":"ElixirPotion"},{"floor":18,"key":"Fire Potion"},{"floor":19,"key":"FearPotion"}],"is_trial":false,"path_per_floor":["M","M","?","$","M","R","M","R","T","?","E","R","M","M","R","B",null,"M","M","$","M"],"character_chosen":"IRONCLAD","items_purchased":["testmod-ComboMaster","Frozen Egg 2"],"campfire_rested":0,"item_purchase_floors":[4,20],"current_hp_per_floor":[80,80,80,80,80,80,73,73,73,73,66,66,69,69,69,46,80,76,63,63,55,55],"gold":42,"neow_bonus":"THREE_ENEMY_KILL","is_daily":false,"chose_seed":false,"campfire_upgraded":4,"win_rate":0.0,"timestamp":1613183500,"path_taken":["M","M","?","$","M","R","M","R","T","?","E","R","M","M","R","BOSS","M","?","$","M"],"items_purchased_type":["Card","Relic"],"build_version":"2020-12-22","purchased_purges":0,"victory":false,"max_hp_per_floor":[80,80,80,80,80,80,80,80,80,80,80,80,80,80,80,80,80,80,80,80,80,80],"card_choices":[{"not_picked":["Battle Trance","Dark Embrace"],"picked":"Flex","floor":1},{"not_picked":["Iron Wave","Clothesline"],"picked":"Havoc","floor":2},{"not_picked":["Spot Weakness","Power Through"],"picked":"Shockwave","floor":5},{"not_picked":["Perfected Strike","Dropkick"],"picked":"Armaments","floor":7},{"not_picked":["Armaments","Barricade"],"picked":"Whirlwind","floor":11},{"not_picked":["Perfected Strike","Iron Wave"],"picked":"Infernal Blade","floor":13},{"not_picked":["Headbutt","Wild Strike","Power Through"],"picked":"SKIP","floor":14},{"not_picked":["Fiend Fire","Impervious"],"picked":"Brutality","floor":16},{"not_picked":["Twin Strike+1","Havoc"],"picked":"Rupture","floor":18},{"not_picked":["Wild Strike","Body Slam"],"picked":"Sword Boomerang","floor":19}],"player_experience":112116,"relics_obtained":[{"floor":9,"key":"Mummified Hand"},{"floor":11,"key":"testmod-BlackFramedGlasses"}],"event_choices":[{"damage_healed":0,"gold_gain":0,"player_choice":"Grow","damage_taken":0,"max_hp_gain":0,"max_hp_loss":0,"event_name":"Living Wall","floor":3,"gold_loss":0,"cards_upgraded":["Flex"]},{"damage_healed":0,"gold_gain":0,"player_choice":"Trade","damage_taken":0,"relics_obtained":["SsserpentHead"],"max_hp_gain":0,"max_hp_loss":0,"event_name":"FaceTrader","floor":10,"gold_loss":0}],"is_beta":false,"boss_relics":[{"not_picked":["testmod-TimeTraveler","testmod-Fanaticism"],"picked":"SlaversCollar"}],"items_purged_floors":[],"is_endless":false,"potions_floor_spawned":[1,2,5,13,14,18,19],"killed_by":"Chosen and Byrds","ascension_level":0}}