{"host":"2hea6pl5vmah38iy","time":1613224405,"event":{"mods":["AchievementEnabler","BaseMod","Colored Map","DeckTracker","Keyboard Shortcuts","Minty Spire (QoL Compilation)","Rare Cards Sparkle","StSLib","SuperFastMode","everything is the same but u backflip on backflip"],"gold_per_floor":[117,132,152,170,95,129,149,149,176,176,176,176,176,195,195,195,195],"floor_reached":16,"language":"KOR","playtime":575,"items_purged":["Strike_R"],"score":199,"play_id":"ea1ea285-b470-4387-a2d7-60bae0ab68cc","local_time":"20210213225325","is_ascension_mode":true,"campfire_choices":[{"data":"Searing Blow+1","floor":10.0,"key":"SMITH"},{"data":"Searing Blow+2","floor":13.0,"key":"SMITH"},{"data":"Searing Blow+3","floor":15.0,"key":"SMITH"}],"circlet_count":0,"master_deck":["AscendersBane","Strike_R","Strike_R+1","Strike_R+1","Defend_R","Defend_R","Defend_R+1","Defend_R","Bash","Immolate","Searing Blow+4","Second Wind","Dark Embrace","Burning Pact"],"relics":["Burning Blood","Blood Vial","Whetstone"],"acts_visited":["Exordium"],"potions_floor_usage":[16],"damage_taken":[{"damage":7.0,"enemies":"Jaw Worm","floor":1.0,"turns":4.0},{"damage":0.0,"enemies":"2 Louse","floor":2.0,"turns":1.0},{"damage":8.0,"enemies":"Small Slimes","floor":3.0,"turns":4.0},{"damage":8.0,"enemies":"Red Slaver","floor":4.0,"turns":3.0},{"damage":8.0,"enemies":"Gremlin Nob","floor":6.0,"turns":3.0},{"damage":16.0,"enemies":"Blue Slaver","floor":7.0,"turns":4.0},{"damage":0.0,"enemies":"Large Slime","floor":14.0,"turns":6.0},{"damage":27,"enemies":"The Guardian","floor":16,"turns":10}],"seed_played":"6083604080270422529","potions_obtained":[{"floor":1.0,"key":"Strength Potion"},{"floor":2.0,"key":"AttackPotion"},{"floor":6.0,"key":"AttackPotion"}],"is_trial":false,"path_per_floor":["M","M","M","M","$","E","M","?","T","R","?","?","R","M","R","B"],"character_chosen":"IRONCLAD","items_purchased":[],"campfire_rested":0,"item_purchase_floors":[],"current_hp_per_floor":[49,55,53,51,51,49,41,18,18,18,23,23,23,31,31,6,6],"gold":195,"neow_bonus":"THREE_RARE_CARDS","is_daily":false,"chose_seed":false,"campfire_upgraded":3,"win_rate":0.0,"timestamp":1613224405,"path_taken":["M","M","M","M","$","E","M","?","T","R","?","?","R","?","R","BOSS"],"items_purchased_type":[],"build_version":"2020-12-22","purchased_purges":1,"victory":false,"max_hp_per_floor":[75,75,75,75,75,75,75,75,75,75,80,80,80,80,80,80,80],"card_choices":[{"not_picked":["Fiend Fire","Reaper"],"picked":"Immolate","floor":0.0},{"not_picked":["Flame Barrier","Carnage"],"picked":"Searing Blow","floor":1.0},{"not_picked":["Cleave","Warcry"],"picked":"Second Wind","floor":2.0},{"not_picked":["Perfected Strike","Sword Boomerang","Pommel Strike"],"picked":"SKIP","floor":3.0},{"not_picked":["Twin Strike","Thunderclap"],"picked":"Dark Embrace","floor":4.0},{"not_picked":["Rupture","Dark Embrace","Blood for Blood"],"picked":"SKIP","floor":6.0},{"not_picked":["Iron Wave","Pommel Strike"],"picked":"Burning Pact","floor":7.0},{"not_picked":["Sword Boomerang","Rupture","Metallicize"],"picked":"SKIP","floor":14.0}],"player_experience":575238,"relics_obtained":[{"floor":6.0,"key":"Blood Vial"},{"floor":9.0,"key":"Whetstone"}],"event_choices":[{"damage_healed":0.0,"max_hp_gain":0.0,"max_hp_loss":0.0,"gold_gain":0.0,"event_name":"Shining Light","player_choice":"Entered Light","floor":8.0,"gold_loss":0.0,"damage_taken":23.0,"cards_upgraded":["Defend_R","Strike_R"]},{"damage_healed":0.0,"max_hp_gain":5.0,"max_hp_loss":0.0,"gold_gain":0.0,"event_name":"Big Fish","player_choice":"Donut","floor":11.0,"gold_loss":0.0,"damage_taken":0.0},{"cards_removed":["Strike_R"],"damage_healed":0.0,"max_hp_gain":0.0,"max_hp_loss":0.0,"gold_gain":0.0,"event_name":"Bonfire Elementals","player_choice":"Offered Basic","floor":12.0,"gold_loss":0.0,"damage_taken":0.0}],"is_beta":false,"boss_relics":[],"items_purged_floors":[5],"is_endless":false,"potions_floor_spawned":[1,2,6],"killed_by":"The Guardian","ascension_level":19}}