{"host":"cjhtzh7tp54jdfyv","time":1613257465,"event":{"mods":["AchievementEnabler","BaseMod","Colored Map","Colored Powertips","Curses Come First","DeckTracker","Minty Spire (QoL Compilation)","RNG Fix","Relic Sorter","Relic Stats","StSLib","UnlockEverythingMod","ojb\u0027s Better Paths Mod","ojb\u0027s Info Mod"],"gold_per_floor":[118,137,137,149,149,149,174,174,225,251,251,278,296,315,315,389,389,400,400,411,4,23,23,37,71,71,71,91,109,9,38,38,112,112,130,130,148,173,173,202,202,202,228,247,275,292,302,321,321,321,321,321,321,105,139,139],"floor_reached":57,"language":"ENG","playtime":3735,"items_purged":["Strike_R","Shame","Strike_R"],"score":2948,"play_id":"8bf87771-a426-4abd-af77-90260917b634","local_time":"20210213180425","is_ascension_mode":true,"campfire_choices":[{"data":"Bash","floor":6,"key":"SMITH"},{"data":"Disarm","floor":8,"key":"SMITH"},{"data":"Corruption","floor":15,"key":"SMITH"},{"floor":23,"key":"DIG"},{"floor":32,"key":"DIG"},{"floor":42,"key":"RECALL"},{"floor":49,"key":"DIG"},{"floor":53,"key":"DIG"}],"circlet_count":0,"master_deck":["AscendersBane","Strike_R","Defend_R","Defend_R","Defend_R","Defend_R","Bash+1","Reaper","Disarm+1","Rampage","Corruption+1","True Grit","Impervious","CurseOfTheBell","Clothesline","Infernal Blade","True Grit","Dark Embrace","True Grit","Spot Weakness","Rage","Berserk","Exhume","Disarm","Second Wind","Warcry+1","Madness","Madness","Flame Barrier+1","Warcry+1","Warcry+1","Impervious"],"relics":["Burning Blood","Happy Flower","InkBottle","PreservedInsect","Dead Branch","Letter Opener","MealTicket","Bronze Scales","Ornamental Fan","Calling Bell","Strawberry","HornCleat","Shovel","OrangePellets","Vajra","Turnip","Self Forming Clay","Omamori","Bottled Lightning","Cursed Key","Smiling Mask","Orichalcum","Bottled Tornado","Bag of Marbles","Mummified Hand","Centennial Puzzle","Toy Ornithopter"],"acts_visited":["Exordium","TheCity","TheBeyond","TheEnding"],"potions_floor_usage":[10,12,56,56,56,56],"damage_taken":[{"damage":1,"enemies":"Cultist","floor":1,"turns":3},{"damage":2,"enemies":"2 Louse","floor":2,"turns":4},{"damage":15,"enemies":"Small Slimes","floor":4,"turns":4},{"damage":41,"enemies":"3 Sentries","floor":7,"turns":7},{"damage":11,"enemies":"Gremlin Nob","floor":10,"turns":3},{"damage":10,"enemies":"3 Sentries","floor":12,"turns":7},{"damage":0,"enemies":"Blue Slaver","floor":13,"turns":2},{"damage":14,"enemies":"Exordium Wildlife","floor":14,"turns":3},{"damage":34,"enemies":"Slime Boss","floor":16,"turns":6},{"damage":0,"enemies":"3 Byrds","floor":18,"turns":3},{"damage":32,"enemies":"Shell Parasite","floor":20,"turns":7},{"damage":22,"enemies":"Cultist and Chosen","floor":22,"turns":7},{"damage":0,"enemies":"Sentry and Sphere","floor":24,"turns":3},{"damage":33,"enemies":"Slavers","floor":25,"turns":6},{"damage":13,"enemies":"Snecko","floor":28,"turns":4},{"damage":0,"enemies":"Snake Plant","floor":29,"turns":3},{"damage":12,"enemies":"Book of Stabbing","floor":31,"turns":4},{"damage":27,"enemies":"Champ","floor":33,"turns":9},{"damage":3,"enemies":"Orb Walker","floor":35,"turns":3},{"damage":14,"enemies":"3 Shapes","floor":37,"turns":5},{"damage":0,"enemies":"Nemesis","floor":40,"turns":3},{"damage":5,"enemies":"Jaw Worm Horde","floor":44,"turns":4},{"damage":12,"enemies":"Reptomancer","floor":45,"turns":2},{"damage":5,"enemies":"Writhing Mass","floor":46,"turns":5},{"damage":0,"enemies":"Maw","floor":47,"turns":6},{"damage":0,"enemies":"Spire Growth","floor":48,"turns":4},{"damage":25,"enemies":"Donu and Deca","floor":50,"turns":6},{"damage":16,"enemies":"Awakened One","floor":51,"turns":6},{"damage":34,"enemies":"Shield and Spear","floor":55,"turns":5},{"damage":81,"enemies":"The Heart","floor":56,"turns":9}],"seed_played":"-1624630583546314420","potions_obtained":[{"floor":2,"key":"BlessingOfTheForge"},{"floor":4,"key":"GamblersBrew"},{"floor":10,"key":"BloodPotion"},{"floor":12,"key":"ElixirPotion"},{"floor":16,"key":"PowerPotion"},{"floor":20,"key":"FairyPotion"},{"floor":31,"key":"GamblersBrew"},{"floor":33,"key":"SteroidPotion"},{"floor":44,"key":"EntropicBrew"}],"is_trial":false,"path_per_floor":["M","M","?","M","?","R","E","R","T","E","?","E","M","M","R","B",null,"M","?","M","$","M","R","M","E","T","?","M","M","$","E","R","B",null,"M","$","M","T","?","E","?","R","T","M","E","M","M","M","R","B","B",null,"R","$","E","B",null],"character_chosen":"IRONCLAD","items_purchased":["OrangePellets","Happy Flower","Centennial Puzzle"],"campfire_rested":0,"item_purchase_floors":[21,21,54],"current_hp_per_floor":[73,75,57,48,75,75,52,52,52,53,53,75,75,67,67,45,75,82,82,62,77,61,61,77,65,65,65,82,82,82,82,82,82,82,82,82,74,74,74,80,65,65,65,66,75,81,82,82,82,82,72,80,80,82,82,35],"gold":139,"neow_bonus":"RANDOM_COMMON_RELIC","is_daily":false,"chose_seed":false,"campfire_upgraded":3,"win_rate":0.0,"timestamp":1613257465,"path_taken":["M","M","?","M","?","R","E","R","T","E","?","E","?","M","R","BOSS","M","?","M","$","M","R","?","E","T","?","M","M","$","E","R","BOSS","M","?","M","?","?","E","?","R","T","M","E","M","?","M","R","BOSS","BOSS","R","$","E","BOSS"],"items_purchased_type":["Relic","Relic","Relic"],"build_version":"2020-12-22","purchased_purges":3,"victory":true,"max_hp_per_floor":[75,75,75,75,75,75,75,75,75,75,75,75,75,75,75,75,82,82,82,82,82,82,82,82,82,82,82,82,82,82,82,82,82,82,82,82,82,82,82,82,82,82,82,82,82,82,82,82,82,82,82,82,82,82,82,82],"relic_stats":{"Happy Flower":[31],"counters":[30,143],"Self Forming Clay":[168],"Dead Branch":[520],"PreservedInsect":361,"Letter Opener":[550],"Orichalcum":[24],"Cursed Key":2,"Smiling Mask":75,"Burning Blood":127,"OrangePellets":[36],"Centennial Puzzle":[6],"Shovel":4,"Ornamental Fan":[168],"Mummified Hand":[17],"Bronze Scales":[534],"MealTicket":17,"Turnip":[11],"obtain_stats":[{"Vajra":23,"Bottled Tornado":45,"Cursed Key":34,"Smiling Mask":40,"Burning Blood":0,"Centennial Puzzle":54,"HornCleat":17,"Shovel":17,"Mummified Hand":53,"Strawberry":17,"MealTicket":9,"InkBottle":31,"Happy Flower":21,"Self Forming Clay":26,"Dead Branch":3,"PreservedInsect":0,"Omamori":27,"Letter Opener":7,"Orichalcum":43,"Calling Bell":17,"OrangePellets":21,"Ornamental Fan":12,"Bronze Scales":10,"Turnip":25,"Bag of Marbles":49,"Bottled Lightning":32,"Toy Ornithopter":55},{"Vajra":12,"Bottled Tornado":23,"Cursed Key":18,"Smiling Mask":21,"Burning Blood":0,"Centennial Puzzle":28,"HornCleat":9,"Shovel":9,"Mummified Hand":28,"Strawberry":9,"MealTicket":4,"InkBottle":17,"Happy Flower":11,"Self Forming Clay":14,"Dead Branch":2,"PreservedInsect":0,"Omamori":14,"Letter Opener":4,"Orichalcum":21,"Calling Bell":9,"OrangePellets":11,"Ornamental Fan":6,"Bronze Scales":5,"Turnip":14,"Bag of Marbles":26,"Bottled Lightning":17,"Toy Ornithopter":29},{"Vajra":56,"Bottled Tornado":102,"Cursed Key":85,"Smiling Mask":96,"Burning Blood":0,"Centennial Puzzle":129,"HornCleat":39,"Shovel":39,"Mummified Hand":129,"Strawberry":39,"MealTicket":18,"InkBottle":76,"Happy Flower":49,"Self Forming Clay":65,"Dead Branch":7,"PreservedInsect":0,"Omamori":65,"Letter Opener":18,"Orichalcum":96,"Calling Bell":39,"OrangePellets":49,"Ornamental Fan":28,"Bronze Scales":21,"Turnip":65,"Bag of Marbles":117,"Bottled Lightning":76,"Toy Ornithopter":134}],"InkBottle":[44],"Toy Ornithopter":20},"card_choices":[{"not_picked":["Bloodletting","Shrug It Off","Flame Barrier"],"picked":"SKIP","floor":1},{"not_picked":["Anger","Twin Strike"],"picked":"Uppercut","floor":2},{"not_picked":["True Grit","Sword Boomerang"],"picked":"Reaper","floor":4},{"not_picked":["Combust","Double Tap"],"picked":"Disarm","floor":7},{"not_picked":["Power Through","Warcry"],"picked":"Rampage","floor":10},{"not_picked":["Headbutt","Shrug It Off"],"picked":"Corruption","floor":12},{"not_picked":["Perfected Strike","Cleave"],"picked":"True Grit","floor":13},{"not_picked":["Blood for Blood","Clash","Armaments"],"picked":"SKIP","floor":14},{"not_picked":["Juggernaut","Demon Form"],"picked":"Impervious","floor":16},{"not_picked":["Heavy Blade","Rupture","Armaments"],"picked":"SKIP","floor":18},{"not_picked":["Havoc","Heavy Blade"],"picked":"True Grit","floor":20},{"not_picked":["True Grit","Sword Boomerang"],"picked":"Dark Embrace","floor":22},{"not_picked":["Havoc","Entrench"],"picked":"True Grit","floor":24},{"not_picked":["Flex","Spot Weakness","Dual Wield"],"picked":"SKIP","floor":25},{"not_picked":["Flex","Dual Wield"],"picked":"Spot Weakness","floor":25},{"not_picked":["Thunderclap","Flex"],"picked":"Rage","floor":28},{"not_picked":["Headbutt","Rupture","Entrench"],"picked":"SKIP","floor":29},{"not_picked":["True Grit","Flame Barrier"],"picked":"Berserk","floor":31},{"not_picked":["Brutality","Double Tap"],"picked":"Exhume","floor":33},{"not_picked":["Armaments","Entrench"],"picked":"Disarm","floor":35},{"not_picked":["Power Through","Clothesline"],"picked":"Second Wind","floor":37},{"not_picked":["Reckless Charge","Perfected Strike"],"picked":"Warcry+1","floor":40},{"not_picked":["Shrug It Off","Armaments"],"picked":"Flame Barrier+1","floor":44},{"not_picked":["Searing Blow","Dropkick","Second Wind"],"picked":"SKIP","floor":45},{"not_picked":["Inflame","Rampage","Twin Strike+1"],"picked":"SKIP","floor":46},{"not_picked":["Uppercut","Thunderclap"],"picked":"Warcry+1","floor":47},{"not_picked":["Double Tap","True Grit"],"picked":"Warcry+1","floor":48},{"not_picked":["Pommel Strike","Rupture"],"picked":"Impervious","floor":55}],"player_experience":4851012,"relics_obtained":[{"floor":7,"key":"Letter Opener"},{"floor":9,"key":"MealTicket"},{"floor":10,"key":"Bronze Scales"},{"floor":12,"key":"Ornamental Fan"},{"floor":17,"key":"Strawberry"},{"floor":17,"key":"HornCleat"},{"floor":17,"key":"Shovel"},{"floor":23,"key":"Vajra"},{"floor":25,"key":"Turnip"},{"floor":26,"key":"Self Forming Clay"},{"floor":31,"key":"InkBottle"},{"floor":32,"key":"Bottled Lightning"},{"floor":40,"key":"Smiling Mask"},{"floor":43,"key":"Orichalcum"},{"floor":45,"key":"Bottled Tornado"},{"floor":49,"key":"Bag of Marbles"},{"floor":53,"key":"Mummified Hand"},{"floor":55,"key":"Toy Ornithopter"}],"event_choices":[{"damage_healed":0,"gold_gain":0,"player_choice":"Success","damage_taken":18,"relics_obtained":["Dead Branch"],"max_hp_gain":0,"max_hp_loss":0,"event_name":"Scrap Ooze","floor":3,"gold_loss":0},{"cards_removed":["Uppercut"],"damage_healed":27,"gold_gain":0,"player_choice":"Offered Uncommon","damage_taken":0,"max_hp_gain":0,"max_hp_loss":0,"event_name":"Bonfire Elementals","floor":5,"gold_loss":0},{"damage_healed":0,"gold_gain":0,"player_choice":"Ignored","damage_taken":0,"max_hp_gain":0,"max_hp_loss":0,"event_name":"Liars Game","floor":11,"gold_loss":0},{"damage_healed":0,"gold_gain":0,"cards_transformed":["Strike_R","Strike_R"],"player_choice":"Became Test Subject","damage_taken":0,"max_hp_gain":0,"max_hp_loss":0,"event_name":"Drug Dealer","floor":19,"gold_loss":0,"cards_obtained":["Clothesline","Infernal Blade"]},{"damage_healed":0,"gold_gain":0,"player_choice":"Stole Relic","damage_taken":0,"relics_obtained":["Omamori"],"max_hp_gain":0,"max_hp_loss":0,"event_name":"Addict","floor":27,"gold_loss":0,"cards_obtained":["Shame"]},{"damage_healed":0,"gold_gain":0,"player_choice":"Ignored","damage_taken":0,"max_hp_gain":0,"max_hp_loss":0,"event_name":"Tomb of Lord Red Mask","floor":39,"gold_loss":0},{"damage_healed":0,"gold_gain":0,"player_choice":"Embrace Madness","damage_taken":15,"max_hp_gain":0,"max_hp_loss":0,"event_name":"Winding Halls","floor":41,"gold_loss":0,"cards_obtained":["Madness","Madness"]}],"is_beta":false,"boss_relics":[{"not_picked":["Velvet Choker","Black Blood"],"picked":"Calling Bell"},{"not_picked":["Mark of Pain","SlaversCollar"],"picked":"Cursed Key"}],"items_purged_floors":[21,30,54],"is_endless":false,"potions_floor_spawned":[2,4,10,12,16,20,25,31,33,40,44,47],"ascension_level":20}}