{"host":"94aus4jnk6thj94q","time":1613210463,"event":{"mods":["BaseMod","Minty Spire (QoL Compilation)","Quick Restart","StSLib"],"gold_per_floor":[114,289,24,38,52,52,86,86,110,135,59,75,29,42,42,168,168,181,201,42,42,66,99,99,115,115,115,151,172,193,206,206,327,327,352,367,140,160,178,178,197,218,218,239,273,293,329,56,56,56,56,56,18,59,59,59],"floor_reached":55,"language":"ENG","playtime":3678,"items_purged":["Doubt","Injury"],"score":777,"play_id":"df74c252-aa71-459b-9400-c0c6e3ea32c6","local_time":"20210213120103","is_ascension_mode":false,"campfire_choices":[{"data":"Defragment","floor":6.0,"key":"SMITH"},{"data":"Defragment","floor":15.0,"key":"SMITH"},{"floor":24.0,"key":"REST"},{"floor":27.0,"key":"RECALL"},{"floor":32.0,"key":"REST"},{"floor":40.0,"key":"REST"},{"floor":49,"key":"REST"},{"data":"Blizzard","floor":52,"key":"SMITH"}],"circlet_count":0,"master_deck":["Strike_B","Strike_B","Strike_B","Strike_B","Defend_B","Defend_B","Defend_B","Defend_B","Zap","Dualcast","Ball Lightning","Defragment+1","Glacier","Undo","Blizzard+1","Chaos","Ball Lightning","Conserve Battery","Defragment+1","Ball Lightning","Electrodynamics","Chill","Cold Snap","Capacitor","Defragment","Melter+1","Chaos+1","Cold Snap","Thunder Strike","Force Field+1","Parasite","Consume","Loop","Static Discharge"],"relics":["Cracked Core","NeowsBlessing","Membership Card","MealTicket","Golden Idol","DataDisk","Nuclear Battery","HornCleat","Strawberry","Lantern","Inserter","TheAbacus","Blood Vial","Art of War","PreservedInsect","Bag of Preparation","Nunchaku","Mummified Hand","Sling","Akabeko","Pocketwatch"],"acts_visited":["Exordium","TheCity","TheBeyond","TheEnding"],"potions_floor_usage":[],"damage_taken":[{"damage":0.0,"enemies":"Small Slimes","floor":1.0,"turns":1.0},{"damage":0.0,"enemies":"2 Louse","floor":4.0,"turns":1.0},{"damage":0.0,"enemies":"Cultist","floor":5.0,"turns":1.0},{"damage":12.0,"enemies":"3 Sentries","floor":7.0,"turns":10.0},{"damage":0.0,"enemies":"Gremlin Gang","floor":10.0,"turns":5.0},{"damage":0.0,"enemies":"Blue Slaver","floor":12.0,"turns":3.0},{"damage":3.0,"enemies":"Exordium Wildlife","floor":14.0,"turns":2.0},{"damage":21.0,"enemies":"Hexaghost","floor":16.0,"turns":9.0},{"damage":0.0,"enemies":"Chosen","floor":18.0,"turns":4.0},{"damage":0.0,"enemies":"Shell Parasite","floor":19.0,"turns":3.0},{"damage":1.0,"enemies":"Centurion and Healer","floor":22.0,"turns":6.0},{"damage":22.0,"enemies":"Slavers","floor":23.0,"turns":4.0},{"damage":1.0,"enemies":"Snecko","floor":25.0,"turns":4.0},{"damage":34.0,"enemies":"Gremlin Leader","floor":28.0,"turns":7.0},{"damage":0.0,"enemies":"Cultist and Chosen","floor":29.0,"turns":5.0},{"damage":2.0,"enemies":"Snake Plant","floor":30.0,"turns":3.0},{"damage":1.0,"enemies":"Snecko","floor":31.0,"turns":6.0},{"damage":2.0,"enemies":"Champ","floor":33.0,"turns":11.0},{"damage":0.0,"enemies":"3 Shapes","floor":35.0,"turns":2.0},{"damage":1.0,"enemies":"Orb Walker","floor":36.0,"turns":4.0},{"damage":16.0,"enemies":"Writhing Mass","floor":38.0,"turns":7.0},{"damage":30.0,"enemies":"Transient","floor":39.0,"turns":5.0},{"damage":14.0,"enemies":"Jaw Worm Horde","floor":41.0,"turns":3.0},{"damage":0.0,"enemies":"4 Shapes","floor":42.0,"turns":5.0},{"damage":2.0,"enemies":"Maw","floor":44.0,"turns":7.0},{"damage":8.0,"enemies":"Giant Head","floor":45.0,"turns":9.0},{"damage":25,"enemies":"Writhing Mass","floor":46,"turns":5},{"damage":36,"enemies":"Nemesis","floor":47,"turns":7},{"damage":13,"enemies":"Awakened One","floor":50,"turns":15},{"damage":85,"enemies":"Shield and Spear","floor":54,"turns":5},{"damage":47,"enemies":"The Heart","floor":55,"turns":2}],"seed_played":"-199592545997701590","potions_obtained":[{"floor":5.0,"key":"Block Potion"},{"floor":7.0,"key":"GamblersBrew"},{"floor":10.0,"key":"Fruit Juice"},{"floor":16.0,"key":"Regen Potion"},{"floor":18.0,"key":"PotionOfCapacity"},{"floor":23.0,"key":"PotionOfCapacity"},{"floor":28.0,"key":"FocusPotion"},{"floor":30.0,"key":"Fruit Juice"},{"floor":38.0,"key":"Fruit Juice"},{"floor":42.0,"key":"GamblersBrew"},{"floor":45.0,"key":"EssenceOfDarkness"}],"is_trial":false,"path_per_floor":["M","?","$","M","M","R","E","?","T","M","$","M","$","M","R","B",null,"M","M","$","?","M","E","R","M","T","R","E","M","M","M","R","B",null,"M","M","$","M","M","R","M","M","T","M","E","M","E","$","R","B",null,"R","$","E","B"],"character_chosen":"DEFECT","items_purchased":["Membership Card","Defragment","Ball Lightning","Defragment","Ball Lightning","HornCleat","Capacitor","TheAbacus","Blood Vial","Art of War","Mummified Hand","Sling","Akabeko","Static Discharge"],"campfire_rested":4,"item_purchase_floors":[3,3,11,13,13,20,20,37,37,37,48,48,48,53],"current_hp_per_floor":[75,75,75,75,75,75,63,63,63,63,75,75,75,72,72,51,75,75,75,75,75,74,59,82,81,81,81,47,61,59,63,87,90,92,92,91,92,76,48,75,63,65,65,65,64,41,7,22,51,40,97,97,97,12,0,0],"gold":59,"neow_bonus":"THREE_ENEMY_KILL","is_daily":false,"chose_seed":false,"campfire_upgraded":3,"win_rate":0.0,"timestamp":1613210463,"path_taken":["M","?","$","M","M","R","E","?","T","M","$","M","$","M","R","BOSS","M","M","$","?","M","E","R","M","T","R","E","?","M","M","R","BOSS","M","M","$","M","?","R","M","?","T","M","E","M","E","$","R","BOSS","R","$","E","BOSS"],"items_purchased_type":["Relic","Card","Card","Card","Card","Relic","Card","Relic","Relic","Relic","Relic","Relic","Relic","Card"],"build_version":"2020-12-22","purchased_purges":2,"victory":false,"max_hp_per_floor":[75,75,75,75,75,75,75,75,75,75,75,75,75,75,75,75,75,75,75,75,75,75,82,82,82,82,82,82,82,82,87,87,92,92,92,92,92,92,92,92,92,92,92,92,97,97,97,97,97,97,97,97,97,97,97,97],"card_choices":[{"not_picked":["Beam Cell","Storm"],"picked":"Ball Lightning","floor":1.0},{"not_picked":["Aggregate","Ball Lightning"],"picked":"Glacier","floor":4.0},{"not_picked":["Biased Cognition","Coolheaded"],"picked":"Undo","floor":5.0},{"not_picked":["Cold Snap","Hello World"],"picked":"Blizzard","floor":7.0},{"not_picked":["Compile Driver","Multi-Cast"],"picked":"Chaos","floor":10.0},{"not_picked":["Reinforced Body","Sweeping Beam"],"picked":"Conserve Battery","floor":12.0},{"not_picked":["Steam Power","Beam Cell","Stack"],"picked":"SKIP","floor":14.0},{"not_picked":["Biased Cognition","Amplify"],"picked":"Electrodynamics","floor":16.0},{"not_picked":["Double Energy+1","Turbo"],"picked":"Chill","floor":18.0},{"not_picked":["BootSequence+1","Sunder"],"picked":"Cold Snap","floor":19.0},{"not_picked":["Conserve Battery","Go for the Eyes"],"picked":"Defragment","floor":22.0},{"not_picked":["Lockon","Ball Lightning"],"picked":"Melter+1","floor":23.0},{"not_picked":["All For One","Force Field","Glacier"],"picked":"SKIP","floor":25.0},{"not_picked":["Capacitor","Darkness","Beam Cell"],"picked":"SKIP","floor":28.0},{"not_picked":["Redo","Streamline"],"picked":"Chaos+1","floor":29.0},{"not_picked":["Rebound","Streamline"],"picked":"Cold Snap","floor":30.0},{"not_picked":["Reprogram","Barrage+1","Gash+1"],"picked":"SKIP","floor":31.0},{"not_picked":["Multi-Cast","Hyperbeam"],"picked":"Thunder Strike","floor":33.0},{"not_picked":["Conserve Battery+1","Darkness"],"picked":"Force Field+1","floor":35.0},{"not_picked":["Conserve Battery+1","Double Energy","Heatsinks"],"picked":"SKIP","floor":36.0},{"not_picked":["Gash","Barrage+1","Auto Shields"],"picked":"SKIP","floor":38.0},{"not_picked":["Undo","Barrage+1","Tempest+1"],"picked":"SKIP","floor":39.0},{"not_picked":["Chaos+1","Melter+1"],"picked":"Consume","floor":41.0},{"not_picked":["Chaos","Streamline","Hello World+1"],"picked":"SKIP","floor":42.0},{"not_picked":["Stack","Compile Driver+1","Redo+1"],"picked":"SKIP","floor":44.0},{"not_picked":["Turbo+1","Gash","Machine Learning"],"picked":"SKIP","floor":45.0},{"not_picked":["Turbo","Streamline+1","Coolheaded+1"],"picked":"SKIP","floor":46},{"not_picked":["Go for the Eyes+1","Lockon"],"picked":"Loop","floor":47},{"not_picked":["Compile Driver+1","Redo+1","Capacitor+1"],"picked":"SKIP","floor":54}],"player_experience":4484700,"relics_obtained":[{"floor":7.0,"key":"MealTicket"},{"floor":9.0,"key":"DataDisk"},{"floor":23.0,"key":"Strawberry"},{"floor":28.0,"key":"Lantern"},{"floor":43.0,"key":"PreservedInsect"},{"floor":45.0,"key":"Bag of Preparation"},{"floor":47,"key":"Nunchaku"},{"floor":54,"key":"Pocketwatch"}],"event_choices":[{"damage_healed":0.0,"max_hp_gain":0.0,"max_hp_loss":0.0,"gold_gain":175.0,"event_name":"Liars Game","player_choice":"AGREE","floor":2.0,"gold_loss":0.0,"damage_taken":0.0,"cards_obtained":["Doubt"]},{"damage_healed":0.0,"max_hp_gain":0.0,"max_hp_loss":0.0,"gold_gain":0.0,"event_name":"Golden Idol","player_choice":"Take Wound","floor":8.0,"gold_loss":0.0,"damage_taken":0.0,"relics_obtained":["Golden Idol"],"cards_obtained":["Injury"]},{"damage_healed":0.0,"max_hp_gain":0.0,"max_hp_loss":0.0,"gold_gain":0.0,"event_name":"NoteForYourself","player_choice":"Ignored","floor":21.0,"gold_loss":0.0,"damage_taken":0.0}],"is_beta":false,"boss_relics":[{"not_picked":["Pandora\u0027s Box","Fusion Hammer"],"picked":"Nuclear Battery"},{"not_picked":["Astrolabe","Empty Cage"],"picked":"Inserter"}],"items_purged_floors":[3,11],"is_endless":false,"potions_floor_spawned":[5,7,10,16,18,23,28,30,38,42,45,46],"killed_by":"The Heart","ascension_level":0}}