{"host":"prxrhpgaxnj4om9r","time":1613212307,"event":{"mods":["AchievementEnabler","BaseMod","DeckTracker","Minty Spire (QoL Compilation)"],"gold_per_floor":[116,191,208,208,223,258,258,276,303,323,323,323,334,8,8,105,105,121,121,145,172,184,196,236,261,320,1,1,1],"floor_reached":28,"language":"KOR","playtime":1343,"items_purged":["Noxious Fumes"],"score":240,"play_id":"95f83846-a41f-42c2-ba7d-421c584e2283","local_time":"20210213193147","is_ascension_mode":false,"campfire_choices":[{"floor":7,"key":"REST"},{"floor":12,"key":"REST"},{"floor":15,"key":"REST"},{"data":"Bullet Time","floor":23,"key":"SMITH"}],"circlet_count":0,"master_deck":["Survivor","Neutralize","Discovery","All Out Attack","Acrobatics","Cloak And Dagger","Outmaneuver","Blur","Caltrops","Choke","Underhanded Strike","Die Die Die","A Thousand Cuts","Dagger Spray","Bouncing Flask","Tools of the Trade","Die Die Die","Storm of Steel","Bullet Time+1","Slice","Unload","Terror+1","Footwork","Eviscerate","Dodge and Roll"],"relics":["Ring of the Snake","Oddly Smooth Stone","StoneCalendar","Pandora\u0027s Box","MawBank","Ninja Scroll","Strawberry","Membership Card","Tough Bandages"],"acts_visited":["Exordium","TheCity"],"potions_floor_usage":[6,8,20,24,24],"damage_taken":[{"damage":0,"enemies":"Cultist","floor":1,"turns":4},{"damage":0,"enemies":"Jaw Worm","floor":3,"turns":4},{"damage":7,"enemies":"2 Louse","floor":5,"turns":3},{"damage":36,"enemies":"Gremlin Nob","floor":6,"turns":5},{"damage":10,"enemies":"Exordium Thugs","floor":8,"turns":5},{"damage":0,"enemies":"Blue Slaver","floor":10,"turns":4},{"damage":1,"enemies":"3 Louse","floor":13,"turns":3},{"damage":43,"enemies":"Slime Boss","floor":16,"turns":7},{"damage":11,"enemies":"Shell Parasite","floor":18,"turns":5},{"damage":8,"enemies":"2 Thieves","floor":20,"turns":3},{"damage":0,"enemies":"3 Cultists","floor":21,"turns":3},{"damage":27,"enemies":"Book of Stabbing","floor":24,"turns":5},{"damage":17,"enemies":"Cultist and Chosen","floor":25,"turns":5},{"damage":15,"enemies":"Snake Plant","floor":28,"turns":1}],"seed_played":"-6860726934146584287","potions_obtained":[{"floor":1,"key":"SteroidPotion"},{"floor":5,"key":"SpeedPotion"},{"floor":6,"key":"PowerPotion"},{"floor":13,"key":"SpeedPotion"},{"floor":20,"key":"EssenceOfSteel"},{"floor":24,"key":"Dexterity Potion"}],"is_trial":false,"path_per_floor":["M","?","M","?","M","E","R","M","T","M","?","R","M","$","R","B",null,"M","?","M","M","?","R","E","M","T","$","M"],"character_chosen":"THE_SILENT","items_purchased":["StoneCalendar","Underhanded Strike","Membership Card","Tough Bandages"],"campfire_rested":3,"item_purchase_floors":[14,14,27,27],"current_hp_per_floor":[70,59,59,45,38,2,23,13,13,13,6,27,26,26,47,4,70,59,59,51,51,51,51,24,7,14,14,0,0],"gold":1,"neow_bonus":"RANDOM_COLORLESS","is_daily":false,"chose_seed":false,"campfire_upgraded":1,"win_rate":0.0,"timestamp":1613212307,"path_taken":["M","?","M","?","M","E","R","M","T","M","?","R","?","$","R","BOSS","M","?","M","M","?","R","E","M","T","$","M"],"items_purchased_type":["Relic","Card","Relic","Relic"],"build_version":"2020-12-22","purchased_purges":1,"victory":false,"max_hp_per_floor":[70,70,70,70,70,70,70,70,70,70,70,70,70,70,70,70,70,70,70,70,70,70,70,70,70,77,77,77,77],"card_choices":[{"not_picked":["Dramatic Entrance","Forethought"],"picked":"Discovery","floor":0},{"not_picked":["Flying Knee","Bane"],"picked":"All Out Attack","floor":1},{"not_picked":["Deflect","Heel Hook"],"picked":"Acrobatics","floor":3},{"not_picked":["Setup","Prepared"],"picked":"Cloak And Dagger","floor":5},{"not_picked":["Poisoned Stab","Heel Hook"],"picked":"Outmaneuver","floor":6},{"not_picked":["Acrobatics","Dagger Throw"],"picked":"Blur","floor":8},{"not_picked":["Flechettes","Poisoned Stab"],"picked":"Caltrops","floor":10},{"not_picked":["Bouncing Flask","Flying Knee"],"picked":"Choke","floor":13},{"not_picked":["Corpse Explosion","Night Terror"],"picked":"Die Die Die","floor":16},{"not_picked":["Infinite Blades+1","Masterful Stab"],"picked":"Terror+1","floor":18},{"not_picked":["Deflect","Acrobatics+1"],"picked":"Footwork","floor":20},{"not_picked":["Catalyst","Well Laid Plans","Blade Dance"],"picked":"SKIP","floor":21},{"not_picked":["Footwork","Malaise"],"picked":"Dodge and Roll","floor":24},{"not_picked":["Bouncing Flask","Dagger Throw","Noxious Fumes"],"picked":"SKIP","floor":25}],"player_experience":425876,"relics_obtained":[{"floor":6,"key":"Oddly Smooth Stone"},{"floor":24,"key":"Ninja Scroll"},{"floor":26,"key":"Strawberry"}],"event_choices":[{"damage_healed":0,"gold_gain":75,"player_choice":"Gather Gold","damage_taken":11,"max_hp_gain":0,"max_hp_loss":0,"event_name":"World of Goop","floor":2,"gold_loss":0},{"damage_healed":0,"gold_gain":0,"player_choice":"Entered Light","damage_taken":14,"max_hp_gain":0,"max_hp_loss":0,"event_name":"Shining Light","floor":4,"gold_loss":0,"cards_upgraded":["Strike_G","Strike_G"]},{"damage_healed":0,"gold_gain":0,"player_choice":"Damaged","damage_taken":7,"max_hp_gain":0,"max_hp_loss":0,"event_name":"Wheel of Change","floor":11,"gold_loss":0},{"damage_healed":0,"gold_gain":0,"player_choice":"Opened","damage_taken":0,"relics_obtained":["MawBank"],"max_hp_gain":0,"max_hp_loss":0,"event_name":"The Mausoleum","floor":19,"gold_loss":0},{"damage_healed":0,"gold_gain":0,"player_choice":"Read","damage_taken":0,"max_hp_gain":0,"max_hp_loss":0,"event_name":"The Library","floor":22,"gold_loss":0,"cards_obtained":["Eviscerate"]}],"is_beta":false,"boss_relics":[{"not_picked":["Philosopher\u0027s Stone","Black Star"],"picked":"Pandora\u0027s Box"}],"items_purged_floors":[27],"is_endless":false,"potions_floor_spawned":[1,5,6,13,20,24],"killed_by":"Snake Plant","ascension_level":0}}