{"host":"p6y17sixyu8q9v1f","time":1613198734,"event":{"mods":["BaseMod","Colored Map","Minty Spire (QoL Compilation)"],"gold_per_floor":[119,119,119,129,142,169,186,186,186,186,136,136,11,34,34,155,155,179,179,32,32,32,68,68,112,183,196,196,196,271,281,281,385,385,396,396,441,122,137,166,166,196,223,234,277,298,357,386,386,386,386,386,130,171,171,171],"floor_reached":55,"language":"ENG","playtime":5572,"items_purged":["Strike_P","Defend_P"],"score":1014,"play_id":"21948cd6-2316-465c-8a16-86c559b98786","local_time":"20210213004534","is_ascension_mode":true,"campfire_choices":[{"data":"BattleHymn","floor":8,"key":"SMITH"},{"data":"Strike_P","floor":12,"key":"PURGE"},{"data":"Crescendo","floor":15,"key":"SMITH"},{"data":"Ragnarok","floor":24,"key":"SMITH"},{"floor":29,"key":"RECALL"},{"data":"Vigilance","floor":32,"key":"SMITH"},{"data":"1","floor":41,"key":"LIFT"},{"data":"2","floor":49,"key":"LIFT"},{"data":"3","floor":52,"key":"LIFT"}],"circlet_count":0,"master_deck":["Defend_P+1","Defend_P","Defend_P","Eruption+1","Vigilance+1","Consecrate","FollowUp","BowlingBash","BattleHymn+1","Consecrate","Crescendo+1","Ragnarok+1","FollowUp","FollowUp","FlurryOfBlows","MasterReality","FollowUp+1","Flash of Steel","Violence+1","Fasting2","EmptyBody+1","ForeignInfluence+1","Consecrate","JustLucky+1","Violence","FollowUp+1"],"relics":["PureWater","Peace Pipe","Shuriken","Bloody Idol","Black Star","Boot","Kunai","Eternal Feather","Bag of Preparation","Meat on the Bone","Darkstone Periapt","Mercury Hourglass","Girya","Oddly Smooth Stone","Dead Branch","Centennial Puzzle","War Paint","CloakClasp","CeramicFish","Yang","FossilizedHelix","Pocketwatch"],"acts_visited":["Exordium","TheCity","TheBeyond","TheEnding"],"potions_floor_usage":[6,14,16,16,22,23,33,37,45,45,48,50,50],"damage_taken":[{"damage":6,"enemies":"2 Louse","floor":1,"turns":2},{"damage":0,"enemies":"Cultist","floor":4,"turns":2},{"damage":0,"enemies":"Small Slimes","floor":5,"turns":2},{"damage":0,"enemies":"Lagavulin","floor":6,"turns":3},{"damage":2,"enemies":"3 Louse","floor":7,"turns":2},{"damage":4,"enemies":"Exordium Thugs","floor":14,"turns":2},{"damage":8,"enemies":"Hexaghost","floor":16,"turns":6},{"damage":8,"enemies":"Shell Parasite","floor":18,"turns":3},{"damage":23,"enemies":"Gremlin Leader","floor":23,"turns":4},{"damage":11,"enemies":"Slavers","floor":25,"turns":2},{"damage":0,"enemies":"Spheric Guardian","floor":27,"turns":1},{"damage":28,"enemies":"Centurion and Healer","floor":31,"turns":2},{"damage":14,"enemies":"Collector","floor":33,"turns":4},{"damage":0,"enemies":"Orb Walker","floor":35,"turns":1},{"damage":22,"enemies":"2 Orb Walkers","floor":37,"turns":3},{"damage":24,"enemies":"3 Shapes","floor":39,"turns":2},{"damage":38,"enemies":"Reptomancer","floor":40,"turns":4},{"damage":32,"enemies":"Giant Head","floor":42,"turns":6},{"damage":24,"enemies":"Sphere and 2 Shapes","floor":44,"turns":1},{"damage":28,"enemies":"Nemesis","floor":45,"turns":5},{"damage":0,"enemies":"Transient","floor":46,"turns":5},{"damage":0,"enemies":"Mind Bloom Boss Battle","floor":47,"turns":2},{"damage":0,"enemies":"Spire Growth","floor":48,"turns":4},{"damage":13,"enemies":"Awakened One","floor":50,"turns":5},{"damage":0,"enemies":"Shield and Spear","floor":54,"turns":2},{"damage":82,"enemies":"The Heart","floor":55,"turns":2}],"seed_played":"-4562041222711712418","potions_obtained":[{"floor":4,"key":"ColorlessPotion"},{"floor":5,"key":"Weak Potion"},{"floor":7,"key":"GamblersBrew"},{"floor":14,"key":"BottledMiracle"},{"floor":16,"key":"Strength Potion"},{"floor":18,"key":"StancePotion"},{"floor":22,"key":"Fruit Juice"},{"floor":22,"key":"Regen Potion"},{"floor":31,"key":"GamblersBrew"},{"floor":33,"key":"Fruit Juice"},{"floor":40,"key":"Regen Potion"},{"floor":44,"key":"ColorlessPotion"},{"floor":45,"key":"SkillPotion"},{"floor":47,"key":"Strength Potion"}],"is_trial":false,"path_per_floor":["M","?","?","M","M","E","M","R","T","?","?","R","$","M","R","B",null,"M","?","$","T","?","E","R","E","T","M","?","R","?","M","R","B",null,"M","?","?","$","M","E","R","E","T","M","E","M","?","M","R","B",null,"R","$","E","B"],"character_chosen":"WATCHER","items_purchased":["Consecrate","Boot","Oddly Smooth Stone","Violence","Violence"],"campfire_rested":0,"item_purchase_floors":[13,20,38,38,53],"current_hp_per_floor":[66,71,71,71,71,71,69,69,69,69,69,69,69,65,65,57,68,60,60,60,60,65,54,63,52,52,52,52,61,59,48,57,53,74,79,79,62,62,55,34,46,31,36,29,37,59,69,79,81,68,78,81,81,81,0,0],"gold":171,"neow_bonus":"UPGRADE_CARD","is_daily":false,"chose_seed":false,"campfire_upgraded":4,"win_rate":0.0,"timestamp":1613198734,"path_taken":["M","?","?","M","?","E","M","R","T","?","?","R","$","M","R","BOSS","M","?","$","?","?","E","R","E","T","?","?","R","?","M","R","BOSS","M","?","?","$","M","E","R","E","T","M","E","M","?","M","R","BOSS","R","$","E","BOSS"],"items_purchased_type":["Card","Relic","Relic","Card","Card"],"build_version":"2020-12-22","purchased_purges":2,"victory":false,"max_hp_per_floor":[72,77,77,77,77,77,77,77,77,71,71,71,71,71,71,71,71,71,71,71,71,76,76,76,76,76,76,76,76,76,76,76,81,81,81,81,81,81,81,81,81,81,81,81,81,81,81,81,81,81,81,81,81,81,81,81],"card_choices":[{"not_picked":["Vengeance","Wallop"],"picked":"Consecrate","floor":1},{"not_picked":["ClearTheMind","FlurryOfBlows"],"picked":"FollowUp","floor":4},{"not_picked":["ThirdEye","Tantrum"],"picked":"BowlingBash","floor":5},{"not_picked":["SandsOfTime","FlyingSleeves","ReachHeaven"],"picked":"SKIP","floor":6},{"not_picked":["Weave","InnerPeace"],"picked":"BattleHymn","floor":7},{"not_picked":["FlyingSleeves","LikeWater"],"picked":"Crescendo","floor":14},{"not_picked":["DevaForm","Omniscience"],"picked":"Ragnarok","floor":16},{"not_picked":["Protect","BowlingBash+1"],"picked":"FollowUp","floor":18},{"not_picked":["EmptyMind","Wish"],"picked":"FollowUp","floor":23},{"not_picked":["InnerPeace","Protect+1","ThirdEye"],"picked":"SKIP","floor":25},{"not_picked":["Crescendo","Evaluate+1"],"picked":"FlurryOfBlows","floor":27},{"not_picked":["CutThroughFate","Nirvana","JustLucky"],"picked":"SKIP","floor":31},{"not_picked":["ConjureBlade","Blasphemy"],"picked":"MasterReality","floor":33},{"not_picked":["Vengeance+1","Evaluate+1"],"picked":"FollowUp+1","floor":35},{"not_picked":["Forethought","PanicButton"],"picked":"Flash of Steel","floor":36},{"not_picked":["TalkToTheHand","WindmillStrike+1"],"picked":"Fasting2","floor":39},{"not_picked":["Weave+1","Collect","Study"],"picked":"SKIP","floor":40},{"not_picked":["Prostrate","PathToVictory","DeceiveReality"],"picked":"SKIP","floor":42},{"not_picked":["CutThroughFate+1","DeceiveReality+1","ReachHeaven+1"],"picked":"SKIP","floor":44},{"not_picked":["Wish","BowlingBash"],"picked":"EmptyBody+1","floor":45},{"not_picked":["Adaptation+1","CrushJoints"],"picked":"ForeignInfluence+1","floor":46},{"not_picked":["SandsOfTime","Halt+1"],"picked":"Consecrate","floor":47},{"not_picked":["Conclude","Sanctity+1"],"picked":"JustLucky+1","floor":48},{"not_picked":["ForeignInfluence","JustLucky+1"],"picked":"FollowUp+1","floor":54}],"player_experience":1086615,"relics_obtained":[{"floor":6,"key":"Peace Pipe"},{"floor":9,"key":"Shuriken"},{"floor":21,"key":"Kunai"},{"floor":23,"key":"Eternal Feather"},{"floor":23,"key":"Bag of Preparation"},{"floor":25,"key":"Meat on the Bone"},{"floor":25,"key":"Darkstone Periapt"},{"floor":26,"key":"Mercury Hourglass"},{"floor":37,"key":"Girya"},{"floor":40,"key":"Dead Branch"},{"floor":40,"key":"Centennial Puzzle"},{"floor":42,"key":"War Paint"},{"floor":42,"key":"CloakClasp"},{"floor":45,"key":"CeramicFish"},{"floor":45,"key":"Yang"},{"floor":47,"key":"FossilizedHelix"},{"floor":54,"key":"Pocketwatch"}],"event_choices":[{"damage_healed":0,"gold_gain":0,"player_choice":"Donut","damage_taken":0,"max_hp_gain":5,"max_hp_loss":0,"event_name":"Big Fish","floor":2,"gold_loss":0},{"damage_healed":0,"gold_gain":0,"cards_transformed":["Strike_P"],"player_choice":"Transformed","damage_taken":0,"max_hp_gain":0,"max_hp_loss":0,"event_name":"Transmorgrifier","floor":3,"gold_loss":0,"cards_obtained":["Vengeance"]},{"damage_healed":0,"gold_gain":0,"player_choice":"Lose Max HP","damage_taken":0,"relics_obtained":["Golden Idol"],"max_hp_gain":0,"max_hp_loss":6,"event_name":"Golden Idol","floor":10,"gold_loss":0},{"cards_removed":["Strike_P"],"damage_healed":0,"gold_gain":0,"player_choice":"Card Removal","damage_taken":0,"max_hp_gain":0,"max_hp_loss":0,"event_name":"The Cleric","floor":11,"gold_loss":50},{"cards_removed":["Vengeance"],"damage_healed":0,"gold_gain":0,"player_choice":"Purged","damage_taken":0,"max_hp_gain":0,"max_hp_loss":0,"event_name":"Purifier","floor":19,"gold_loss":0},{"damage_healed":0,"gold_gain":0,"player_choice":"Got Potions","damage_taken":0,"max_hp_gain":0,"max_hp_loss":0,"event_name":"Lab","floor":22,"gold_loss":0},{"damage_healed":0,"gold_gain":0,"player_choice":"Gave Idol","damage_taken":0,"relics_obtained":["Bloody Idol"],"max_hp_gain":0,"max_hp_loss":0,"event_name":"Forgotten Altar","floor":28,"relics_lost":["Golden Idol"],"gold_loss":0},{"damage_healed":0,"gold_gain":75,"player_choice":"Touch","damage_taken":7,"max_hp_gain":0,"max_hp_loss":0,"event_name":"FaceTrader","floor":30,"gold_loss":0},{"damage_healed":0,"gold_gain":0,"player_choice":"Memory 1","damage_taken":0,"max_hp_gain":0,"max_hp_loss":0,"event_name":"SensoryStone","floor":36,"gold_loss":0},{"damage_healed":0,"gold_gain":0,"player_choice":"Fight","damage_taken":0,"max_hp_gain":0,"max_hp_loss":0,"event_name":"Mysterious Sphere","floor":37,"gold_loss":0},{"damage_healed":0,"gold_gain":0,"player_choice":"Fight","damage_taken":0,"max_hp_gain":0,"max_hp_loss":0,"event_name":"MindBloom","floor":47,"gold_loss":0}],"is_beta":false,"boss_relics":[{"not_picked":["Philosopher\u0027s Stone","Empty Cage"],"picked":"Black Star"},{"not_picked":["Coffee Dripper","Runic Dome","Snecko Eye"]}],"items_purged_floors":[13,53],"is_endless":false,"potions_floor_spawned":[4,5,7,14,16,18,31,33,40,44,45,47],"killed_by":"The Heart","ascension_level":5}}