{"host":"yg1n0qads92lo9wl","time":1613195774,"event":{"mods":["BaseMod","Downfall","Luminous","Minty Spire (QoL Compilation)","StSLib","Warlord Emblem"],"gold_per_floor":[99,119,139,155,330,330,330,430,16,16,52,96,136,172,195,311,323,335,369,394,406,428,440,501,528,581,612,213,213,213,50,50,50,50],"floor_reached":32,"language":"ZHS","playtime":5033,"items_purged":["Doubt"],"score":361,"play_id":"8fc6290e-a4ca-4f89-a0d7-4fa653c09b19","local_time":"20210213135614","is_ascension_mode":true,"campfire_choices":[{"data":"hexamod:GhostflameInferno","floor":1.0,"key":"SMITH"},{"data":"hexamod:Float","floor":6.0,"key":"SMITH"},{"floor":10.0,"key":"REST"},{"data":"hexamod:FlameSwitch","floor":18.0,"key":"SMITH"},{"floor":23.0,"key":"REST"},{"floor":29.0,"key":"REST"}],"circlet_count":0,"master_deck":["hexamod:Strike","hexamod:Strike","hexamod:Strike","hexamod:Strike","hexamod:Defend","hexamod:Defend","hexamod:Defend","hexamod:Defend","hexamod:Sear","hexamod:Float+1","hexamod:GhostflameInferno+1","hexamod:BacktrackSmack","hexamod:SoulSteal","hexamod:SecondSeal","hexamod:RadiantFlame","hexamod:RetreatToShadows","hexamod:SkipABeat","hexamod:FlameSwitch+1","hexamod:ShieldOfDarkness","hexamod:WildfireWeapon","hexamod:GhostOfSpirePast+1","hexamod:HeatCrush+1","hexamod:FastForward","hexamod:GhostOfSpirePast","hexamod:FastForward","hexamod:FourthSeal","hexamod:FirstSeal","hexamod:ThirdSeal","hexamod:SpectralAdrenaline","hexamod:ForkedFlame"],"relics":["hexamod:SpiritBrand","Bag of Marbles","downfall:GremlinWheel","Matryoshka","MawBank","Kunai","bronze:MakeshiftBattery","Centennial Puzzle","Omamori","Question Card","Letter Opener","Art of War","Oddly Smooth Stone"],"acts_visited":["Exordium","TheCity"],"potions_floor_usage":[32],"damage_taken":[{"damage":3.0,"enemies":"2 Louse","floor":2.0,"turns":2.0},{"damage":0.0,"enemies":"Cultist","floor":3.0,"turns":3.0},{"damage":12.0,"enemies":"Jaw Worm","floor":4.0,"turns":2.0},{"damage":31.0,"enemies":"Jaw Worm","floor":8.0,"turns":4.0},{"damage":0.0,"enemies":"downfall:FleeingMerchant","floor":9.0,"turns":4.0},{"damage":6.0,"enemies":"Lots of Slimes","floor":11.0,"turns":3.0},{"damage":26.0,"enemies":"3 Sentries","floor":12.0,"turns":5.0},{"damage":1.0,"enemies":"Blue Slaver","floor":13.0,"turns":3.0},{"damage":1.0,"enemies":"Exordium Thugs","floor":14.0,"turns":4.0},{"damage":1.0,"enemies":"2 Fungi Beasts","floor":15.0,"turns":2.0},{"damage":0.0,"enemies":"SI_SHIV_ARCHETYPE","floor":16.0,"turns":9.0},{"damage":26.0,"enemies":"Shell Parasite","floor":19.0,"turns":6.0},{"damage":0.0,"enemies":"Chosen and Byrds","floor":20.0,"turns":3.0},{"damage":3.0,"enemies":"3 Cultists","floor":22.0,"turns":4.0},{"damage":13.0,"enemies":"Centurion and Healer","floor":25.0,"turns":5.0},{"damage":40.0,"enemies":"Book of Stabbing","floor":26.0,"turns":6.0},{"damage":0.0,"enemies":"Snecko","floor":27.0,"turns":3.0},{"damage":3.0,"enemies":"downfall:FleeingMerchant","floor":28.0,"turns":4.0},{"damage":6,"enemies":"downfall:FleeingMerchant","floor":31,"turns":4},{"damage":23,"enemies":"Snake Plant","floor":32,"turns":2}],"seed_played":"9053108612841730710","potions_obtained":[{"floor":2.0,"key":"DuplicationPotion"},{"floor":4.0,"key":"bronze:BurnAndBuffPotion"},{"floor":11.0,"key":"CultistPotion"},{"floor":12.0,"key":"AttackPotion"},{"floor":15.0,"key":"Dexterity Potion"},{"floor":21.0,"key":"Dexterity Potion"},{"floor":21.0,"key":"SneckoOil"},{"floor":21.0,"key":"Fire Potion"},{"floor":22.0,"key":"SkillPotion"},{"floor":26.0,"key":"Dexterity Potion"},{"floor":27.0,"key":"Fire Potion"},{"floor":31,"key":"Block Potion"}],"is_trial":false,"path_per_floor":["R","M","M","M","?","R","T","?","$","R","M","E","M","M","M","B",null,"R","M","M","?","M","R","T","M","E","M","$","R","?","$","M"],"character_chosen":"THE_SPIRIT","items_purchased":["Matryoshka","hexamod:SecondSeal","Letter Opener","Art of War","Oddly Smooth Stone"],"campfire_rested":3,"item_purchase_floors":[9,9,28,28,31],"current_hp_per_floor":[70,67,67,55,55,55,55,24,24,45,39,13,12,11,10,10,70,70,44,44,44,41,62,62,49,9,9,6,27,20,21,0,0,0],"gold":50,"neow_bonus":"ONE_RANDOM_RARE_CARD","is_daily":false,"chose_seed":false,"campfire_upgraded":3,"win_rate":0.0,"timestamp":1613195774,"path_taken":["R","M","M","M","?","R","T","?","$","R","M","E","?","?","M","BOSS","R","M","M","?","M","R","T","?","E","M","$","R","?","$","M"],"items_purchased_type":["Relic","Card","Relic","Relic","Relic"],"build_version":"2020-12-22","purchased_purges":1,"victory":false,"max_hp_per_floor":[70,70,70,70,70,70,70,70,70,70,70,70,70,70,70,70,70,70,70,70,70,70,70,70,70,70,70,70,70,70,70,70,70,70],"card_choices":[{"not_picked":["hexamod:PhantomFireball","hexamod:BurningTouch"],"picked":"hexamod:BacktrackSmack","floor":2.0},{"not_picked":["hexamod:InspiringFlames","hexamod:Firestarter"],"picked":"hexamod:SoulSteal","floor":3.0},{"not_picked":["hexamod:GhostLash","hexamod:NightmareStrike"],"picked":"hexamod:Hexaguard","floor":4.0},{"not_picked":["hexamod:NightmareGuise","hexamod:SuperheatedStrike","hexamod:NightmareStrike"],"picked":"SKIP","floor":9.0},{"not_picked":["hexamod:NightmareStrike","hexamod:SwordOfDarkness"],"picked":"hexamod:RadiantFlame","floor":11.0},{"not_picked":["hexamod:Firestarter","hexamod:BurningTouch"],"picked":"hexamod:RetreatToShadows","floor":12.0},{"not_picked":["hexamod:StepThrough","hexamod:GhostOfSpireFuture"],"picked":"hexamod:SkipABeat","floor":13.0},{"not_picked":["hexamod:FlamesFromBeyond","hexamod:FirstSeal"],"picked":"hexamod:FlameSwitch","floor":14.0},{"not_picked":["hexamod:BacktrackSmack","hexamod:NightmareStrike"],"picked":"hexamod:ShieldOfDarkness","floor":15.0},{"not_picked":["hexamod:GiftsFromTheDead","hexamod:Toasty"],"picked":"hexamod:WildfireWeapon","floor":16.0},{"not_picked":["hexamod:GhostShield","hexamod:NightmareStrike"],"picked":"hexamod:GhostOfSpirePast+1","floor":19.0},{"not_picked":["hexamod:SoulSteal","hexamod:NightmareStrike+1"],"picked":"hexamod:HeatCrush+1","floor":20.0},{"not_picked":["hexamod:InspiringFlames","hexamod:GhostLash+1","hexamod:ThermalTransfer"],"picked":"SKIP","floor":22.0},{"not_picked":["hexamod:NightmareGuise","hexamod:Hexaguard","hexamod:GhostLash"],"picked":"SKIP","floor":25.0},{"not_picked":["hexamod:BacktrackSmack","hexamod:SuperheatedStrike"],"picked":"hexamod:FastForward","floor":26.0},{"not_picked":["hexamod:FlamesFromBeyond+1","hexamod:AdvancingGuard","hexamod:SwordOfDarkness"],"picked":"hexamod:GhostOfSpirePast","floor":27.0},{"not_picked":["hexamod:InspiringFlames","hexamod:Firestarter","hexamod:SoulSteal+1"],"picked":"hexamod:FastForward","floor":28.0},{"not_picked":["hexamod:Haunt+1","hexamod:RecurringNightmare+1","hexamod:ShieldOfDarkness"],"picked":"hexamod:SpectralAdrenaline","floor":31},{"not_picked":["hexamod:Firestarter","hexamod:BacktrackSmack","hexamod:GhostShield"],"picked":"hexamod:ForkedFlame","floor":31}],"player_experience":519816,"relics_obtained":[{"floor":7.0,"key":"Bag of Marbles"},{"floor":8.0,"key":"downfall:GremlinWheel"},{"floor":10.0,"key":"MawBank"},{"floor":12.0,"key":"Kunai"},{"floor":24.0,"key":"Centennial Puzzle"},{"floor":24.0,"key":"Omamori"},{"floor":26.0,"key":"Question Card"}],"event_choices":[{"damage_healed":0.0,"max_hp_gain":0.0,"max_hp_loss":0.0,"gold_gain":0.0,"event_name":"Wheel of Change","player_choice":"Relic","floor":10.0,"gold_loss":0.0,"damage_taken":0.0},{"damage_healed":0.0,"max_hp_gain":0.0,"max_hp_loss":0.0,"gold_gain":0.0,"event_name":"Lab","player_choice":"Got Potions","floor":21.0,"gold_loss":0.0,"damage_taken":0.0}],"is_beta":false,"boss_relics":[{"not_picked":["Runic Pyramid","SacredBark"],"picked":"bronze:MakeshiftBattery"}],"items_purged_floors":[9],"is_endless":false,"potions_floor_spawned":[2,4,11,12,15,22,26,27],"killed_by":"Snake Plant","ascension_level":3}}