{"host":"24j0rle15g8q9bc9","time":1613187504,"event":{"mods":["2.2 Compatiblity","Act Like it!","Bartender","BaseMod","Better Note","Colored Map","Colored Powertips","DeckTracker","Downfall","Elementarium","Hallownest","Hubris","Jorbs\u0027s Wanderer Trilogy","Minty Spire (QoL Compilation)","Rare Cards Sparkle","Remilia??????","StSLib","The Bug Knight","The Death Knight","The Necromancer","Treasure Hunter"],"gold_per_floor":[99,112,112,125,35,49,72,72,100,0,33,43,43,28,44,140,140,40,54,66,83,0,12,12,29,29,29,29,29,29],"floor_reached":28,"language":"ENG","playtime":2471,"items_purged":["Pain"],"score":230,"play_id":"db4e9d8d-d1ba-46fd-898b-92758b4b71f3","local_time":"20210212233824","is_ascension_mode":false,"campfire_choices":[{"data":"Slimebound:Split","floor":1,"key":"SMITH"},{"data":"Slimebound:CorrosiveSpit","floor":8,"key":"SMITH"},{"floor":10,"key":"RECALL"},{"floor":13,"key":"REST"},{"data":"Slimebound:Gluttony","floor":18,"key":"SMITH"},{"floor":26,"key":"REST"}],"circlet_count":0,"master_deck":["Slimebound:Strike_Slimebound","Slimebound:Strike_Slimebound","Slimebound:Defend_Slimebound","Slimebound:Defend_Slimebound","Slimebound:Defend_Slimebound","Slimebound:Split+1","Slimebound:CorrosiveSpit+1","Slimebound:AcidTongue","Slimebound:Repurpose","Slimebound:LeadByExample","Slimebound:PressTheAttack","Slimebound:SplitLeeching","Slimebound:HauntingLick","Slimebound:SlimeSpikes","Slimebound:Gluttony+1","Slimebound:Nibble","Slimebound:Teamwork","Slimebound:SamplingLick","Slimebound:RainOfGoop","Slimebound:LevelUp","Injury"],"relics":["Slimebound:AbsorbEndCombat","WarpedTongs","Blood Vial","Gambling Chip","downfall:HeartBlessingGreen","White Beast Statue","hubris:Backtick","Slimebound:AggressiveSlimeRelic","downfall:HeartBlessingRed"],"acts_visited":["Exordium","TheCity"],"potions_floor_usage":[11,16,16,22,23],"damage_taken":[{"damage":8,"enemies":"Jaw Worm","floor":2,"turns":5},{"damage":6,"enemies":"Cultist","floor":4,"turns":6},{"damage":6,"enemies":"downfall:FleeingMerchant","floor":5,"turns":4},{"damage":6,"enemies":"2 Louse","floor":6,"turns":4},{"damage":28,"enemies":"3 Sentries","floor":9,"turns":9},{"damage":17,"enemies":"Lagavulin","floor":11,"turns":5},{"damage":0,"enemies":"2 Fungi Beasts","floor":12,"turns":4},{"damage":9,"enemies":"downfall:FleeingMerchant","floor":14,"turns":4},{"damage":32,"enemies":"Gremlin Gang","floor":15,"turns":4},{"damage":11,"enemies":"IC_STATUS_ARCHETYPE","floor":16,"turns":7},{"damage":7,"enemies":"Spheric Guardian","floor":19,"turns":4},{"damage":0,"enemies":"Chosen","floor":20,"turns":4},{"damage":45,"enemies":"Snecko","floor":21,"turns":6},{"damage":7,"enemies":"downfall:FleeingMerchant","floor":22,"turns":4},{"damage":0,"enemies":"Centurion and Healer","floor":23,"turns":5},{"damage":25,"enemies":"Cultist and Chosen","floor":25,"turns":7},{"damage":48,"enemies":"3 Cultists","floor":28,"turns":5}],"seed_played":"-5464553246390184760","potions_obtained":[{"floor":6,"key":"Weak Potion"},{"floor":11,"key":"sneckomod:MuddlingPotion"},{"floor":12,"key":"Guardian:BlockOnCardUsePotion"},{"floor":14,"key":"Swift Potion"},{"floor":16,"key":"EntropicBrew"},{"floor":19,"key":"SteroidPotion"},{"floor":20,"key":"bronze:BurnAndBuffPotion"},{"floor":22,"key":"GamblersBrew"},{"floor":23,"key":"LiquidMemories"},{"floor":25,"key":"FearPotion"}],"is_trial":false,"path_per_floor":["R","M","?","M","$","M","T","R","E","R","E","M","R","$","M","B",null,"R","M","M","M","$","M","T","M","R","?","M"],"character_chosen":"SLIMEBOUND","items_purchased":["Slimebound:LevelUp"],"campfire_rested":2,"item_purchase_floors":[22],"current_hp_per_floor":[71,67,67,65,63,59,59,59,37,37,28,34,55,52,26,25,71,71,66,71,28,25,31,31,14,35,35,0,0,0],"gold":29,"neow_bonus":"TEN_PERCENT_HP_BONUS","is_daily":false,"chose_seed":false,"campfire_upgraded":3,"win_rate":0.0,"timestamp":1613187504,"path_taken":["R","M","?","M","$","M","T","R","E","R","E","M","R","$","M","BOSS","R","M","M","M","$","M","T","M","R","?","M"],"items_purchased_type":["Card"],"build_version":"2020-12-22","purchased_purges":1,"victory":false,"max_hp_per_floor":[71,71,71,71,71,71,71,71,71,71,71,71,71,71,71,71,71,71,71,71,71,71,71,71,71,71,71,71,71,71],"card_choices":[{"not_picked":["Slimebound:HauntingLick","Slimebound:FormOfPuddle"],"picked":"Slimebound:AcidTongue","floor":2},{"not_picked":["Slimebound:SlimeBrawl","Slimebound:LeechEnergy"],"picked":"Slimebound:Repurpose","floor":4},{"not_picked":["Slimebound:LeechingTouch","Slimebound:SplitMire"],"picked":"Slimebound:LeadByExample","floor":5},{"not_picked":["Slimebound:SplitBruiser","Slimebound:RollThrough"],"picked":"Slimebound:PressTheAttack","floor":6},{"not_picked":["TH:ElvenBoots","TH:Mimic"],"picked":"SKIP","floor":7},{"not_picked":["Slimebound:Dissolve","Slimebound:SlimeTap"],"picked":"Slimebound:SplitLeeching","floor":9},{"not_picked":["TH:PixieDust","TH:Mimic"],"picked":"SKIP","floor":9},{"not_picked":["Slimebound:SlimeTap","Slimebound:LeechEnergy"],"picked":"Slimebound:HauntingLick","floor":11},{"not_picked":["TH:BikiniMail","TH:ElvenBoots"],"picked":"SKIP","floor":11},{"not_picked":["Slimebound:RejuvenatingLick","Slimebound:ViciousTackle"],"picked":"Slimebound:SlimeSpikes","floor":12},{"not_picked":["Slimebound:SplitAcid","Slimebound:BestDefense"],"picked":"Slimebound:Gluttony","floor":14},{"not_picked":["Slimebound:ProtectTheBoss","Slimebound:Repurpose"],"picked":"Slimebound:Nibble","floor":15},{"not_picked":["Slimebound:OneTwoCombo","Slimebound:DouseInSlime"],"picked":"Slimebound:Teamwork","floor":16},{"not_picked":["Slimebound:LeechingTouch+1","Slimebound:FlameTackle"],"picked":"Slimebound:SamplingLick","floor":19},{"not_picked":["Slimebound:Schlurp","Slimebound:AcidTongue+1","Slimebound:SplitMire"],"picked":"SKIP","floor":20},{"not_picked":["Slimebound:GoopSpray","Slimebound:Equalize","Slimebound:RollThrough"],"picked":"SKIP","floor":21},{"not_picked":["Slimebound:HauntingLick","Slimebound:RollThrough+1"],"picked":"Slimebound:RainOfGoop","floor":22},{"not_picked":["Slimebound:LeechingTouch+1","Slimebound:RollThrough","Slimebound:LeechLife"],"picked":"SKIP","floor":23},{"not_picked":["TH:TreasureMap","TH:CopperCoins"],"picked":"SKIP","floor":24},{"not_picked":["Slimebound:Nibble","Slimebound:SplitBruiser","Slimebound:Prepare"],"picked":"SKIP","floor":25}],"player_experience":37035,"relics_obtained":[{"floor":7,"key":"Blood Vial"},{"floor":9,"key":"Gambling Chip"},{"floor":11,"key":"White Beast Statue"}],"event_choices":[{"damage_healed":0,"gold_gain":0,"player_choice":"Rummage","damage_taken":0,"relics_obtained":["WarpedTongs"],"max_hp_gain":0,"max_hp_loss":0,"event_name":"Accursed Blacksmith","floor":3,"gold_loss":0,"cards_obtained":["Pain"]}],"is_beta":false,"boss_relics":[{"not_picked":["bronze:MakeshiftBattery","Empty Cage"],"picked":"hubris:Backtick"}],"items_purged_floors":[5],"is_endless":false,"potions_floor_spawned":[6,11,12,14,15,16,19,20,21,22,23,25],"killed_by":"3 Cultists","ascension_level":0}}