{"host":"3n5xmnb54n2y5mb4","time":1613247334,"event":{"mods":["BaseMod","Colored Map","Colored Powertips","Downfall","Minty Spire (QoL Compilation)","Permanent Neow","StSLib","Unceasing Turn Reminder","everything is the same but u backflip on backflip"],"gold_per_floor":[110,123,123,30,30,45,107,121,195,195,295,310,310,310],"floor_reached":13,"language":"ENG","playtime":292,"items_purged":[],"score":116,"play_id":"82ba48d7-9719-44f2-8f59-58831a180c61","local_time":"20210213151534","is_ascension_mode":true,"campfire_choices":[{"floor":10,"key":"REST"}],"circlet_count":0,"master_deck":["AscendersBane","Strike_R","Strike_R","Strike_R","Strike_R+1","Defend_R","Defend_R","Defend_R","Defend_R","Bash","Flex+1","Wild Strike","Double Tap","Inflame","True Grit","Dark Embrace","Havoc","Dark Embrace"],"relics":["Runic Pyramid","Kunai"],"acts_visited":["Exordium"],"potions_floor_usage":[13],"damage_taken":[{"damage":5,"enemies":"Small Slimes","floor":1,"turns":4},{"damage":7,"enemies":"Jaw Worm","floor":2,"turns":3},{"damage":0,"enemies":"2 Louse","floor":6,"turns":2},{"damage":18,"enemies":"Large Slime","floor":8,"turns":5},{"damage":40,"enemies":"Gremlin Gang","floor":12,"turns":5},{"damage":13,"enemies":"3 Sentries","floor":13,"turns":2}],"seed_played":"1235373606754813724","potions_obtained":[{"floor":6,"key":"FearPotion"},{"floor":12,"key":"LiquidBronze"}],"is_trial":false,"path_per_floor":["M","M","?","$","?","M","?","M","T","R","?","M","E"],"character_chosen":"IRONCLAD","items_purchased":["Inflame","True Grit"],"campfire_rested":1,"item_purchase_floors":[4,4],"current_hp_per_floor":[67,60,60,60,44,44,44,26,26,50,50,10,0,0],"gold":310,"neow_bonus":"BOSS_RELIC","is_daily":false,"chose_seed":false,"campfire_upgraded":0,"win_rate":0.0,"timestamp":1613247334,"path_taken":["M","M","?","$","?","M","?","M","T","R","?","?","E"],"items_purchased_type":["Card","Card"],"build_version":"2020-12-22","purchased_purges":0,"victory":false,"max_hp_per_floor":[80,80,80,80,80,80,80,80,80,80,80,80,80,80],"card_choices":[{"not_picked":["Sword Boomerang","Headbutt"],"picked":"Flex","floor":1},{"not_picked":["Hemokinesis","Battle Trance"],"picked":"Wild Strike","floor":2},{"not_picked":["Havoc","Wild Strike"],"picked":"Dark Embrace","floor":6},{"not_picked":["Iron Wave","Cleave"],"picked":"Havoc","floor":8},{"not_picked":["Dropkick","Warcry"],"picked":"Dark Embrace","floor":12}],"player_experience":1068230,"relics_obtained":[{"floor":9,"key":"Kunai"}],"event_choices":[{"damage_healed":0,"gold_gain":0,"cards_transformed":["Strike_R"],"player_choice":"Change","damage_taken":0,"max_hp_gain":0,"max_hp_loss":0,"event_name":"Living Wall","floor":3,"gold_loss":0,"cards_obtained":["Double Tap"]},{"damage_healed":0,"gold_gain":0,"player_choice":"Entered Light","damage_taken":16,"max_hp_gain":0,"max_hp_loss":0,"event_name":"Shining Light","floor":5,"gold_loss":0,"cards_upgraded":["Flex","Strike_R"]},{"damage_healed":0,"gold_gain":62,"player_choice":"Gained Gold","damage_taken":0,"max_hp_gain":0,"max_hp_loss":0,"event_name":"Golden Wing","floor":7,"gold_loss":0},{"damage_healed":0,"gold_gain":100,"player_choice":"Pray","damage_taken":0,"max_hp_gain":0,"max_hp_loss":0,"event_name":"Golden Shrine","floor":11,"gold_loss":0}],"is_beta":false,"boss_relics":[],"items_purged_floors":[],"is_endless":false,"potions_floor_spawned":[6,12],"killed_by":"3 Sentries","ascension_level":11}}