{"host":"8ztb9kwpjc2zof9s","time":1613210990,"event":{"mods":["BaseMod","Block Reminder","Curses Come First","Minty Spire (QoL Compilation)","Relic Stats","StSLib"],"gold_per_floor":[315,333,347,361,361,361,361,361,442,172,205,228,94,109,109,109,109],"floor_reached":16,"language":"ENG","playtime":531,"items_purged":["Strike_G","Strike_G"],"score":158,"play_id":"09b86400-3af4-4440-811f-ecc8805b09d9","local_time":"20210213020950","is_ascension_mode":true,"campfire_choices":[{"data":"Backstab","floor":6,"key":"SMITH"},{"data":"Dagger Spray","floor":8,"key":"SMITH"},{"floor":15,"key":"REST"}],"circlet_count":0,"master_deck":["AscendersBane","Strike_G","Strike_G","Strike_G","Defend_G","Defend_G","Defend_G","Defend_G","Defend_G","Survivor","Neutralize","Backflip","Backstab+1","Blur","Dagger Spray+1","Sadistic Nature","Poisoned Stab","Slice","Leg Sweep","PiercingWail","Accuracy","Crippling Poison"],"relics":["Ring of the Snake","Old Coin","Golden Idol","The Courier","Anchor"],"acts_visited":["Exordium"],"potions_floor_usage":[4,11,12,16],"damage_taken":[{"damage":0,"enemies":"Cultist","floor":1,"turns":4},{"damage":0,"enemies":"Jaw Worm","floor":2,"turns":7},{"damage":0,"enemies":"Small Slimes","floor":3,"turns":3},{"damage":26,"enemies":"Exordium Thugs","floor":4,"turns":8},{"damage":7,"enemies":"3 Sentries","floor":11,"turns":7},{"damage":3,"enemies":"Large Slime","floor":12,"turns":7},{"damage":0,"enemies":"Blue Slaver","floor":14,"turns":2},{"damage":46,"enemies":"Slime Boss","floor":16,"turns":9}],"seed_played":"3783105210323044827","potions_obtained":[{"floor":3,"key":"Explosive Potion"},{"floor":4,"key":"SkillPotion"},{"floor":7,"key":"Energy Potion"},{"floor":11,"key":"GhostInAJar"}],"is_trial":false,"path_per_floor":["M","M","M","M","?","R","?","R","T","$","E","M","$","M","R","B"],"character_chosen":"THE_SILENT","items_purchased":["Sadistic Nature","Poisoned Stab","Slice","Accuracy"],"campfire_rested":1,"item_purchase_floors":[10,10,10,13],"current_hp_per_floor":[63,63,63,37,37,37,37,37,37,37,30,27,27,27,46,0,0],"gold":109,"neow_bonus":"ONE_RARE_RELIC","is_daily":false,"chose_seed":false,"campfire_upgraded":2,"win_rate":0.0,"timestamp":1613210990,"path_taken":["M","M","M","?","?","R","?","R","T","$","E","M","$","M","R","BOSS"],"items_purchased_type":["Card","Card","Card","Card"],"build_version":"2020-12-22","purchased_purges":2,"victory":false,"max_hp_per_floor":[70,70,70,70,65,65,65,65,65,65,65,65,65,65,65,65,65],"relic_stats":{"counters":[8,47],"Golden Idol":15,"obtain_stats":[{"Anchor":11,"Golden Idol":5,"The Courier":9,"Ring of the Snake":0,"Old Coin":0},{"Anchor":5,"Golden Idol":4,"The Courier":4,"Ring of the Snake":0,"Old Coin":0},{"Anchor":29,"Golden Idol":22,"The Courier":22,"Ring of the Snake":0,"Old Coin":0}],"Ring of the Snake":[16]},"card_choices":[{"not_picked":["Poisoned Stab","Dodge and Roll"],"picked":"Backflip","floor":1},{"not_picked":["Acrobatics","Flechettes"],"picked":"Backstab","floor":2},{"not_picked":["Heel Hook","Endless Agony"],"picked":"Blur","floor":3},{"not_picked":["Outmaneuver","Dagger Throw"],"picked":"Dagger Spray","floor":4},{"not_picked":["Masterful Stab","Prepared"],"picked":"Leg Sweep","floor":11},{"not_picked":["Prepared","Backflip"],"picked":"PiercingWail","floor":12},{"not_picked":["Bane","Acrobatics"],"picked":"Crippling Poison","floor":14}],"player_experience":322005,"relics_obtained":[{"floor":9,"key":"The Courier"},{"floor":11,"key":"Anchor"}],"event_choices":[{"damage_healed":0,"gold_gain":0,"player_choice":"Lose Max HP","damage_taken":0,"relics_obtained":["Golden Idol"],"max_hp_gain":0,"max_hp_loss":5,"event_name":"Golden Idol","floor":5,"gold_loss":0},{"damage_healed":0,"gold_gain":0,"player_choice":"Got Potions","damage_taken":0,"max_hp_gain":0,"max_hp_loss":0,"event_name":"Lab","floor":7,"gold_loss":0}],"is_beta":false,"boss_relics":[],"items_purged_floors":[10,13],"is_endless":false,"potions_floor_spawned":[3,4,11],"killed_by":"Slime Boss","ascension_level":11}}