{"host":"r6lqs70fdfl5jnjl","time":1613214632,"event":{"mods":["Act Like it!","BaseMod","Minty Spire (QoL Compilation)","StSLib"],"gold_per_floor":[114,132,82,82,100,125,139,139,139,155,165,116,150,165,165,262,262,273,273,273,262,276,276,296,296,296,312,330,330,330,330,330,435,435,454,2,21,35,35,35,35,35,35,85,85,101,1,1,1],"floor_reached":48,"language":"ZHS","playtime":2936,"items_purged":["Decay","Acrobatics"],"score":444,"play_id":"c0ba47d3-d525-4a39-b53e-923aa99eb459","local_time":"20210213191032","is_ascension_mode":false,"campfire_choices":[{"data":"Blade Dance","floor":8.0,"key":"SMITH"},{"floor":15.0,"key":"REST"},{"floor":23.0,"key":"REST"},{"data":"A Thousand Cuts","floor":25.0,"key":"SMITH"},{"floor":32.0,"key":"REST"},{"floor":40.0,"key":"REST"},{"data":"Well Laid Plans","floor":42.0,"key":"SMITH"},{"floor":45.0,"key":"REST"}],"circlet_count":0,"master_deck":["Strike_G","Strike_G","Defend_G","Defend_G","Defend_G","Defend_G","Survivor","Neutralize","Blade Dance+1","Backstab","Finisher","Calculated Gamble","Backflip","A Thousand Cuts+1","PiercingWail","Burst","Terror","Blade Dance","Footwork","Prepared","PiercingWail+1","Bullet Time","Outmaneuver+1","Expertise","Well Laid Plans+1","Backstab","Blade Dance","Dodge and Roll+1","Footwork+1"],"relics":["Empty Cage","Potion Belt","Regal Pillow","Sundial","SlaversCollar","Shovel","Pantograph","WristBlade","Pen Nib","Boot","White Beast Statue","Gambling Chip"],"acts_visited":["Exordium","TheCity","TheBeyond"],"potions_floor_usage":[46],"damage_taken":[{"damage":27.0,"enemies":"Jaw Worm","floor":1.0,"turns":6.0},{"damage":0.0,"enemies":"Cultist","floor":2.0,"turns":3.0},{"damage":3.0,"enemies":"Small Slimes","floor":5.0,"turns":3.0},{"damage":11.0,"enemies":"3 Sentries","floor":6.0,"turns":9.0},{"damage":5.0,"enemies":"Blue Slaver","floor":7.0,"turns":5.0},{"damage":5.0,"enemies":"Red Slaver","floor":10.0,"turns":3.0},{"damage":0.0,"enemies":"3 Louse","floor":11.0,"turns":2.0},{"damage":8.0,"enemies":"Gremlin Nob","floor":13.0,"turns":3.0},{"damage":7.0,"enemies":"2 Fungi Beasts","floor":14.0,"turns":3.0},{"damage":45.0,"enemies":"The Guardian","floor":16.0,"turns":16.0},{"damage":42.0,"enemies":"Chosen","floor":18.0,"turns":8.0},{"damage":10.0,"enemies":"2 Thieves","floor":21.0,"turns":4.0},{"damage":11.0,"enemies":"Cultist and Chosen","floor":22.0,"turns":6.0},{"damage":2.0,"enemies":"Chosen and Byrds","floor":24.0,"turns":7.0},{"damage":21.0,"enemies":"Snake Plant","floor":27.0,"turns":4.0},{"damage":7.0,"enemies":"Snecko","floor":28.0,"turns":5.0},{"damage":8.0,"enemies":"Colosseum Slavers","floor":29.0,"turns":7.0},{"damage":43.0,"enemies":"Collector","floor":33.0,"turns":9.0},{"damage":36.0,"enemies":"3 Darklings","floor":35.0,"turns":4.0},{"damage":8.0,"enemies":"Orb Walker","floor":37.0,"turns":5.0},{"damage":10.0,"enemies":"Spire Growth","floor":38.0,"turns":4.0},{"damage":20.0,"enemies":"2 Orb Walkers","floor":44.0,"turns":4.0},{"damage":27,"enemies":"Transient","floor":46,"turns":5},{"damage":43,"enemies":"4 Shapes","floor":48,"turns":5}],"seed_played":"184116069709534430","potions_obtained":[{"floor":6.0,"key":"Poison Potion"},{"floor":10.0,"key":"Dexterity Potion"},{"floor":11.0,"key":"Regen Potion"},{"floor":16.0,"key":"PowerPotion"},{"floor":22.0,"key":"GhostInAJar"},{"floor":24.0,"key":"Energy Potion"},{"floor":38.0,"key":"SteroidPotion"},{"floor":44.0,"key":"ColorlessPotion"},{"floor":46,"key":"SpeedPotion"}],"is_trial":false,"path_per_floor":["M","M","?","?","M","E","M","R","T","M","M","?","E","M","R","B",null,"M","?","?","M","M","R","M","R","T","M","M","?","?","?","R","B",null,"M","$","M","M","?","R","T","R","T","?","R","M","$","M"],"character_chosen":"THE_SILENT","items_purchased":["Pen Nib","Expertise","Well Laid Plans","Backstab","ColorlessPotion"],"campfire_rested":5,"item_purchase_floors":[36,36,36,36,36],"current_hp_per_floor":[43,43,43,43,40,29,24,24,24,19,19,19,11,4,40,7,70,28,28,28,18,7,43,41,41,41,20,13,5,5,5,41,23,70,34,34,26,16,16,52,52,52,52,32,68,41,41,0,0],"gold":1,"neow_bonus":"BOSS_RELIC","is_daily":false,"chose_seed":false,"campfire_upgraded":3,"win_rate":0.0,"timestamp":1613214632,"path_taken":["M","M","?","?","M","E","M","R","T","?","M","?","E","M","R","BOSS","M","?","?","M","M","R","M","R","T","?","M","?","?","?","R","BOSS","M","$","M","M","?","R","?","R","T","?","R","M","$","M"],"items_purchased_type":["Relic","Card","Card","Card","Potion"],"build_version":"2020-12-22","purchased_purges":2,"victory":false,"max_hp_per_floor":[70,70,70,70,70,70,70,70,70,70,70,70,70,70,70,70,70,70,70,70,70,70,70,70,70,70,70,70,70,70,70,70,70,70,70,70,70,70,70,70,70,70,70,70,70,70,70,70,70],"card_choices":[{"not_picked":["Quick Slash","Flying Knee"],"picked":"Blade Dance","floor":1.0},{"not_picked":["Dagger Throw","Dodge and Roll"],"picked":"Backstab","floor":2.0},{"not_picked":["Slice","Flechettes"],"picked":"Finisher","floor":5.0},{"not_picked":["Flechettes","Crippling Poison"],"picked":"Acrobatics","floor":6.0},{"not_picked":["Backflip","PiercingWail"],"picked":"Calculated Gamble","floor":7.0},{"not_picked":["Riddle With Holes","Crippling Poison"],"picked":"Backflip","floor":10.0},{"not_picked":["Deflect","Outmaneuver"],"picked":"A Thousand Cuts","floor":11.0},{"not_picked":["Heel Hook","Dagger Throw"],"picked":"PiercingWail","floor":13.0},{"not_picked":["Skewer","Quick Slash","Poisoned Stab"],"picked":"SKIP","floor":14.0},{"not_picked":["Venomology","Malaise"],"picked":"Burst","floor":16.0},{"not_picked":["Dagger Throw","Prepared"],"picked":"Terror","floor":18.0},{"not_picked":["Backstab","Poisoned Stab"],"picked":"Blade Dance","floor":21.0},{"not_picked":["PiercingWail+1","Noxious Fumes"],"picked":"Footwork","floor":22.0},{"not_picked":["Endless Agony","PiercingWail"],"picked":"Prepared","floor":24.0},{"not_picked":["Bouncing Flask+1","Acrobatics"],"picked":"PiercingWail+1","floor":27.0},{"not_picked":["PiercingWail+1","Terror","Sucker Punch"],"picked":"SKIP","floor":28.0},{"not_picked":["PiercingWail+1","Terror","Sucker Punch"],"picked":"SKIP","floor":28.0},{"not_picked":["Unload","Die Die Die"],"picked":"Bullet Time","floor":33.0},{"not_picked":["Backflip","Sucker Punch"],"picked":"Outmaneuver+1","floor":35.0},{"not_picked":["Blur","Noxious Fumes+1"],"picked":"Blade Dance","floor":37.0},{"not_picked":["Crippling Poison+1","All Out Attack+1"],"picked":"Dodge and Roll+1","floor":38.0},{"not_picked":["Choke","PiercingWail"],"picked":"Footwork+1","floor":46}],"player_experience":12515,"relics_obtained":[{"floor":6.0,"key":"Potion Belt"},{"floor":9.0,"key":"Regal Pillow"},{"floor":13.0,"key":"Sundial"},{"floor":26.0,"key":"Pantograph"},{"floor":41.0,"key":"Boot"},{"floor":43.0,"key":"White Beast Statue"},{"floor":44.0,"key":"Gambling Chip"}],"event_choices":[{"cards_removed":["Strike_G"],"damage_healed":0.0,"max_hp_gain":0.0,"max_hp_loss":0.0,"gold_gain":0.0,"event_name":"The Cleric","player_choice":"Card Removal","floor":3.0,"gold_loss":50.0,"damage_taken":0.0},{"damage_healed":0.0,"max_hp_gain":0.0,"max_hp_loss":0.0,"gold_gain":0.0,"event_name":"Wheel of Change","player_choice":"Cursed","floor":4.0,"gold_loss":0.0,"damage_taken":0.0,"cards_obtained":["Decay"]},{"damage_healed":0.0,"max_hp_gain":0.0,"max_hp_loss":0.0,"gold_gain":0.0,"event_name":"World of Goop","player_choice":"Left Gold","floor":12.0,"gold_loss":49.0,"damage_taken":0.0},{"damage_healed":0.0,"max_hp_gain":0.0,"max_hp_loss":0.0,"gold_gain":0.0,"event_name":"The Mausoleum","player_choice":"Opened","floor":19.0,"gold_loss":0.0,"damage_taken":0.0,"relics_obtained":["Shovel"]},{"damage_healed":0.0,"max_hp_gain":0.0,"max_hp_loss":0.0,"gold_gain":0.0,"event_name":"NoteForYourself","player_choice":"Ignored","floor":20.0,"gold_loss":0.0,"damage_taken":0.0},{"damage_healed":0.0,"max_hp_gain":0.0,"max_hp_loss":0.0,"gold_gain":0.0,"event_name":"Colosseum","player_choice":"Fight","floor":29.0,"gold_loss":0.0,"damage_taken":0.0},{"damage_healed":0.0,"max_hp_gain":0.0,"max_hp_loss":0.0,"gold_gain":0.0,"event_name":"Colosseum","player_choice":"Fled From Nobs","floor":29.0,"gold_loss":0.0,"damage_taken":0.0},{"damage_healed":0.0,"max_hp_gain":0.0,"max_hp_loss":0.0,"gold_gain":0.0,"event_name":"Forgotten Altar","player_choice":"Smashed Altar","floor":30.0,"gold_loss":0.0,"damage_taken":0.0,"cards_obtained":["Decay"]},{"cards_removed":["Decay"],"damage_healed":0.0,"max_hp_gain":0.0,"max_hp_loss":0.0,"gold_gain":0.0,"event_name":"Back to Basics","player_choice":"Elegance","floor":31.0,"gold_loss":0.0,"damage_taken":0.0},{"cards_removed":["Defend_G"],"damage_healed":0.0,"max_hp_gain":0.0,"max_hp_loss":0.0,"gold_gain":0.0,"event_name":"Falling","player_choice":"Removed Skill","floor":39.0,"gold_loss":0.0,"damage_taken":0.0},{"damage_healed":0.0,"max_hp_gain":0.0,"max_hp_loss":0.0,"gold_gain":0.0,"event_name":"Mysterious Sphere","player_choice":"Fight","floor":44.0,"gold_loss":0.0,"damage_taken":0.0}],"is_beta":false,"boss_relics":[{"not_picked":["Velvet Choker","Coffee Dripper"],"picked":"SlaversCollar"},{"not_picked":["Runic Pyramid","Tiny House"],"picked":"WristBlade"}],"items_purged_floors":[36,47],"is_endless":false,"potions_floor_spawned":[6,10,11,16,22,24,29,38,44,46],"killed_by":"4 Shapes","ascension_level":0}}