{"host":"3jpcvpprzj9sjffh","time":1613217797,"event":{"mods":["AchievementEnabler","BaseMod","Colored Map","Minty Spire (QoL Compilation)","Rare Cards Sparkle","SuperFastMode","everything is the same but u backflip on backflip"],"gold_per_floor":[116,20,39,39,59,93,93,107,107,107,119,136,156,156,156,251,251,270,280,134,154,170,195,45,45,45,45,0,34,34,45,45,45,45],"floor_reached":33,"language":"KOR","playtime":1023,"items_purged":["Writhe"],"score":289,"play_id":"bac03ae0-7da3-4e3a-a104-59902689be15","local_time":"20210213210317","is_ascension_mode":false,"campfire_choices":[{"data":"Trip","floor":7,"key":"SMITH"},{"data":"Spot Weakness","floor":10,"key":"SMITH"},{"floor":15,"key":"REST"},{"floor":25,"key":"REST"},{"data":"Fire Breathing","floor":27,"key":"SMITH"},{"floor":32,"key":"REST"}],"circlet_count":0,"master_deck":["Strike_R","Strike_R","Strike_R","Strike_R","Defend_R","Bash","Pommel Strike","Shrug It Off","Spot Weakness+1","Anger","Trip+1","Iron Wave","Twin Strike","Sword Boomerang","Bloodletting","Flex","Reaper","Perfected Strike+1","Sentinel+1","Sword Boomerang+1","Fire Breathing+1","Pummel","Flame Barrier","Evolve","Wild Strike","Double Tap","Rampage+1"],"relics":["Burning Blood","Lizard Tail","Paper Frog","Question Card","Astrolabe","Singing Bowl","TheAbacus","Molten Egg 2","Ancient Tea Set","Strawberry"],"acts_visited":["Exordium","TheCity"],"potions_floor_usage":[11,16,21,21,31,33],"damage_taken":[{"damage":2,"enemies":"Small Slimes","floor":1,"turns":4},{"damage":10,"enemies":"Cultist","floor":3,"turns":4},{"damage":0,"enemies":"Jaw Worm","floor":5,"turns":3},{"damage":31,"enemies":"3 Sentries","floor":6,"turns":9},{"damage":0,"enemies":"Exordium Wildlife","floor":8,"turns":3},{"damage":14,"enemies":"Gremlin Gang","floor":11,"turns":4},{"damage":6,"enemies":"3 Louse","floor":12,"turns":3},{"damage":16,"enemies":"Red Slaver","floor":13,"turns":4},{"damage":46,"enemies":"Hexaghost","floor":16,"turns":8},{"damage":33,"enemies":"2 Thieves","floor":18,"turns":3},{"damage":2,"enemies":"Chosen","floor":19,"turns":3},{"damage":28,"enemies":"3 Cultists","floor":21,"turns":4},{"damage":10,"enemies":"Cultist and Chosen","floor":22,"turns":4},{"damage":75,"enemies":"Gremlin Leader","floor":23,"turns":7},{"damage":30,"enemies":"Book of Stabbing","floor":29,"turns":3},{"damage":55,"enemies":"Sentry and Sphere","floor":31,"turns":6},{"damage":51,"enemies":"Champ","floor":33,"turns":5}],"seed_played":"1018622792884678720","potions_obtained":[{"floor":1,"key":"LiquidBronze"},{"floor":6,"key":"BloodPotion"},{"floor":13,"key":"SkillPotion"},{"floor":16,"key":"Strength Potion"},{"floor":18,"key":"BlessingOfTheForge"},{"floor":22,"key":"Swift Potion"},{"floor":23,"key":"BlessingOfTheForge"}],"is_trial":false,"path_per_floor":["M","$","M","?","M","E","R","M","T","R","M","M","M","?","R","B",null,"M","M","$","M","M","E","$","R","T","R","?","E","?","M","R","B"],"character_chosen":"IRONCLAD","items_purchased":["Shrug It Off","Spot Weakness","Flame Barrier","TheAbacus"],"campfire_rested":3,"item_purchase_floors":[2,2,20,24],"current_hp_per_floor":[80,80,76,76,80,55,55,61,61,61,53,53,43,36,60,20,80,53,64,64,67,63,46,46,70,70,70,70,48,55,23,49,0,0],"gold":45,"neow_bonus":"ONE_RARE_RELIC","is_daily":false,"chose_seed":false,"campfire_upgraded":3,"win_rate":0.0,"timestamp":1613217797,"path_taken":["M","$","M","?","M","E","R","?","T","R","M","M","M","?","R","BOSS","M","M","$","M","M","E","$","R","T","R","?","E","?","M","R","BOSS"],"items_purchased_type":["Card","Card","Card","Relic"],"build_version":"2020-12-22","purchased_purges":1,"victory":false,"max_hp_per_floor":[80,80,80,80,80,80,80,80,80,80,80,80,80,80,80,80,80,80,80,80,80,80,80,80,80,80,80,80,82,89,89,89,89,89],"card_choices":[{"not_picked":["Headbutt","Havoc"],"picked":"Pommel Strike","floor":1},{"not_picked":["Body Slam","Pommel Strike"],"picked":"Anger","floor":3},{"not_picked":["Wild Strike","Pommel Strike"],"picked":"Iron Wave","floor":5},{"not_picked":["True Grit","Cleave"],"picked":"Twin Strike","floor":6},{"not_picked":["Berserk","Armaments","True Grit"],"picked":"SKIP","floor":8},{"not_picked":["Wild Strike","Iron Wave","Headbutt"],"picked":"Sword Boomerang","floor":11},{"not_picked":["Cleave","Searing Blow","Wild Strike"],"picked":"Bloodletting","floor":12},{"not_picked":["Whirlwind","Pommel Strike","Infernal Blade"],"picked":"Flex","floor":13},{"not_picked":["Exhume","Limit Break","Impervious"],"picked":"Reaper","floor":16},{"not_picked":["Disarm","Whirlwind","Wild Strike"],"picked":"Fire Breathing","floor":18},{"not_picked":["Hemokinesis","Whirlwind","Twin Strike"],"picked":"Pummel","floor":19},{"not_picked":["Reckless Charge+1","Iron Wave+1","Cleave"],"picked":"Evolve","floor":21},{"not_picked":["Flex","Clothesline","Clash+1"],"picked":"Wild Strike","floor":22},{"not_picked":["Twin Strike","Battle Trance","Seeing Red"],"picked":"Double Tap","floor":23},{"not_picked":["Rampage+1","Clothesline+1","Combust","Flex"],"picked":"Singing Bowl","floor":29},{"not_picked":["Shrug It Off","Searing Blow+1","Cleave+1"],"picked":"Rampage+1","floor":31}],"player_experience":326662,"relics_obtained":[{"floor":6,"key":"Paper Frog"},{"floor":9,"key":"Question Card"},{"floor":23,"key":"Singing Bowl"},{"floor":26,"key":"Molten Egg 2"},{"floor":29,"key":"Ancient Tea Set"}],"event_choices":[{"damage_healed":0,"gold_gain":0,"player_choice":"1 cards matched","damage_taken":0,"max_hp_gain":0,"max_hp_loss":0,"event_name":"Match and Keep!","floor":4,"gold_loss":0,"cards_obtained":["Trip"]},{"cards_removed":["Defend_R"],"damage_healed":0,"gold_gain":0,"player_choice":"Card Removal","damage_taken":7,"max_hp_gain":0,"max_hp_loss":0,"event_name":"Golden Wing","floor":14,"gold_loss":0},{"damage_healed":0,"gold_gain":0,"player_choice":"Paid Fearfully","damage_taken":0,"max_hp_gain":0,"max_hp_loss":0,"event_name":"Masked Bandits","floor":28,"gold_loss":45},{"damage_healed":0,"gold_gain":0,"player_choice":"Gave Potion","damage_taken":0,"relics_obtained":["Strawberry"],"max_hp_gain":0,"max_hp_loss":0,"event_name":"WeMeetAgain","floor":30,"gold_loss":0}],"is_beta":false,"boss_relics":[{"not_picked":["Ectoplasm","Fusion Hammer"],"picked":"Astrolabe"}],"items_purged_floors":[20],"is_endless":false,"potions_floor_spawned":[1,6,13,16,18,22,23],"killed_by":"Champ","ascension_level":0}}