{"host":"ga4s3hj9m6nkn6gp","time":1613240589,"event":{"mods":["AchievementEnabler","BaseMod","Bestiary","Colored Powertips","Highlight Path","Minty Spire (QoL Compilation)","Relic Stats","everything is the same but u backflip on backflip"],"gold_per_floor":[110,110,129,12,25,56,56,89,89,119,73,85,85,85,85,85,85],"floor_reached":16,"language":"ENG","playtime":645,"items_purged":["Clumsy"],"score":216,"play_id":"54142f3c-f7f0-4b62-a978-18c6c9f56012","local_time":"20210213192309","is_ascension_mode":true,"campfire_choices":[{"data":"All Out Attack","floor":7,"key":"SMITH"},{"data":"Leg Sweep","floor":13,"key":"SMITH"},{"data":"Blade Dance","floor":15,"key":"SMITH"}],"circlet_count":0,"master_deck":["AscendersBane","Strike_G","Strike_G","Strike_G","Strike_G","Defend_G","Defend_G","Defend_G","Defend_G","Defend_G","Survivor","Neutralize","Deadly Poison","Blade Dance","Leg Sweep+1","Blade Dance+1","All Out Attack+1","Flying Knee+1","Dagger Throw+1","Deflect"],"relics":["Ring of the Snake","Calipers","Oddly Smooth Stone","The Courier","Molten Egg 2","Odd Mushroom"],"acts_visited":["Exordium"],"potions_floor_usage":[6,8,16],"damage_taken":[{"damage":3,"enemies":"2 Louse","floor":1,"turns":4},{"damage":5,"enemies":"Cultist","floor":3,"turns":4},{"damage":0,"enemies":"Jaw Worm","floor":5,"turns":4},{"damage":12,"enemies":"Gremlin Nob","floor":6,"turns":4},{"damage":1,"enemies":"3 Sentries","floor":8,"turns":3},{"damage":4,"enemies":"The Mushroom Lair","floor":10,"turns":4},{"damage":2,"enemies":"Looter","floor":12,"turns":3},{"damage":41,"enemies":"Slime Boss","floor":16,"turns":9}],"seed_played":"8033844165254441327","potions_obtained":[{"floor":1,"key":"Block Potion"},{"floor":5,"key":"Explosive Potion"},{"floor":10,"key":"Dexterity Potion"}],"is_trial":false,"path_per_floor":["M","?","M","$","M","E","R","E","T","?","$","M","R","?","R","B"],"character_chosen":"THE_SILENT","items_purchased":["Leg Sweep","Fire Potion"],"campfire_rested":0,"item_purchase_floors":[4,11],"current_hp_per_floor":[56,56,51,51,51,39,39,38,38,34,34,32,32,32,32,0,0],"gold":85,"neow_bonus":"ONE_RARE_RELIC","is_daily":false,"chose_seed":false,"campfire_upgraded":3,"win_rate":0.0,"timestamp":1613240589,"path_taken":["M","?","M","$","?","E","R","E","T","?","$","M","R","?","R","BOSS"],"items_purchased_type":["Card","Potion"],"build_version":"2020-12-22","purchased_purges":1,"victory":false,"max_hp_per_floor":[66,66,66,66,66,66,66,66,66,66,66,66,66,66,66,66,66],"relic_stats":{"counters":[8,35],"obtain_stats":[{"Calipers":0,"Oddly Smooth Stone":2,"Molten Egg 2":8,"The Courier":6,"Odd Mushroom":10,"Ring of the Snake":0},{"Calipers":0,"Oddly Smooth Stone":1,"Molten Egg 2":5,"The Courier":4,"Odd Mushroom":6,"Ring of the Snake":0},{"Calipers":0,"Oddly Smooth Stone":4,"Molten Egg 2":19,"The Courier":16,"Odd Mushroom":23,"Ring of the Snake":0}],"Ring of the Snake":[16]},"card_choices":[{"not_picked":["Tactician","Heel Hook"],"picked":"Deadly Poison","floor":1},{"not_picked":["Underhanded Strike","Infinite Blades"],"picked":"Blade Dance","floor":3},{"not_picked":["Sucker Punch","Tactician"],"picked":"Blade Dance","floor":5},{"not_picked":["Dodge and Roll","Quick Slash"],"picked":"All Out Attack","floor":6},{"not_picked":["All Out Attack+1","Night Terror"],"picked":"Flying Knee+1","floor":8},{"not_picked":["Blur","Cloak And Dagger"],"picked":"Dagger Throw+1","floor":12}],"player_experience":772530,"relics_obtained":[{"floor":2,"key":"Oddly Smooth Stone"},{"floor":6,"key":"The Courier"},{"floor":8,"key":"Molten Egg 2"},{"floor":10,"key":"Odd Mushroom"}],"event_choices":[{"damage_healed":0,"gold_gain":0,"player_choice":"Relic","damage_taken":0,"max_hp_gain":0,"max_hp_loss":0,"event_name":"Wheel of Change","floor":2,"gold_loss":0},{"damage_healed":0,"gold_gain":0,"player_choice":"Fought Mushrooms","damage_taken":0,"max_hp_gain":0,"max_hp_loss":0,"event_name":"Mushrooms","floor":10,"gold_loss":0},{"damage_healed":0,"gold_gain":0,"cards_transformed":["Strike_G"],"player_choice":"Change","damage_taken":0,"max_hp_gain":0,"max_hp_loss":0,"event_name":"Living Wall","floor":14,"gold_loss":0,"cards_obtained":["Deflect"]}],"is_beta":false,"boss_relics":[],"items_purged_floors":[4],"is_endless":false,"potions_floor_spawned":[1,5,10],"killed_by":"Slime Boss","ascension_level":20}}