{"host":"bvp2uifzy1c463d9","time":1613206348,"event":{"mods":["AchievementEnabler","BaseMod","Block Reminder","Bossed Relics","ChefMod","Colored Map","Colored Powertips","Energized Spire","Hermit","Highlight Path","Hubris","Infinite Spire","Minty Spire (QoL Compilation)","Random Character Button","Relic Sorter","Relic Stats","Reliquary","Replay The Spire","StSLib","The Blue Laboratory","The Jungle","The Servant 0.9.4","Wandering Minibosses"],"gold_per_floor":[111,127,141,154,164,164,181,209,209,227,227,227,227,227,227,327,327,346,204,223,235,89,114,114,147,147,178,178,226,226,262,262,403,403,425,425,483,483,483],"floor_reached":38,"language":"ENG","playtime":2234,"items_purged":["chefmod:QuickThaw"],"score":420,"play_id":"16214209-01f2-4df4-ab1a-8b17b4944e13","local_time":"20210213025228","is_ascension_mode":false,"campfire_choices":[{"data":"chefmod:FiveAlarmChili","floor":6,"key":"SMITH"},{"data":"chefmod:CayenneCloud","floor":11,"key":"SMITH"},{"data":"chefmod:FreshProduce","floor":13,"key":"SMITH"},{"data":"chefmod:DinoKale","floor":15,"key":"SMITH"},{"floor":24,"key":"REST"},{"data":"chefmod:Escargot","floor":28,"key":"SMITH"},{"floor":32,"key":"DIG"}],"circlet_count":0,"master_deck":["chefmod:Strike","chefmod:Strike","chefmod:Strike","chefmod:Defend","chefmod:Defend","chefmod:Defend","chefmod:Defend","chefmod:TodaysSpecial","chefmod:DinoKale+1","chefmod:FiveAlarmChili+1","chefmod:OldCookbook","chefmod:SliceAndDice","chefmod:FreshProduce+1","chefmod:CayenneCloud+1","chefmod:Julienne","chefmod:Mince","wanderingMiniBosses:FinaleOfPromise","chefmod:Escargot+1","chefmod:Ratatouille","chefmod:DoubleChop","chefmod:BaoBuns","chefmod:CuttingBoard","chefmod:PotatoGratin"],"relics":["energizedSpire:SpiderWeb","Meat on the Bone","reliquary:QuartzCube","chefmod:PepperMill","wanderingMiniBosses:Blackblade","Chemical X","Replay:Bandana","Blue Doll","reliquary:Sideboard","Bronze Scales","hubris:TerracottaHorce"],"acts_visited":["Exordium","TheCity","TheBeyond"],"potions_floor_usage":[5,27,31,38,38,38],"damage_taken":[{"damage":0,"enemies":"Cultist","floor":1,"turns":4},{"damage":0,"enemies":"2 Louse","floor":2,"turns":4},{"damage":5,"enemies":"Jaw Worm","floor":3,"turns":9},{"damage":17,"enemies":"Large Slime","floor":4,"turns":8},{"damage":19,"enemies":"Exordium Wildlife","floor":5,"turns":7},{"damage":11,"enemies":"3 Louse","floor":7,"turns":5},{"damage":22,"enemies":"3 Sentries","floor":8,"turns":7},{"damage":0,"enemies":"Blue Slaver","floor":10,"turns":5},{"damage":2,"enemies":"Hexaghost","floor":16,"turns":9},{"damage":10,"enemies":"2 Thieves","floor":18,"turns":3},{"damage":0,"enemies":"Chosen","floor":20,"turns":6},{"damage":0,"enemies":"Centurion and Healer","floor":21,"turns":3},{"damage":32,"enemies":"Book of Stabbing","floor":23,"turns":5},{"damage":17,"enemies":"Sentry and Sphere","floor":25,"turns":4},{"damage":22,"enemies":"Gremlin Leader","floor":27,"turns":4},{"damage":5,"enemies":"Shelled Parasite and Fungi","floor":29,"turns":4},{"damage":3,"enemies":"Snake Plant","floor":31,"turns":4},{"damage":29,"enemies":"Champ","floor":33,"turns":10},{"damage":14,"enemies":"3 Darklings","floor":35,"turns":5},{"damage":28,"enemies":"3 Shapes","floor":37,"turns":3},{"damage":20,"enemies":"Jaw Worm Horde","floor":38,"turns":2}],"seed_played":"121530779669354747","potions_obtained":[{"floor":1,"key":"blueLaboratory:HorrorPotion"},{"floor":4,"key":"Regen Potion"},{"floor":8,"key":"FearPotion"},{"floor":16,"key":"blueLaboratory:AbyssPotion"},{"floor":20,"key":"SteroidPotion"},{"floor":25,"key":"Regen Potion"},{"floor":27,"key":"blueLaboratory:SavagePotion"},{"floor":33,"key":"PowerPotion"}],"is_trial":false,"path_per_floor":["M","M","M","M","M","R","M","E","T","M","R","?","R","?","R","B",null,"M","$","M","M","$","E","R","M","T","E","R","M","?","M","R_BF","B",null,"M","?","M","M"],"character_chosen":"THE_CHEF","items_purchased":["chefmod:Escargot","Chemical X"],"campfire_rested":1,"item_purchase_floors":[19,22],"current_hp_per_floor":[76,76,71,54,47,47,36,14,14,26,26,26,26,26,26,36,76,66,66,66,66,66,46,68,51,51,41,41,48,34,43,43,26,67,53,34,18,0,0],"gold":483,"neow_bonus":"BOSS_RELIC","is_daily":false,"chose_seed":false,"campfire_upgraded":5,"win_rate":0.0,"timestamp":1613206348,"path_taken":["M","M","M","M","?","R","M","E","T","?","R","?","R","?","R","BOSS","M","$","M","M","$","E","R","?","T","E","R","M","?","M","R_BF","BOSS","M","?","M","M"],"items_purchased_type":["Card","Relic"],"build_version":"2020-12-22","purchased_purges":1,"victory":false,"max_hp_per_floor":[76,76,76,76,76,76,76,76,76,76,76,76,76,76,76,76,76,76,76,76,76,76,76,76,76,76,76,76,76,81,81,81,81,81,81,81,81,81,81],"relic_stats":{"counters":[21,111],"Bronze Scales":[54],"Chemical X":[6],"obtain_stats":[{"chefmod:TrustyPot":0,"chefmod:PepperMill":17,"Replay:Bandana":23,"wanderingMiniBosses:Blackblade":18,"reliquary:Sideboard":27,"Bronze Scales":32,"Blue Doll":26,"Chemical X":22,"energizedSpire:SpiderWeb":0,"reliquary:QuartzCube":9,"Meat on the Bone":8,"hubris:TerracottaHorce":34},{"chefmod:TrustyPot":0,"chefmod:PepperMill":9,"Replay:Bandana":13,"wanderingMiniBosses:Blackblade":10,"reliquary:Sideboard":15,"Bronze Scales":17,"Blue Doll":14,"Chemical X":12,"energizedSpire:SpiderWeb":0,"reliquary:QuartzCube":7,"Meat on the Bone":7,"hubris:TerracottaHorce":18},{"chefmod:TrustyPot":0,"chefmod:PepperMill":58,"Replay:Bandana":75,"wanderingMiniBosses:Blackblade":61,"reliquary:Sideboard":83,"Bronze Scales":91,"Blue Doll":79,"Chemical X":70,"energizedSpire:SpiderWeb":0,"reliquary:QuartzCube":44,"Meat on the Bone":44,"hubris:TerracottaHorce":101}],"Meat on the Bone":84},"card_choices":[{"not_picked":["chefmod:Chop","chefmod:LiquidNitrogen"],"picked":"chefmod:DinoKale","floor":1},{"not_picked":["chefmod:Sorbet","chefmod:Gelato"],"picked":"chefmod:FiveAlarmChili","floor":2},{"not_picked":["chefmod:Gelato","chefmod:IceCreamCone"],"picked":"chefmod:OldCookbook","floor":3},{"not_picked":["chefmod:ZaruSoba","chefmod:FireUp"],"picked":"chefmod:SliceAndDice","floor":4},{"not_picked":["chefmod:Chop","chefmod:NewMenu"],"picked":"chefmod:FreshProduce","floor":5},{"not_picked":["chefmod:HotSoup","chefmod:ColdSteel","chefmod:OldCookbook"],"picked":"SKIP","floor":7},{"not_picked":["chefmod:IcePick","chefmod:TonkotsuRamen","chefmod:FiveAlarmChili"],"picked":"SKIP","floor":8},{"not_picked":["chefmod:Granita","chefmod:DimSum"],"picked":"chefmod:CayenneCloud","floor":10},{"not_picked":["chefmod:TastyDistraction","chefmod:TwoForOne"],"picked":"chefmod:Mince","floor":16},{"not_picked":[],"picked":"wanderingMiniBosses:FinaleOfPromise","floor":18},{"not_picked":["chefmod:HotSoup+1","chefmod:FreshProduce","chefmod:FireUp"],"picked":"SKIP","floor":18},{"not_picked":["chefmod:Defrost","chefmod:FiveAlarmChili","chefmod:HotSoup"],"picked":"SKIP","floor":20},{"not_picked":["chefmod:FreezeSolid","chefmod:Gelato"],"picked":"chefmod:Ratatouille","floor":21},{"not_picked":["chefmod:AlooGobi","chefmod:Sorbet"],"picked":"chefmod:DoubleChop","floor":23},{"not_picked":["chefmod:ColdSteel","chefmod:BleedOut+1"],"picked":"chefmod:BaoBuns","floor":25},{"not_picked":["chefmod:FiveAlarmChili","chefmod:IcePick"],"picked":"chefmod:CuttingBoard","floor":27},{"not_picked":["chefmod:ZaruSoba","chefmod:RaidPantry","chefmod:VegetableTart+1"],"picked":"SKIP","floor":29},{"not_picked":["chefmod:DinoKale","chefmod:Granita"],"picked":"chefmod:PotatoGratin","floor":31},{"not_picked":["chefmod:SliceAndDice+1","chefmod:DimSum"],"picked":"chefmod:OldCookbook+1","floor":35},{"not_picked":["hubris:InfiniteBlow","infinitespire:DeathsTouch"],"picked":"hubris:Rewind","floor":36},{"not_picked":["chefmod:AlooGobi+1","chefmod:Defrost","chefmod:Leftovers+1"],"picked":"SKIP","floor":37}],"player_experience":335593,"relics_obtained":[{"floor":8,"key":"Meat on the Bone"},{"floor":9,"key":"reliquary:QuartzCube"},{"floor":18,"key":"wanderingMiniBosses:Blackblade"},{"floor":23,"key":"Replay:Bandana"},{"floor":26,"key":"Blue Doll"},{"floor":27,"key":"reliquary:Sideboard"},{"floor":32,"key":"Bronze Scales"}],"event_choices":[{"damage_healed":0,"gold_gain":0,"player_choice":"Ignored","damage_taken":0,"max_hp_gain":0,"max_hp_loss":0,"event_name":"Liars Game","floor":12,"gold_loss":0},{"damage_healed":0,"gold_gain":0,"cards_transformed":["chefmod:Strike"],"player_choice":"Transformed","damage_taken":0,"max_hp_gain":0,"max_hp_loss":0,"event_name":"Transmorgrifier","floor":14,"gold_loss":0,"cards_obtained":["chefmod:Julienne"]},{"damage_healed":0,"gold_gain":0,"player_choice":"Shed Blood","damage_taken":19,"max_hp_gain":5,"max_hp_loss":0,"event_name":"Forgotten Altar","floor":30,"gold_loss":0}],"is_beta":false,"boss_relics":[{"not_picked":["ReplayTheSpireMod:DimensionalGlitch","hubris:Backtick"],"picked":"chefmod:PepperMill"},{"not_picked":["hubris:ScarierMask","energizedSpire:DeadBattery"],"picked":"hubris:TerracottaHorce"}],"items_purged_floors":[19],"is_endless":false,"potions_floor_spawned":[1,4,8,16,20,25,27,33,37],"killed_by":"Jaw Worm Horde","ascension_level":0}}