{"host":"gl5rgsfncjl28cj1","time":1613223477,"event":{"mods":["BaseMod","Colored Map","Highlight Path","Lobotomy","LobotomyExtend","Minty Spire (QoL Compilation)","Permanent Neow","StSLib"],"gold_per_floor":[276,296,55,75,75,105,105,105,128,128,141,141,174,194,194,290,290,306,322,10,10,10,10,28,28,28,41,41,41,53,71,71,168,168,186,186,186],"floor_reached":36,"language":"KOR","playtime":1928,"items_purged":["Strike_G"],"score":374,"play_id":"718da246-27e0-4f3c-ad78-e66fb6f53e7a","local_time":"20210213223757","is_ascension_mode":false,"campfire_choices":[{"data":"A Thousand Cuts","floor":7,"key":"SMITH"},{"data":"Deadly Poison","floor":10,"key":"SMITH"},{"data":"Tactician","floor":15,"key":"SMITH"},{"data":"Calculated Gamble","floor":23,"key":"SMITH"},{"data":"Calculated Gamble","floor":28,"key":"SMITH"},{"floor":32,"key":"REST"}],"circlet_count":0,"master_deck":["Strike_G+1","Strike_G","Defend_G","Defend_G","Defend_G","Defend_G","Survivor","Neutralize","Deadly Poison+1","PunishingBird","Backflip","Tactician","Terror","Dagger Spray+1","A Thousand Cuts+1","Tactician+1","Calculated Gamble+1","Calculated Gamble+1","Backstab","Die Die Die","GreedKing","Tactician","Reflex+1","Blade Dance","BigBird","MHz","Adrenaline"],"relics":["Ring of the Serpent","CogitoBucket","RabbitCall","LetterFromLob","Boot","Gambling Chip","Whetstone","Shovel","TreeSap","Shuriken","Gaze_r","Singing Bowl","LuminousBracelet","SsserpentHead","Empty Cage"],"acts_visited":["Exordium","TheCity","TheBeyond"],"potions_floor_usage":[6,13,24,27,33,36],"damage_taken":[{"damage":0,"enemies":"Jaw Worm","floor":1,"turns":3},{"damage":0,"enemies":"Small Slimes","floor":2,"turns":3},{"damage":1,"enemies":"2 Louse","floor":4,"turns":2},{"damage":6,"enemies":"Lagavulin","floor":6,"turns":7},{"damage":0,"enemies":"Gremlin Gang","floor":11,"turns":2},{"damage":18,"enemies":"3 Sentries","floor":13,"turns":6},{"damage":9,"enemies":"Lots of Slimes","floor":14,"turns":5},{"damage":37,"enemies":"The Guardian","floor":16,"turns":13},{"damage":11,"enemies":"Chosen","floor":18,"turns":5},{"damage":14,"enemies":"Spheric Guardian","floor":19,"turns":4},{"damage":14,"enemies":"Centurion and Healer","floor":24,"turns":5},{"damage":16,"enemies":"Snake Plant","floor":25,"turns":3},{"damage":75,"enemies":"Snake Plant","floor":27,"turns":13},{"damage":59,"enemies":"Sentry and Sphere","floor":30,"turns":8},{"damage":11,"enemies":"Centurion and Healer","floor":31,"turns":4},{"damage":75,"enemies":"Automaton","floor":33,"turns":8},{"damage":0,"enemies":"3 Shapes","floor":35,"turns":3},{"damage":103,"enemies":"Orb Walker","floor":36,"turns":3}],"seed_played":"4877134505355936806","potions_obtained":[{"floor":2,"key":"Energy Potion"},{"floor":11,"key":"PowerPotion"},{"floor":13,"key":"LiquidBronze"},{"floor":19,"key":"Regen Potion"},{"floor":24,"key":"SpeedPotion"},{"floor":33,"key":"SteroidPotion"},{"floor":35,"key":"Dexterity Potion"}],"is_trial":false,"path_per_floor":["M","M","$","M","?","E","R","?","T","R","M","?","E","M","R","B",null,"M","M","$","$","?","R","M","M","T","M","R","?","M","M","R","B",null,"M","M"],"character_chosen":"THE_SILENT","items_purchased":["Tactician","Terror","Dagger Spray","Shuriken","Tactician"],"campfire_rested":1,"item_purchase_floors":[3,3,3,20,20],"current_hp_per_floor":[70,70,70,69,69,65,65,65,65,65,65,65,47,38,38,19,70,64,52,52,52,46,46,52,36,36,65,65,65,28,25,47,21,74,76,11,11],"gold":186,"neow_bonus":"","is_daily":false,"chose_seed":false,"campfire_upgraded":5,"win_rate":0.0,"timestamp":1613223477,"path_taken":["M","M","$","M","?","E","R","?","T","R","M","?","E","M","R","BOSS","M","?","?","$","?","R","M","?","T","M","R","?","M","M","R","BOSS","M","M"],"items_purchased_type":["Card","Card","Card","Relic","Card"],"build_version":"2020-12-22","purchased_purges":1,"victory":false,"max_hp_per_floor":[70,70,70,70,70,70,70,70,70,70,70,70,70,70,70,70,70,70,70,70,70,70,70,70,70,70,72,72,72,72,74,74,74,74,76,61,61],"card_choices":[{"not_picked":["Alriune","BeautyBeast","OldLady"],"picked":"Singing Bowl","floor":1},{"not_picked":["Infinite Blades","Outmaneuver"],"picked":"Deadly Poison","floor":1},{"not_picked":["FairyFestival","SpiderBud"],"picked":"PunishingBird","floor":2},{"not_picked":["Calculated Gamble","Finisher"],"picked":"Backflip","floor":2},{"not_picked":["VoidDream","CrumblingArmor","Woodsman"],"picked":"Singing Bowl","floor":4},{"not_picked":["Escape Plan","Caltrops"],"picked":"A Thousand Cuts","floor":4},{"not_picked":["UniverseFragment","LongBird","RedShoes"],"picked":"Singing Bowl","floor":6},{"not_picked":["Prepared","Dagger Spray"],"picked":"Tactician","floor":6},{"not_picked":["VoidDream","Murderer","Bloodbath"],"picked":"Singing Bowl","floor":11},{"not_picked":["Flechettes","Underhanded Strike","Heel Hook"],"picked":"SKIP","floor":11},{"not_picked":["Porccubus","BigBadWolf","BeautyBeast"],"picked":"Singing Bowl","floor":13},{"not_picked":["PiercingWail","A Thousand Cuts"],"picked":"Calculated Gamble","floor":13},{"not_picked":["BigBird","Variant","BeautyBeast"],"picked":"Singing Bowl","floor":14},{"not_picked":["Deflect","Deadly Poison"],"picked":"Backstab","floor":14},{"not_picked":["ShyLook","Bloodbath","SingingMachine"],"picked":"Singing Bowl","floor":16},{"not_picked":["Tools of the Trade","Doppelganger"],"picked":"Die Die Die","floor":16},{"not_picked":["DespairKnight","SpiderBud","Woodsman"],"picked":"Singing Bowl","floor":18},{"not_picked":["Sucker Punch","Flechettes","Deadly Poison"],"picked":"SKIP","floor":18},{"not_picked":["QueenBee","WallGazer"],"picked":"GreedKing","floor":19},{"not_picked":["Bane","Envenom","Outmaneuver+1"],"picked":"SKIP","floor":19},{"not_picked":["Wellcheers","NothingThere","OldLady"],"picked":"Singing Bowl","floor":24},{"not_picked":["Endless Agony+1","Dodge and Roll"],"picked":"Reflex+1","floor":24},{"not_picked":["WallGazer","CherryBlossoms","SilentOrchestra"],"picked":"Singing Bowl","floor":27},{"not_picked":["Underhanded Strike+1","Quick Slash","Slice"],"picked":"Singing Bowl","floor":27},{"not_picked":["Wellcheers","HeroicMonk","OSAHOGD"],"picked":"Singing Bowl","floor":30},{"not_picked":["Escape Plan","Dodge and Roll+1"],"picked":"Blade Dance","floor":30},{"not_picked":["Yin","GalaxyChild","WhitesApple"],"picked":"Singing Bowl","floor":31},{"not_picked":["VoidDream","OldLady"],"picked":"BigBird","floor":31},{"not_picked":["Finisher+1","Sucker Punch","Riddle With Holes"],"picked":"Singing Bowl","floor":31},{"not_picked":["Yin","Funeral","MeatLantern"],"picked":"Singing Bowl","floor":33},{"not_picked":["BlackSwan","SingingMachine"],"picked":"MHz","floor":33},{"not_picked":["Malaise","Bullet Time"],"picked":"Adrenaline","floor":33},{"not_picked":["Laetitia","BlackArmy","WhitesApple"],"picked":"Singing Bowl","floor":35},{"not_picked":["Tactician","Bane+1","Dagger Spray+1"],"picked":"Singing Bowl","floor":35}],"player_experience":1079058,"relics_obtained":[{"floor":1,"key":"LetterFromLob"},{"floor":6,"key":"Boot"},{"floor":9,"key":"Whetstone"},{"floor":13,"key":"Shovel"},{"floor":26,"key":"Singing Bowl"}],"event_choices":[{"damage_healed":0,"gold_gain":0,"player_choice":"Searched \u00271\u0027 times","damage_taken":0,"relics_obtained":["Gambling Chip"],"max_hp_gain":0,"max_hp_loss":0,"event_name":"Dead Adventurer","floor":8,"gold_loss":0},{"damage_healed":0,"gold_gain":0,"cards_transformed":["Strike_G"],"player_choice":"Transformed","damage_taken":0,"max_hp_gain":0,"max_hp_loss":0,"event_name":"Transmorgrifier","floor":12,"gold_loss":0,"cards_obtained":["Calculated Gamble"]},{"damage_healed":0,"gold_gain":0,"player_choice":"","damage_taken":6,"max_hp_gain":0,"max_hp_loss":0,"event_name":"Knowing Skull","floor":22,"potions_obtained":[],"gold_loss":0,"cards_obtained":[]},{"damage_healed":0,"gold_gain":0,"player_choice":"Trade","damage_taken":0,"relics_obtained":["SsserpentHead"],"max_hp_gain":0,"max_hp_loss":0,"event_name":"FaceTrader","floor":29,"gold_loss":0}],"is_beta":false,"boss_relics":[{"not_picked":["Runic Dome","WristBlade"],"picked":"Ring of the Serpent"},{"not_picked":["Tiny House","Fusion Hammer"],"picked":"Empty Cage"}],"items_purged_floors":[3],"is_endless":false,"potions_floor_spawned":[2,11,13,19,24,33,35],"killed_by":"Orb Walker","ascension_level":0}}