{"host":"w7pthw6r6331n954","time":1613252170,"event":{"mods":["AchievementEnabler","Act Like it!","BaseMod","BetterRewards","Colored Map","Colored Powertips","Custom Start","Downfall","Hallownest","Hermit","Jorbs\u0027s Wanderer Trilogy","Minty Spire (QoL Compilation)","Replay The Spire","Shop Mod","StSLib","SuperFastMode"],"gold_per_floor":[112,87,87,162,162,162,179,179,509,589,589,623,634,2,47,65,65,70,70],"floor_reached":18,"language":"ENG","playtime":1556,"items_purged":[],"score":118,"play_id":"064b1326-dfa0-4f92-a619-5150a98478e0","local_time":"20210213163610","is_ascension_mode":false,"campfire_choices":[{"floor":8,"key":"RECALL"},{"floor":17,"key":"REST"}],"circlet_count":0,"master_deck":["hermit:Strike_Hermit","hermit:Strike_Hermit","hermit:Strike_Hermit","hermit:Strike_Hermit","hermit:Defend_Hermit","hermit:Defend_Hermit","hermit:Defend_Hermit","hermit:Defend_Hermit","hermit:Snapshot","hermit:Covet","hermit:GoldenBullet","hermit:Quickdraw","hermit:Scavenge","hermit:ItchyTrigger","hermit:Quickdraw","hermit:Gestalt","hermit:Gambit","hermit:Grudge+1","ReplayTheSpireMod:Splinters","hermit:GoldenBullet","hermit:GoldenBullet","hermit:TakeAim"],"relics":["hermit:Momento","Quantum Egg","MerchantsRug","Dream Catcher","Strange Spoon"],"acts_visited":["Exordium"],"potions_floor_usage":[18,18],"damage_taken":[{"damage":0,"enemies":"Small Slimes","floor":1,"turns":4},{"damage":0,"enemies":"2 Louse","floor":7,"turns":2},{"damage":26,"enemies":"3 Sentries","floor":9,"turns":12},{"damage":41,"enemies":"Lagavulin","floor":12,"turns":9},{"damage":3,"enemies":"Jaw Worm","floor":13,"turns":2},{"damage":0,"enemies":"Exordium Wildlife","floor":16,"turns":2},{"damage":42,"enemies":"Fading Forest","floor":18,"turns":9}],"seed_played":"3914742879421106422","potions_obtained":[{"floor":1,"key":"LiquidMemories"},{"floor":12,"key":"champ:CounterPotion"},{"floor":13,"key":"Weak Potion"},{"floor":15,"key":"BlessingOfTheForge"},{"floor":15,"key":"Strength Potion"},{"floor":15,"key":"Doom Potion"}],"is_trial":false,"path_per_floor":["M","$","?","?","PTL","PTL","M","R","E","?","T","E","M","$","?","M","R","B"],"character_chosen":"HERMIT","items_purchased":["hermit:Quickdraw","MerchantsRug","Dream Catcher","Strange Spoon","hermit:Gambit","hermit:Grudge+1"],"campfire_rested":1,"item_purchase_floors":[2,14,14,14,14,14],"current_hp_per_floor":[82,82,82,71,71,71,71,71,45,45,45,4,1,1,1,1,25,0,0],"gold":70,"neow_bonus":"TEN_PERCENT_HP_BONUS","is_daily":false,"chose_seed":false,"campfire_upgraded":0,"win_rate":0.0,"timestamp":1613252170,"path_taken":["M","$","?","?","PTL","PTL","M","R","E","?","T","E","M","$","?","M","R","BOSS"],"items_purchased_type":["Card","Relic","Relic","Relic","Card","Card"],"build_version":"2020-12-22","purchased_purges":0,"victory":false,"max_hp_per_floor":[82,82,82,82,82,82,82,82,82,82,82,82,82,82,82,82,82,82,82],"card_choices":[{"not_picked":["hermit:Virtue","hermit:Ricochet"],"picked":"hermit:GoldenBullet","floor":1},{"not_picked":["hermit:Coalescence","hermit:CursedWeapon"],"picked":"hermit:Scavenge","floor":7},{"not_picked":["hermit:Headshot","hermit:WideOpen"],"picked":"hermit:ItchyTrigger","floor":9},{"not_picked":["hermit:HoleUp","hermit:OverwhelmingPower"],"picked":"hermit:Quickdraw","floor":12},{"not_picked":["hermit:Quickdraw","hermit:ItchyTrigger"],"picked":"hermit:Gestalt","floor":13},{"not_picked":["hermit:LowProfile","hermit:Enervate"],"picked":"hermit:GoldenBullet","floor":15},{"not_picked":["hermit:Manifest","hermit:Ricochet"],"picked":"hermit:GoldenBullet","floor":16},{"not_picked":["hermit:Coalescence","hermit:CalledShot"],"picked":"hermit:TakeAim","floor":17}],"player_experience":1231042,"relics_obtained":[{"floor":9,"key":"Old Coin"},{"floor":12,"key":"Quantum Egg"}],"event_choices":[{"damage_healed":0,"gold_gain":0,"player_choice":"Leave","damage_taken":0,"max_hp_gain":0,"max_hp_loss":0,"event_name":"The Cleric","floor":3,"gold_loss":0},{"damage_healed":0,"gold_gain":75,"player_choice":"Gather Gold","damage_taken":11,"max_hp_gain":0,"max_hp_loss":0,"event_name":"World of Goop","floor":4,"gold_loss":0}],"is_beta":false,"boss_relics":[],"items_purged_floors":[],"is_endless":false,"potions_floor_spawned":[1,12,13],"killed_by":"Fading Forest","ascension_level":0}}