{"host":"w01zow3jg16g8jdh","time":1613230750,"event":{"mods":["2.2 Compatiblity","AchievementEnabler","BaseMod","DeckTracker","Hermit","Keyboard Shortcuts","Marisa£¨Ùöéë¡¡Øª×âÞÞ£©","Minty Spire (QoL Compilation)","Permanent Neow","StSLib","SuperFastMode"],"gold_per_floor":[20,20,95,116,96,139,158,172,172,191,191,205,218,237,237,326,326,351,351,376,158,174,218,218,231,231,231,271,284,318,341,341,430,430,451,206,227,102,116,116,154,154,154,154,172,213,233,277,277,277],"floor_reached":51,"language":"KOR","playtime":1262,"items_purged":["Strike_MRS","Strike_MRS","Defend_MRS"],"score":1400,"play_id":"c6d20214-2c6c-4abb-83ae-d82fc0121307","local_time":"20210214003910","is_ascension_mode":true,"campfire_choices":[{"data":"MasterSpark","floor":11,"key":"SMITH"},{"data":"MilkyWay","floor":15,"key":"SMITH"},{"data":"MilkyWay","floor":24,"key":"SMITH"},{"data":"ChargingUp","floor":27,"key":"SMITH"},{"data":"SporeBomb","floor":32,"key":"SMITH"},{"data":"UltimateShortwave","floor":40,"key":"SMITH"},{"data":"UltimateShortwave","floor":42,"key":"SMITH"},{"data":"MillisecondPulsars","floor":44,"key":"SMITH"},{"floor":49,"key":"REST"}],"circlet_count":0,"master_deck":["AscendersBane","Strike_MRS","Strike_MRS","Defend_MRS","Defend_MRS","Defend_MRS","MasterSpark+1","UpSweep+1","DoubleSpark","MilkyWay+1","NonDirectionalLaser","SporeBomb+1","MilkyWay+1","UltimateShortwave+1","MysteriousBeam+1","ChargingUp+1","EarthLightRay+1","UltimateShortwave+1","GrandCross+1","MillisecondPulsars+1","Acceleration+1"],"relics":["BewitchedHakkero","TungstenRod","Golden Idol","Pear","Question Card","Singing Bowl","Whetstone","Boot","Mercury Hourglass","Pocketwatch","PreservedInsect","SlaversCollar","MealTicket","Gremlin Horn","HandmadeGrimoire","StrikeDummy","Centennial Puzzle"],"acts_visited":["Exordium","TheCity","TheBeyond"],"potions_floor_usage":[6,12,12,12,16,18,23,23,30,30,33,39,45,46,50,50],"damage_taken":[{"damage":2,"enemies":"2 Louse","floor":1,"turns":3},{"damage":0,"enemies":"Cultist","floor":4,"turns":3},{"damage":20,"enemies":"Gremlin Nob","floor":6,"turns":4},{"damage":6,"enemies":"Jaw Worm","floor":7,"turns":2},{"damage":7,"enemies":"3 Louse","floor":8,"turns":2},{"damage":0,"enemies":"Looter","floor":10,"turns":2},{"damage":0,"enemies":"Gremlin Gang","floor":12,"turns":4},{"damage":11,"enemies":"Large Slime","floor":13,"turns":4},{"damage":7,"enemies":"Blue Slaver","floor":14,"turns":4},{"damage":11,"enemies":"The Guardian","floor":16,"turns":12},{"damage":5,"enemies":"2 Thieves","floor":18,"turns":3},{"damage":9,"enemies":"3 Byrds","floor":20,"turns":6},{"damage":22,"enemies":"Sentry and Sphere","floor":22,"turns":5},{"damage":28,"enemies":"Slavers","floor":23,"turns":5},{"damage":10,"enemies":"Snecko","floor":25,"turns":4},{"damage":14,"enemies":"Gremlin Leader","floor":28,"turns":6},{"damage":4,"enemies":"3 Cultists","floor":29,"turns":3},{"damage":15,"enemies":"Book of Stabbing","floor":30,"turns":3},{"damage":1,"enemies":"Shelled Parasite and Fungi","floor":31,"turns":2},{"damage":13,"enemies":"Champ","floor":33,"turns":6},{"damage":5,"enemies":"Orb Walker","floor":35,"turns":2},{"damage":5,"enemies":"3 Shapes","floor":37,"turns":4},{"damage":21,"enemies":"Spire Growth","floor":39,"turns":3},{"damage":7,"enemies":"Nemesis","floor":41,"turns":3},{"damage":14,"enemies":"3 Darklings","floor":45,"turns":4},{"damage":0,"enemies":"Giant Head","floor":46,"turns":5},{"damage":11,"enemies":"Maw","floor":47,"turns":5},{"damage":13,"enemies":"Nemesis","floor":48,"turns":3},{"damage":97,"enemies":"Donu and Deca","floor":50,"turns":8}],"seed_played":"4451453076063279596","potions_obtained":[{"floor":1,"key":"ShroomBrew"},{"floor":5,"key":"LiquidMemories"},{"floor":7,"key":"EntropicBrew"},{"floor":12,"key":"Ancient Potion"},{"floor":16,"key":"AttackPotion"},{"floor":22,"key":"PowerPotion"},{"floor":23,"key":"Swift Potion"},{"floor":29,"key":"BottledSpark"},{"floor":31,"key":"PowerPotion"},{"floor":33,"key":"AttackPotion"},{"floor":41,"key":"Weak Potion"},{"floor":45,"key":"Block Potion"},{"floor":46,"key":"AttackPotion"},{"floor":47,"key":"Dexterity Potion"}],"is_trial":false,"path_per_floor":["M","?","?","M","?","E","M","M","T","M","R","M","M","M","R","B",null,"M","T","M","$","M","E","R","M","T","R","E","M","E","M","R","B",null,"M","$","M","$","M","R","E","R","T","R","M","E","M","E","R","B",null],"character_chosen":"MARISA","items_purchased":["Whetstone","MealTicket"],"campfire_rested":1,"item_purchase_floors":[21,36],"current_hp_per_floor":[66,66,56,56,56,46,40,33,33,33,33,33,22,15,15,4,60,55,55,46,46,26,50,50,40,40,40,28,24,15,14,14,7,66,69,69,72,87,70,70,71,71,71,71,65,73,68,63,92,51],"gold":277,"neow_bonus":"ONE_RARE_RELIC","is_daily":false,"chose_seed":false,"campfire_upgraded":8,"win_rate":0.0,"timestamp":1613230750,"path_taken":["M","?","?","M","?","E","M","M","T","M","R","M","M","M","R","BOSS","M","?","?","?","M","E","R","M","T","R","E","M","E","M","R","BOSS","M","$","M","$","M","R","E","R","T","R","M","E","M","E","R","BOSS"],"items_purchased_type":["Relic","Relic"],"build_version":"2020-12-22","purchased_purges":3,"victory":true,"max_hp_per_floor":[75,69,69,69,69,79,79,79,79,79,79,79,79,79,79,79,79,79,79,79,79,81,83,83,83,83,83,85,85,85,85,85,85,85,87,87,89,89,91,91,93,93,93,93,95,97,97,99,99,99],"card_choices":[{"not_picked":["ChargeUpSpray","IllusionStar"],"picked":"DoubleSpark","floor":1},{"not_picked":["GalacticHalo","BlazeAway"],"picked":"MilkyWay","floor":4},{"not_picked":["UnstableBomb","RefractionSpark"],"picked":"NonDirectionalLaser","floor":6},{"not_picked":["6A","Robbery"],"picked":"SporeBomb","floor":7},{"not_picked":["PowerUp","OpenUniverse","ShootingEcho"],"picked":"SKIP","floor":8},{"not_picked":["Acceleration","ChargeUpSpray","BlazingStar","AsteroidBelt"],"picked":"SKIP","floor":10},{"not_picked":["Acceleration","GravityBeat","MagicAbsorber","DC"],"picked":"SKIP","floor":12},{"not_picked":["SporeBomb","LuminesStrike","StarBarrage"],"picked":"MilkyWay","floor":13},{"not_picked":["OneTimeOff","SporeBomb","NonDirectionalLaser","DarkMatter"],"picked":"SKIP","floor":14},{"not_picked":["BinaryStars","BlazingStar","StarDustReverie"],"picked":"UltimateShortwave","floor":16},{"not_picked":["WitchOfGreed","ShootingEcho","DarkSpark","DoubleSpark"],"picked":"SKIP","floor":18},{"not_picked":["MilkyWay","NonDirectionalLaser","GalacticHalo"],"picked":"MysteriousBeam","floor":20},{"not_picked":["NonDirectionalLaser","PowerUp","SporeBomb","DC"],"picked":"Singing Bowl","floor":22},{"not_picked":["SprinkleStarSeal","WitchLeyline","EventHorizon","UnstableBomb"],"picked":"Singing Bowl","floor":23},{"not_picked":["TreasureHunter","NonDirectionalLaser","6A"],"picked":"ChargingUp","floor":25},{"not_picked":["GalacticHalo","SprinkleStarSeal","NonDirectionalLaser","EnergyRecoil"],"picked":"Singing Bowl","floor":28},{"not_picked":["DragonMeteor","MysteriousBeam","EventHorizon"],"picked":"EarthLightRay+1","floor":29},{"not_picked":["ManaConvection","Singularity","UnstableBomb"],"picked":"UltimateShortwave","floor":30},{"not_picked":["DarkMatter","LuminesStrike+1","WitchOfGreed"],"picked":"GrandCross+1","floor":31},{"not_picked":["SatelliteIllusion","StarDustReverie","EscapeVelocity"],"picked":"MillisecondPulsars","floor":33},{"not_picked":["ShootTheMoon+1","MagicChant","SporeBomb","GalacticHalo"],"picked":"Singing Bowl","floor":35},{"not_picked":["IllusionStar+1","LuminesStrike","BinaryStars","SuperPerseids+1"],"picked":"Singing Bowl","floor":37},{"not_picked":["SporeBomb+1","NonDirectionalLaser+1","DC","6A"],"picked":"Singing Bowl","floor":39},{"not_picked":["SuperPerseids+1","Acceleration+1","WitchLeyline","AsteroidBelt+1"],"picked":"Singing Bowl","floor":41},{"not_picked":["GrandCross","AsteroidBelt","DC","UnstableBomb"],"picked":"Singing Bowl","floor":45},{"not_picked":["UltimateShortwave","MachineGunSpark","Singularity","OortCloud"],"picked":"Singing Bowl","floor":46},{"not_picked":["GrandCross","GalacticHalo+1","NonDirectionalLaser"],"picked":"Acceleration+1","floor":47},{"not_picked":["WitchLeyline+1","6A","OneTimeOff","OpenUniverse"],"picked":"Singing Bowl","floor":48}],"player_experience":389931,"relics_obtained":[{"floor":6,"key":"Pear"},{"floor":9,"key":"Question Card"},{"floor":19,"key":"Singing Bowl"},{"floor":23,"key":"Boot"},{"floor":26,"key":"Mercury Hourglass"},{"floor":28,"key":"Pocketwatch"},{"floor":30,"key":"PreservedInsect"},{"floor":41,"key":"Gremlin Horn"},{"floor":43,"key":"HandmadeGrimoire"},{"floor":46,"key":"StrikeDummy"},{"floor":48,"key":"Centennial Puzzle"}],"event_choices":[{"damage_healed":0,"gold_gain":0,"player_choice":"Lose Max HP","damage_taken":0,"relics_obtained":["Golden Idol"],"max_hp_gain":0,"max_hp_loss":6,"event_name":"Golden Idol","floor":2,"gold_loss":0},{"damage_healed":0,"gold_gain":75,"player_choice":"Gather Gold","damage_taken":11,"max_hp_gain":0,"max_hp_loss":0,"event_name":"World of Goop","floor":3,"gold_loss":0},{"damage_healed":0,"gold_gain":0,"player_choice":"Bought 1 Potion","damage_taken":0,"max_hp_gain":0,"max_hp_loss":0,"event_name":"The Woman in Blue","floor":5,"gold_loss":0}],"is_beta":false,"boss_relics":[{"not_picked":["Astrolabe","Velvet Choker"],"picked":"BewitchedHakkero"},{"not_picked":["SacredBark","Philosopher\u0027s Stone"],"picked":"SlaversCollar"}],"items_purged_floors":[21,36,38],"is_endless":false,"potions_floor_spawned":[1,7,8,12,16,22,23,29,31,33,41,45,46,47],"ascension_level":13}}