{"host":"l7ku00cw7dmofayg","time":1613176395,"event":{"mods":["ATMod(∞¢Ë™Mod)","BaseMod","Dota2Spire","Marisa£®ÏF”Í°°ƒß¿Ì…≥£©","Minty Spire (QoL Compilation)","Remilia£®¿Ÿ√◊¿Ú—«£©","StSLib","The Invoker Mod"],"gold_per_floor":[117,133,133,180,196,241,241,282,282,292,292,292,392,405,405,524,524,550,550,190,225,225,269,269,297,297,329,376,405,313,342,342,462,462,482,548,548,548,598,653,653,671,671,671,281,281,316,360,360,360],"floor_reached":51,"language":"ZHS","playtime":2903,"items_purged":["Regret","Strike_MRS","Defend_MRS"],"score":1217,"play_id":"95672a43-a1b7-49b0-bf99-0c223ca145b0","local_time":"20210213083315","is_ascension_mode":true,"campfire_choices":[{"data":"NonDirectionalLaser","floor":7.0,"key":"SMITH"},{"floor":12.0,"key":"REST"},{"floor":15.0,"key":"REST"},{"floor":24,"key":"REST"},{"floor":32,"key":"REST"},{"data":"BlazeAway","floor":41,"key":"SMITH"},{"data":"Acceleration","floor":44,"key":"SMITH"},{"data":"CasketOfStar","floor":49,"key":"SMITH"}],"circlet_count":0,"master_deck":["Strike_MRS","Strike_MRS","Strike_MRS","Defend_MRS","Defend_MRS","Defend_MRS","MasterSpark","UpSweep","AT_DarkMatter","NonDirectionalLaser+1","DC","WitchOfGreed","Acceleration+1","MillisecondPulsars+1","NonDirectionalLaser","UltimateShortwave","BlazeAway+1","MagicAbsorber","Orbital","AlicesGift+1","AsteroidBelt","AsteroidBelt+1","Acceleration","RefractionSpark","IllusionStar","EarthLightRay","CasketOfStar+1","Madness","Madness","WitchOfGreed","WitchOfGreed+1","EarthLightRay+1","EventHorizon","GravityBeat","Robbery+1","EnergyFlow"],"relics":["MiniHakkero","AT_ATBox","NeowsBlessing","Bag of Marbles","AT_SunfireAegis","AT_Kusabimaru","Orichalcum","Mummified Hand","Sozu","Membership Card","Pear","AT_TimeSand","AT_ForceNature","AT_RedNoBalance","Ancient Tea Set","Runic Pyramid","AT_LudenTempest","AT_GoldPhoenixTree","Dota2Spire:CrimsonGuard","Smiling Mask","Dota2Spire:AghanimScepter","TheAbacus","Boot","White Beast Statue","HandmadeGrimoire"],"acts_visited":["Exordium","TheCity","TheBeyond"],"potions_floor_usage":[18,21],"damage_taken":[{"damage":0.0,"enemies":"2 Louse","floor":1.0,"turns":1.0},{"damage":0.0,"enemies":"Jaw Worm","floor":2.0,"turns":1.0},{"damage":0.0,"enemies":"Small Slimes","floor":5.0,"turns":1.0},{"damage":27.0,"enemies":"Gremlin Nob","floor":6.0,"turns":4.0},{"damage":16.0,"enemies":"3 Sentries","floor":8.0,"turns":5.0},{"damage":13.0,"enemies":"Red Slaver","floor":10.0,"turns":3.0},{"damage":0.0,"enemies":"2 Fungi Beasts","floor":14.0,"turns":1.0},{"damage":22.0,"enemies":"Hexaghost","floor":16.0,"turns":6.0},{"damage":7,"enemies":"Chosen","floor":18,"turns":3},{"damage":17,"enemies":"2 Thieves","floor":21,"turns":2},{"damage":34,"enemies":"Gremlin Leader","floor":23,"turns":6},{"damage":31,"enemies":"Book of Stabbing","floor":25,"turns":4},{"damage":0,"enemies":"Snecko","floor":27,"turns":3},{"damage":0,"enemies":"Gremlin Leader","floor":28,"turns":5},{"damage":0,"enemies":"3 Cultists","floor":29,"turns":2},{"damage":19,"enemies":"Snake Plant","floor":31,"turns":2},{"damage":11,"enemies":"Automaton","floor":33,"turns":6},{"damage":5,"enemies":"Orb Walker","floor":35,"turns":2},{"damage":37,"enemies":"2 Orb Walkers","floor":36,"turns":4},{"damage":0,"enemies":"Mind Bloom Boss Battle","floor":39,"turns":3},{"damage":0,"enemies":"Giant Head","floor":40,"turns":3},{"damage":0,"enemies":"3 Darklings","floor":42,"turns":1},{"damage":0,"enemies":"Reptomancer","floor":47,"turns":2},{"damage":0,"enemies":"4 Shapes","floor":48,"turns":1},{"damage":36,"enemies":"Donu and Deca","floor":50,"turns":4}],"seed_played":"-2388380437890524049","potions_obtained":[{"floor":6.0,"key":"DistilledChaos"},{"floor":8.0,"key":"ShroomBrew"},{"floor":8.0,"key":"FearPotion"},{"floor":10.0,"key":"LiquidBronze"},{"floor":16,"key":"SkillPotion"},{"floor":16,"key":"Regen Potion"}],"is_trial":false,"path_per_floor":["M","M","?","T","M","E","R","E","T","M","?","R","?","M","R","B",null,"M","?","$","M","?","E","R","E","T","M","E","M","$","M","R","B",null,"M","?","?","?","?","E","R","M","T","R","$","T","E","M","R","B",null],"character_chosen":"MARISA","items_purchased":["Membership Card","Pear","MagicAbsorber","RefractionSpark","IllusionStar","Dota2Spire:AghanimScepter","TheAbacus","EventHorizon","Boot","GravityBeat"],"campfire_rested":4,"item_purchase_floors":[20,20,20,30,30,45,45,45,45,45],"current_hp_per_floor":[68,68,68,68,68,41,41,25,25,12,5,27,27,27,49,27,63,65,65,75,58,58,24,49,18,18,42,42,42,42,23,48,35,73,41,9,74,65,41,45,45,45,45,45,45,45,51,51,51,25],"gold":360,"neow_bonus":"THREE_ENEMY_KILL","is_daily":false,"chose_seed":false,"campfire_upgraded":4,"win_rate":0.0,"timestamp":1613176395,"path_taken":["M","M","?","?","M","E","R","E","T","M","?","R","?","?","R","BOSS","BOSS","M","?","?","?","?","E","R","E","T","?","E","M","$","M","R","BOSS","M","?","?","?","?","E","R","M","T","R","$","?","E","M","R","BOSS"],"items_purchased_type":["Relic","Relic","Card","Card","Card","Relic","Relic","Card","Relic","Card"],"build_version":"2020-12-22","purchased_purges":3,"victory":true,"max_hp_per_floor":[75,75,75,75,75,75,75,75,75,75,75,75,75,75,75,75,75,75,75,85,85,85,85,85,85,85,85,85,85,85,85,85,85,85,85,85,74,74,74,74,74,74,74,74,74,74,74,74,74,74],"card_choices":[{"not_picked":["UnstableBomb","WitchOfGreed"],"picked":"NonDirectionalLaser","floor":1.0},{"not_picked":["DeepEcoloBomb","UnstableBomb"],"picked":"DC","floor":2.0},{"not_picked":["DC","LuminesStrike"],"picked":"WitchOfGreed","floor":5.0},{"not_picked":["WitchLeyline","EarthLightRay"],"picked":"Acceleration","floor":6.0},{"not_picked":["WitchOfGreed","StarBarrage"],"picked":"MillisecondPulsars","floor":8.0},{"not_picked":["6A","Singularity"],"picked":"NonDirectionalLaser","floor":10.0},{"not_picked":["OrrerysSun","DoubleSpark","StarBarrage"],"picked":"SKIP","floor":14.0},{"not_picked":["SatelliteIllusion","MillisecondPulsars"],"picked":"UltimateShortwave","floor":16},{"not_picked":["GrandCross+1","DarkSpark"],"picked":"BlazeAway","floor":18},{"not_picked":["GalacticHalo","StarlightTyphoon"],"picked":"Orbital","floor":21},{"not_picked":["GrandCross","ChargeUpSpray"],"picked":"AlicesGift+1","floor":23},{"not_picked":["ManaConvection","GrandCross+1"],"picked":"AsteroidBelt","floor":25},{"not_picked":["NonDirectionalLaser+1","ChargingUp"],"picked":"AsteroidBelt+1","floor":27},{"not_picked":["DoubleSpark","ShootingEcho"],"picked":"Acceleration","floor":28},{"not_picked":["Occultation","GravityBeat","ShootingEcho"],"picked":"SKIP","floor":29},{"not_picked":["MilkyWay","WitchOfGreed"],"picked":"EarthLightRay","floor":31},{"not_picked":["TreasureHunter","BinaryStars"],"picked":"CasketOfStar","floor":33},{"not_picked":["GravityBeat+1","RefractionSpark","MagicAbsorber+1"],"picked":"SKIP","floor":35},{"not_picked":["MeteoricShower","EnergyFlow"],"picked":"WitchOfGreed","floor":39},{"not_picked":["GravityBeat","MilkyWay"],"picked":"WitchOfGreed+1","floor":40},{"not_picked":["MilkyWay","MeteoricShower"],"picked":"EarthLightRay+1","floor":42},{"not_picked":["SporeBomb","MeteoricShower+1"],"picked":"Robbery+1","floor":47},{"not_picked":["DC+1","ManaConvection"],"picked":"EnergyFlow","floor":48}],"player_experience":33875,"relics_obtained":[{"floor":4.0,"key":"AT_SunfireAegis"},{"floor":6.0,"key":"AT_Kusabimaru"},{"floor":8.0,"key":"Orichalcum"},{"floor":9.0,"key":"Mummified Hand"},{"floor":23,"key":"AT_TimeSand"},{"floor":25,"key":"AT_ForceNature"},{"floor":26,"key":"AT_SilverBalance"},{"floor":28,"key":"Ancient Tea Set"},{"floor":36,"key":"AT_LudenTempest"},{"floor":39,"key":"AT_GoldPhoenixTree"},{"floor":40,"key":"Dota2Spire:CrimsonGuard"},{"floor":43,"key":"Smiling Mask"},{"floor":46,"key":"White Beast Statue"},{"floor":47,"key":"HandmadeGrimoire"}],"event_choices":[{"damage_healed":0.0,"max_hp_gain":0.0,"max_hp_loss":0.0,"gold_gain":0.0,"event_name":"Big Fish","player_choice":"Box","floor":3.0,"gold_loss":0.0,"damage_taken":0.0,"relics_obtained":["Bag of Marbles"],"cards_obtained":["Regret"]},{"damage_healed":0.0,"max_hp_gain":0.0,"max_hp_loss":0.0,"gold_gain":0.0,"event_name":"Scrap Ooze","player_choice":"Fled","floor":11.0,"gold_loss":0.0,"damage_taken":7.0},{"damage_healed":0.0,"max_hp_gain":0.0,"max_hp_loss":0.0,"gold_gain":100.0,"event_name":"Wheel of Change","player_choice":"Gold","floor":13.0,"gold_loss":0.0,"damage_taken":0.0},{"damage_healed":0,"gold_gain":0,"player_choice":"Upgraded","damage_taken":0,"max_hp_gain":0,"max_hp_loss":0,"event_name":"Upgrade Shrine","floor":19,"gold_loss":0,"cards_upgraded":["MillisecondPulsars"]},{"damage_healed":0,"gold_gain":0,"player_choice":"Relic","damage_taken":0,"max_hp_gain":0,"max_hp_loss":0,"event_name":"Wheel of Change","floor":22,"gold_loss":0},{"damage_healed":0,"gold_gain":0,"player_choice":"Fight","damage_taken":0,"max_hp_gain":0,"max_hp_loss":0,"event_name":"Mysterious Sphere","floor":36,"gold_loss":0},{"damage_healed":74,"gold_gain":0,"player_choice":"Heal","damage_taken":0,"max_hp_gain":0,"max_hp_loss":11,"event_name":"The Moai Head","floor":37,"gold_loss":0},{"damage_healed":0,"gold_gain":0,"player_choice":"Embrace Madness","damage_taken":9,"max_hp_gain":0,"max_hp_loss":0,"event_name":"Winding Halls","floor":38,"gold_loss":0,"cards_obtained":["Madness","Madness"]},{"damage_healed":0,"gold_gain":0,"player_choice":"Fight","damage_taken":0,"max_hp_gain":0,"max_hp_loss":0,"event_name":"MindBloom","floor":39,"gold_loss":0}],"is_beta":false,"boss_relics":[{"not_picked":["Philosopher\u0027s Stone","SlaversCollar"],"picked":"Sozu"},{"not_picked":["Coffee Dripper","RampagingMagicTools"],"picked":"Runic Pyramid"}],"items_purged_floors":[20,30,45],"is_endless":false,"potions_floor_spawned":[6,8,10,16,18,27,28,29,39,42,47,48],"ascension_level":6}}