{"host":"81iaqqr1ryudmr11","time":1613233994,"event":{"mods":["BaseMod","Highlight Path","Minty Spire (QoL Compilation)","Relic Stats"],"gold_per_floor":[11,29,42,42,53,79,79,179,179,208,208,235,11,43,43,142,142,152,172,172,172,185,213,213,238,238,278,278,97,115,142,142,252,252,270,270,49,99,99,127,153,153,178,196,215,250,268,293,293,293,293,293,41,82,82],"floor_reached":56,"language":"ENG","playtime":6001,"items_purged":["Strike_B","Defend_B"],"score":1705,"play_id":"8c970725-966f-49df-aac2-1d1c38710665","local_time":"20210213173314","is_ascension_mode":true,"campfire_choices":[{"floor":7.0,"key":"REST"},{"data":"Mayhem","floor":11.0,"key":"SMITH"},{"floor":15.0,"key":"REST"},{"data":"Buffer","floor":28.0,"key":"SMITH"},{"data":"Zap","floor":32.0,"key":"SMITH"},{"data":"Blizzard","floor":42.0,"key":"SMITH"},{"floor":49,"key":"RECALL"},{"data":"Coolheaded","floor":52,"key":"SMITH"}],"circlet_count":0,"master_deck":["Defend_B","Defend_B","Zap+1","Dualcast","Mayhem+1","Compile Driver","Coolheaded+1","Core Surge","Genetic Algorithm","Fission+1","Undo+1","Echo Form","Leap+1","Buffer+1","White Noise+1","Redo+1","Force Field+1","Chill+1","White Noise+1","Bandage Up+1","Cold Snap+1","Fission+1","Blizzard+1","Madness+1","Madness+1","Streamline+1","Ball Lightning+1"],"relics":["Cracked Core","Toxic Egg 2","Letter Opener","Meat on the Bone","WingedGreaves","Art of War","Black Star","CaptainsWheel","Oddly Smooth Stone","CeramicFish","Incense Burner","Omamori","Calipers","Bird Faced Urn","Torii","Busted Crown","Bronze Scales","Prayer Wheel","Pocketwatch","Boot","DataDisk","Bottled Tornado","Ornamental Fan","Lantern","Darkstone Periapt","Vajra","InkBottle","Blood Vial","White Beast Statue"],"acts_visited":["Exordium","TheCity","TheBeyond","TheEnding"],"potions_floor_usage":[50],"damage_taken":[{"damage":0.0,"enemies":"Small Slimes","floor":1.0,"turns":4.0},{"damage":0.0,"enemies":"Cultist","floor":2.0,"turns":4.0},{"damage":10.0,"enemies":"2 Louse","floor":3.0,"turns":3.0},{"damage":0.0,"enemies":"Gremlin Gang","floor":5.0,"turns":6.0},{"damage":34.0,"enemies":"Gremlin Nob","floor":6.0,"turns":5.0},{"damage":7.0,"enemies":"Lagavulin","floor":10.0,"turns":7.0},{"damage":34.0,"enemies":"3 Sentries","floor":12.0,"turns":8.0},{"damage":16.0,"enemies":"Gremlin Nob","floor":14.0,"turns":4.0},{"damage":27.0,"enemies":"Slime Boss","floor":16.0,"turns":10.0},{"damage":0.0,"enemies":"Spheric Guardian","floor":18.0,"turns":5.0},{"damage":7.0,"enemies":"Chosen","floor":19.0,"turns":6.0},{"damage":0.0,"enemies":"Sentry and Sphere","floor":22.0,"turns":4.0},{"damage":0.0,"enemies":"Gremlin Leader","floor":23.0,"turns":6.0},{"damage":37.0,"enemies":"Slavers","floor":25.0,"turns":2.0},{"damage":12.0,"enemies":"Book of Stabbing","floor":27.0,"turns":7.0},{"damage":0.0,"enemies":"Snecko","floor":30.0,"turns":6.0},{"damage":0.0,"enemies":"3 Cultists","floor":31.0,"turns":5.0},{"damage":0.0,"enemies":"Automaton","floor":33.0,"turns":11.0},{"damage":0.0,"enemies":"3 Darklings","floor":35.0,"turns":7.0},{"damage":0.0,"enemies":"Mind Bloom Boss Battle","floor":38.0,"turns":5.0},{"damage":0.0,"enemies":"Giant Head","floor":40.0,"turns":10.0},{"damage":19.0,"enemies":"Reptomancer","floor":41.0,"turns":7.0},{"damage":0,"enemies":"Orb Walker","floor":45,"turns":3},{"damage":24,"enemies":"Nemesis","floor":46,"turns":5},{"damage":0,"enemies":"3 Darklings","floor":47,"turns":3},{"damage":1,"enemies":"Reptomancer","floor":48,"turns":5},{"damage":19,"enemies":"Donu and Deca","floor":50,"turns":8},{"damage":27,"enemies":"Shield and Spear","floor":54,"turns":6},{"damage":15,"enemies":"The Heart","floor":55,"turns":9}],"seed_played":"-308222675831622470","potions_obtained":[{"floor":1.0,"key":"LiquidBronze"},{"floor":3.0,"key":"DistilledChaos"},{"floor":6.0,"key":"SteroidPotion"},{"floor":14.0,"key":"SteroidPotion"},{"floor":18.0,"key":"Explosive Potion"},{"floor":19.0,"key":"SkillPotion"},{"floor":24.0,"key":"Energy Potion"},{"floor":24.0,"key":"PotionOfCapacity"},{"floor":24.0,"key":"Ancient Potion"},{"floor":27.0,"key":"SkillPotion"},{"floor":30.0,"key":"ColorlessPotion"},{"floor":33.0,"key":"Dexterity Potion"},{"floor":38.0,"key":"FearPotion"},{"floor":41.0,"key":"Fruit Juice"},{"floor":48,"key":"SpeedPotion"}],"is_trial":false,"path_per_floor":["M","M","M","?","M","E","R","?","T","E","R","E","$","E","R","B",null,"M","M","?","?","M","E","?","E","T","E","R","$","M","M","R","B",null,"M","?","$","?","?","E","E","R","T","?","M","E","M","E","R","B",null,"R","$","E","B",null],"character_chosen":"DEFECT","items_purchased":["Echo Form","Bandage Up+1","Blizzard","Bronze Scales","InkBottle"],"campfire_rested":2,"item_purchase_floors":[13,29,37,37,53],"current_hp_per_floor":[75,75,65,65,65,31,53,53,53,46,46,24,24,20,42,27,63,63,56,56,56,56,56,56,31,31,31,31,31,47,63,63,75,75,75,75,75,75,75,75,77,77,77,67,79,72,80,80,80,80,80,80,80,63,74],"gold":82,"neow_bonus":"RANDOM_COLORLESS_2","is_daily":false,"chose_seed":false,"campfire_upgraded":5,"win_rate":0.0,"timestamp":1613233994,"path_taken":["M","M","M","?","?","E","R","?","T","E","R","E","$","E","R","BOSS","M","?","?","?","M","E","?","E","T","E","R","$","M","M","R","BOSS","M","?","$","?","?","E","E","R","T","?","?","E","M","E","R","BOSS","R","$","E","BOSS"],"items_purchased_type":["Card","Card","Card","Relic","Relic"],"build_version":"2020-12-22","purchased_purges":2,"victory":true,"max_hp_per_floor":[75,75,75,75,75,75,75,75,75,75,75,75,75,75,75,75,75,75,75,75,75,75,75,75,75,75,75,75,75,75,75,75,75,75,75,75,75,75,75,75,80,80,80,80,80,80,80,80,80,80,80,80,80,80,80],"relic_stats":{"Darkstone Periapt":0,"Torii":19,"counters":[29,171],"CeramicFish":81,"Letter Opener":[964],"Boot":[50],"Blood Vial":2,"Busted Crown":24,"Ornamental Fan":[60],"Bird Faced Urn":[91],"Bronze Scales":[274],"Prayer Wheel":2,"Art of War":[28],"Black Star":8,"obtain_stats":[{"Darkstone Periapt":48,"Lantern":46,"Calipers":26,"Torii":27,"CeramicFish":23,"Vajra":48,"Incense Burner":25,"Bottled Tornado":41,"Boot":40,"Blood Vial":54,"Prayer Wheel":38,"WingedGreaves":12,"Toxic Egg 2":6,"Cracked Core":0,"InkBottle":53,"Oddly Smooth Stone":23,"Omamori":25,"Letter Opener":9,"White Beast Statue":54,"CaptainsWheel":20,"DataDisk":41,"Busted Crown":34,"Ornamental Fan":46,"Bird Faced Urn":27,"Bronze Scales":37,"Art of War":14,"Black Star":17,"Meat on the Bone":10,"Pocketwatch":40},{"Darkstone Periapt":26,"Lantern":24,"Calipers":14,"Torii":15,"CeramicFish":13,"Vajra":26,"Incense Burner":14,"Bottled Tornado":22,"Boot":21,"Blood Vial":28,"Prayer Wheel":20,"WingedGreaves":7,"Toxic Egg 2":5,"Cracked Core":0,"InkBottle":27,"Oddly Smooth Stone":13,"Omamori":14,"Letter Opener":5,"White Beast Statue":28,"CaptainsWheel":11,"DataDisk":22,"Busted Crown":18,"Ornamental Fan":24,"Bird Faced Urn":15,"Bronze Scales":19,"Art of War":8,"Black Star":9,"Meat on the Bone":6,"Pocketwatch":21},{"Darkstone Periapt":148,"Lantern":140,"Calipers":74,"Torii":81,"CeramicFish":72,"Vajra":148,"Incense Burner":74,"Bottled Tornado":132,"Boot":125,"Blood Vial":162,"Prayer Wheel":115,"WingedGreaves":37,"Toxic Egg 2":22,"Cracked Core":0,"InkBottle":156,"Oddly Smooth Stone":72,"Omamori":74,"Letter Opener":22,"White Beast Statue":162,"CaptainsWheel":62,"DataDisk":132,"Busted Crown":103,"Ornamental Fan":140,"Bird Faced Urn":81,"Bronze Scales":110,"Art of War":41,"Black Star":51,"Meat on the Bone":29,"Pocketwatch":125}],"InkBottle":[12],"Meat on the Bone":60,"Pocketwatch":[3]},"card_choices":[{"not_picked":["Chrysalis","The Bomb"],"picked":"Mayhem","floor":0.0},{"not_picked":["Recycle","Turbo"],"picked":"Compile Driver","floor":1.0},{"not_picked":["Steam","Hologram"],"picked":"Coolheaded","floor":2.0},{"not_picked":["Aggregate","Coolheaded"],"picked":"Core Surge","floor":3.0},{"not_picked":["Leap","Hologram"],"picked":"Genetic Algorithm","floor":5.0},{"not_picked":["Auto Shields+1","Hello World"],"picked":"Fission+1","floor":6.0},{"not_picked":["Gash","Barrage","Aggregate+1"],"picked":"SKIP","floor":10.0},{"not_picked":["Go for the Eyes","BootSequence+1"],"picked":"Undo+1","floor":12.0},{"not_picked":["Melter","BootSequence+1"],"picked":"Leap+1","floor":14.0},{"not_picked":["Reboot+1","Amplify+1"],"picked":"Buffer","floor":16.0},{"not_picked":["Steam+1","Barrage"],"picked":"White Noise+1","floor":18.0},{"not_picked":["Reinforced Body+1","Beam Cell","Defragment"],"picked":"SKIP","floor":19.0},{"not_picked":["Barrage","Go for the Eyes"],"picked":"Chill+1","floor":22.0},{"not_picked":["Beam Cell","Undo+1","Rebound+1"],"picked":"SKIP","floor":23.0},{"not_picked":["Barrage+1","Sweeping Beam","Hyperbeam"],"picked":"SKIP","floor":25.0},{"not_picked":["Defragment","Compile Driver"],"picked":"White Noise+1","floor":27.0},{"not_picked":["Stack+1","Go for the Eyes","Turbo+1"],"picked":"SKIP","floor":30.0},{"not_picked":["Streamline","Stack+1"],"picked":"Cold Snap+1","floor":31.0},{"not_picked":["Hyperbeam","Buffer"],"picked":"Fission+1","floor":33.0},{"not_picked":["Sweeping Beam"],"picked":"SKIP","floor":35.0},{"not_picked":["Hello World+1"],"picked":"SKIP","floor":40.0},{"not_picked":["Go for the Eyes+1"],"picked":"SKIP","floor":41.0},{"not_picked":[],"picked":"Streamline+1","floor":45},{"not_picked":["Reinforced Body+1"],"picked":"SKIP","floor":45},{"not_picked":["Blizzard+1"],"picked":"SKIP","floor":46},{"not_picked":["Stack+1"],"picked":"SKIP","floor":47},{"not_picked":["Chill+1"],"picked":"SKIP","floor":47},{"not_picked":["Cold Snap"],"picked":"SKIP","floor":48},{"not_picked":[],"picked":"Ball Lightning+1","floor":54}],"player_experience":194175,"relics_obtained":[{"floor":6.0,"key":"Toxic Egg 2"},{"floor":9.0,"key":"Letter Opener"},{"floor":10.0,"key":"Meat on the Bone"},{"floor":12.0,"key":"WingedGreaves"},{"floor":14.0,"key":"Art of War"},{"floor":23.0,"key":"Oddly Smooth Stone"},{"floor":23.0,"key":"CeramicFish"},{"floor":25.0,"key":"Incense Burner"},{"floor":25.0,"key":"Omamori"},{"floor":26.0,"key":"Calipers"},{"floor":27.0,"key":"Bird Faced Urn"},{"floor":27.0,"key":"Torii"},{"floor":38.0,"key":"Prayer Wheel"},{"floor":40.0,"key":"Pocketwatch"},{"floor":40.0,"key":"Boot"},{"floor":41.0,"key":"DataDisk"},{"floor":41.0,"key":"Bottled Tornado"},{"floor":46,"key":"Ornamental Fan"},{"floor":46,"key":"Lantern"},{"floor":48,"key":"Darkstone Periapt"},{"floor":48,"key":"Vajra"},{"floor":54,"key":"Blood Vial"},{"floor":54,"key":"White Beast Statue"}],"event_choices":[{"cards_removed":["Strike_B"],"damage_healed":0.0,"max_hp_gain":0.0,"max_hp_loss":0.0,"gold_gain":0.0,"event_name":"Purifier","player_choice":"Purged","floor":4.0,"gold_loss":0.0,"damage_taken":0.0},{"damage_healed":0.0,"max_hp_gain":0.0,"max_hp_loss":0.0,"gold_gain":100.0,"event_name":"Golden Shrine","player_choice":"Pray","floor":8.0,"gold_loss":0.0,"damage_taken":0.0},{"damage_healed":0.0,"max_hp_gain":0.0,"max_hp_loss":0.0,"gold_gain":0.0,"event_name":"The Mausoleum","player_choice":"Opened","floor":20.0,"gold_loss":0.0,"damage_taken":0.0,"relics_obtained":["CaptainsWheel"]},{"damage_healed":0.0,"max_hp_gain":0.0,"max_hp_loss":0.0,"gold_gain":0.0,"cards_transformed":["Defend_B","Strike_B"],"event_name":"Drug Dealer","player_choice":"Became Test Subject","floor":21.0,"gold_loss":0.0,"damage_taken":0.0,"cards_obtained":["Redo","Force Field"]},{"damage_healed":0.0,"max_hp_gain":0.0,"max_hp_loss":0.0,"gold_gain":0.0,"event_name":"Lab","player_choice":"Got Potions","floor":24.0,"gold_loss":0.0,"damage_taken":0.0},{"cards_removed":["Strike_B"],"damage_healed":0.0,"max_hp_gain":0.0,"max_hp_loss":0.0,"gold_gain":0.0,"event_name":"Falling","player_choice":"Removed Attack","floor":36.0,"gold_loss":0.0,"damage_taken":0.0},{"damage_healed":0.0,"max_hp_gain":0.0,"max_hp_loss":0.0,"gold_gain":0.0,"event_name":"MindBloom","player_choice":"Fight","floor":38.0,"gold_loss":0.0,"damage_taken":0.0},{"damage_healed":0.0,"max_hp_gain":0.0,"max_hp_loss":0.0,"gold_gain":0.0,"event_name":"SensoryStone","player_choice":"Memory 1","floor":39.0,"gold_loss":0.0,"damage_taken":0.0},{"damage_healed":0.0,"max_hp_gain":0.0,"max_hp_loss":0.0,"gold_gain":0.0,"event_name":"Winding Halls","player_choice":"Embrace Madness","floor":44.0,"gold_loss":0.0,"damage_taken":10.0,"cards_obtained":["Madness","Madness"]}],"is_beta":false,"boss_relics":[{"not_picked":["Runic Dome","Inserter"],"picked":"Black Star"},{"not_picked":["Coffee Dripper","Pandora\u0027s Box"],"picked":"Busted Crown"}],"items_purged_floors":[13,29],"is_endless":false,"potions_floor_spawned":[1,3,6,14,18,19,27,30,33,38,41,48],"ascension_level":5}}