{"host":"j4tm1fhkymdbe3p9","time":1613202482,"event":{"mods":["A Magickal Journey","BaseMod","Better Third Choice","BetterRewards","Chen","Downfall","Hermit","Hubris","Infinite Spire","Koishi","Luminous","Marisa????????","Mimic Mod","Minty Spire (QoL Compilation)","Reimu??????","Remilia??????","Replay The Spire","Shade Mod","Shop Mod","StSLib","The Administrix","The Animator","The Blackbeard","The Bladedancer","The Construct","The Cursed","The Disciple","The Druid","The Exalted","The Gatherer","The Hierophant","The Mystic","The Necromancer","The Runesmith","The Servant 0.9.4","The Spell Scribe","TheSwordswoman","??????REMEMod"],"gold_per_floor":[361,536,536,546,122,122,137,165,165,176,176,206,222,287,287,384,384,403,403,414,434,450,484,499,509,588,620,635,635,635,189,189,291,291,305,318,338,338,111,111,129,162,162,181,181,181,206,322,322,427,427,422,425,497,497,497,498,498,498,574,582,582,581,578,574,574,624,624,629,629,624,629,929,921,921,1020,1043,1043,1043,1041,1041,1034,1034,1086,1086,1083,1081,988,992,539,518,501,474,459,459,459,435,435,384,384,444,444,431,431,423,345,345,345,340,330,330,313,318,319,26,26,19,10,10,96,96,96,96,195,180,161,161,147,141,168,168,268,118,118,119,119,187,187,175,164,214,235,235,235,244,244,250,250,250,250,250,245,245,206,206],"floor_reached":154,"language":"ENG","playtime":8624,"items_purged":["Doubt","Shade:CarefulCut","hubris:Wrath","Shade:Defend_Shade","Shade:Defend_Shade","Shade:Defend_Shade"],"score":3741,"play_id":"eecfd05c-fce7-4856-8d8f-33ab0a71f15f","local_time":"20210213024802","is_ascension_mode":false,"campfire_choices":[{"data":"Shade:LichForm","floor":6,"key":"SMITH"},{"floor":11,"key":"REST"},{"data":"Shade:LichForm","floor":15,"key":"SMITH"},{"data":"Shade:LyeBath","floor":29,"key":"SMITH"},{"data":"REME_PuzzleBox","floor":32,"key":"SMITH"},{"data":"Shade:SpectralStrikes","floor":45,"key":"SMITH"},{"data":"Shade:SkeletonArmy","floor":49,"key":"SMITH"},{"data":"Shade:TouchOfTheGrave","floor":58,"key":"SMITH"},{"data":"Shade:OfferingToTheBeyond","floor":66,"key":"SMITH"},{"data":"Shade:FreshBones","floor":75,"key":"SMITH"},{"data":"hubris:InfiniteBlow","floor":79,"key":"SMITH"},{"data":"hubris:InfiniteBlow+1","floor":83,"key":"SMITH"},{"data":"infinitespire:NeuralNetwork","floor":95,"key":"SMITH"},{"data":"Shade:UnbarTheGrave","floor":98,"key":"SMITH"},{"data":"hubris:InfiniteBlow+3","floor":100,"key":"SMITH"},{"data":"hubris:InfiniteBlow+4","floor":116,"key":"SMITH"},{"data":"hubris:InfiniteBlow+5","floor":119,"key":"SMITH"},{"data":"hubris:InfiniteBlow+6","floor":131,"key":"SMITH"},{"data":"hubris:InfiniteBlow+7","floor":134,"key":"SMITH"},{"data":"hubris:InfiniteBlow+8","floor":136,"key":"SMITH"},{"floor":144,"key":"DIG"},{"data":"hubris:InfiniteBlow+9","floor":151,"key":"SMITH"},{"data":"hubris:InfiniteBlow+10","floor":153,"key":"SMITH"}],"circlet_count":0,"master_deck":["Shade:Strike_Shade","Shade:Strike_Shade","Shade:Strike_Shade","Shade:Strike_Shade","Shade:AnimateDead","Creative AI","Shade:Bonestorm","Shade:FreshBones+1","Shade:CommandSoldier","Shade:LichForm+1","Shade:SpectralStrikes+1","Shade:AuraOfUnlife","Shade:FuneraryJewels","Shade:CommandSoldier+1","Shade:LyeBath+1","Shade:LichForm+1","Shade:CallOfTheGrave","Shade:Coordination","Shade:WallOfFlesh","Shade:FleshToFlesh+1","Shade:FleshToFlesh","Shade:StitchTogether","Shade:SkeletonArmy+1","Shade:DangerousRitual+1","Shade:Brains+1","Ghostly","Ghostly","Ghostly","Ghostly","Ghostly","Shade:FleshOffering","REME_PuzzleBox+1","Shade:LichForm+1","Shade:Brains+1","Shade:ClawBack+1","Shade:OpenGraves","Shade:SkeletonArmy","Shade:SkeletonArmy+1","ReplayUltimateDefense","Shade:Brains+1","Shade:WallOfFlesh","Shade:LastGasp","Shade:TouchOfTheGrave+1","Shade:Bonestorm+1","Shade:FleshOffering","Shade:FleshToFlesh","Shade:OfferingToTheBeyond+1","Shade:Bonestorm","Shade:Putrefaction","Shade:Brains+1","hubris:InfiniteBlow+11","Shade:OpenGraves","Shade:FuneraryJewels+1","hubris:Rewind","Shade:ClawBack+1","Shade:PoundOfFlesh+1","Shade:GreaterAnimation","infinitespire:NeuralNetwork+1","Shade:TouchOfTheGrave+1","Shade:TouchOfTheGrave+1","Shade:UnbarTheGrave+1","Violence","Shade:Brains+1","Shade:LyeBath+1","hubris:Rewind","Shade:WallOfFlesh+1","Shade:LichForm","Shade:SkeletonArmy","Shade:AuraOfUnlife","Shade:RavenousHorde","Shade:LichForm","Shade:LyeBath+1","Shade:FleshToFlesh","Shade:LastGasp","Shade:OpenGraves","Shade:SpontaneousRitual+1","Shade:CallOfTheGrave+1","Shade:FleshToFlesh+1","Shade:Brains+1"],"relics":["Shade:YorickSkull","REME_ComplimentaryCards","Orrery","Odd Mushroom","Thread and Needle","Replay:Rubber Ducky","Smiling Mask","hubris:BlackHole","Bird Faced Urn","infinitespire:Beetle Shell","MerchantsRug","SacredBark","ReplayTheSpireMod:CursedCoin","hubris:Towel","Juzu Bracelet","infinitespire:BottledMercury","hubris:Icosahedron","Bromod:ArcaneMomentum","Ring of Chaos","ReplayFunnel","Strawberry","Ice Cream","Turnip","Old Coin","Bromod:ArcaneNullifier","Omamori","sneckomod:BabySnecko","bronze:MakeshiftBattery","Toy Ornithopter","CatCart","hubris:CuriousFeather","Replay:Kaleidoscope","infinitespire:Joker Card","Bromod:ArcaneBarrier","Ring of Panic","hubris:EmptyBottle","Ancient Tea Set","Simple Rune","Letter Opener","Garlic","Calipers","Replay:Bottled Eggs","Runic Dome","Nunchaku","hubris:ToyBattleship","Vajra","infinitespire:Satchel","hubris:TenFootPole","Replay:Bandana","REME_IWantAll","Shovel","Quantum Egg","Whetstone","Bronze Scales","hubris:SlimyHat","Replay:Bottled Flurry","War Paint"],"acts_visited":["Exordium","TheCity","TheBeyond","Exordium","TheCity","TheBeyond","Exordium","TheCity","TheBeyond"],"potions_floor_usage":[8,12,14,23,33,42,48,67,68,97,110],"damage_taken":[{"damage":0,"enemies":"Cultist","floor":1,"turns":3},{"damage":0,"enemies":"Jaw Worm","floor":4,"turns":3},{"damage":2,"enemies":"2 Louse","floor":7,"turns":3},{"damage":14,"enemies":"The Mushroom Lair","floor":8,"turns":4},{"damage":8,"enemies":"Exordium Thugs","floor":10,"turns":4},{"damage":14,"enemies":"3 Sentries","floor":12,"turns":3},{"damage":0,"enemies":"Blue Slaver","floor":13,"turns":5},{"damage":0,"enemies":"Gremlin Nob","floor":14,"turns":4},{"damage":15,"enemies":"Slime Boss","floor":16,"turns":6},{"damage":0,"enemies":"Spheric Guardian","floor":18,"turns":3},{"damage":7,"enemies":"3 Byrds","floor":20,"turns":3},{"damage":4,"enemies":"Snake Plant","floor":21,"turns":3},{"damage":3,"enemies":"Centurion and Healer","floor":22,"turns":3},{"damage":27,"enemies":"Slavers","floor":23,"turns":3},{"damage":2,"enemies":"3 Cultists","floor":24,"turns":3},{"damage":3,"enemies":"Snake Plant","floor":25,"turns":3},{"damage":11,"enemies":"Book of Stabbing","floor":27,"turns":4},{"damage":0,"enemies":"Centurion and Healer","floor":28,"turns":3},{"damage":0,"enemies":"Automaton","floor":33,"turns":5},{"damage":0,"enemies":"3 Shapes","floor":35,"turns":3},{"damage":1,"enemies":"Orb Walker","floor":36,"turns":2},{"damage":0,"enemies":"Writhing Mass","floor":37,"turns":4},{"damage":0,"enemies":"4 Shapes","floor":41,"turns":2},{"damage":1,"enemies":"Nightmare","floor":42,"turns":4},{"damage":0,"enemies":"3 Darklings","floor":44,"turns":3},{"damage":0,"enemies":"Reptomancer","floor":47,"turns":3},{"damage":0,"enemies":"Sphere and 2 Shapes","floor":48,"turns":3},{"damage":0,"enemies":"infinitespire:MassOfShapes","floor":50,"turns":5},{"damage":0,"enemies":"Small Slimes","floor":52,"turns":2},{"damage":0,"enemies":"Jaw Worm","floor":53,"turns":1},{"damage":9,"enemies":"Gremlin Nob","floor":57,"turns":3},{"damage":0,"enemies":"2 Louse","floor":60,"turns":5},{"damage":0,"enemies":"2 Louse","floor":61,"turns":2},{"damage":0,"enemies":"Looter","floor":62,"turns":2},{"damage":0,"enemies":"Exordium Wildlife","floor":63,"turns":2},{"damage":0,"enemies":"Blue Slaver","floor":64,"turns":2},{"damage":0,"enemies":"Looter","floor":65,"turns":3},{"damage":8,"enemies":"Hexaghost","floor":67,"turns":5},{"damage":0,"enemies":"2 Thieves","floor":69,"turns":2},{"damage":0,"enemies":"Chosen","floor":71,"turns":3},{"damage":0,"enemies":"3 Cultists","floor":72,"turns":3},{"damage":0,"enemies":"REME_1_Revenger","floor":74,"turns":4},{"damage":0,"enemies":"Centurion and Healer","floor":80,"turns":2},{"damage":0,"enemies":"Chosen and Byrds","floor":82,"turns":3},{"damage":0,"enemies":"Automaton","floor":84,"turns":4},{"damage":0,"enemies":"3 Darklings","floor":86,"turns":3},{"damage":0,"enemies":"Orb Walker","floor":87,"turns":3},{"damage":8,"enemies":"2 Orb Walkers","floor":88,"turns":3},{"damage":0,"enemies":"Jaw Worm Horde","floor":89,"turns":2},{"damage":3,"enemies":"Reptomancer","floor":91,"turns":3},{"damage":0,"enemies":"Orin","floor":92,"turns":5},{"damage":0,"enemies":"4 Shapes","floor":93,"turns":3},{"damage":0,"enemies":"Writhing Mass","floor":94,"turns":4},{"damage":0,"enemies":"Writhing Mass","floor":97,"turns":1},{"damage":0,"enemies":"Maw","floor":99,"turns":1},{"damage":13,"enemies":"Time Eater","floor":101,"turns":4},{"damage":0,"enemies":"Jaw Worm","floor":103,"turns":2},{"damage":4,"enemies":"Small Slimes","floor":105,"turns":2},{"damage":0,"enemies":"Cultist","floor":109,"turns":2},{"damage":0,"enemies":"Nightmare","floor":110,"turns":3},{"damage":0,"enemies":"Looter","floor":112,"turns":2},{"damage":0,"enemies":"Exordium Wildlife","floor":113,"turns":3},{"damage":0,"enemies":"Gremlin Nob","floor":114,"turns":2},{"damage":3,"enemies":"Exordium Wildlife","floor":117,"turns":2},{"damage":7,"enemies":"3 Louse","floor":118,"turns":2},{"damage":26,"enemies":"Slime Boss","floor":120,"turns":3},{"damage":0,"enemies":"Spheric Guardian","floor":122,"turns":2},{"damage":2,"enemies":"3 Byrds","floor":125,"turns":3},{"damage":0,"enemies":"3 Byrds","floor":126,"turns":2},{"damage":0,"enemies":"Centurion and Healer","floor":128,"turns":2},{"damage":0,"enemies":"Nightmare","floor":129,"turns":3},{"damage":0,"enemies":"Book of Stabbing","floor":135,"turns":2},{"damage":1,"enemies":"Champ","floor":137,"turns":3},{"damage":28,"enemies":"3 Shapes","floor":139,"turns":2},{"damage":0,"enemies":"3 Darklings","floor":140,"turns":2},{"damage":0,"enemies":"infinitespire:Three Voidlings","floor":141,"turns":2},{"damage":3,"enemies":"Nightmare_Alpha","floor":141,"turns":4},{"damage":40,"enemies":"2 Orb Walkers","floor":142,"turns":3},{"damage":3,"enemies":"Nemesis","floor":145,"turns":3},{"damage":1,"enemies":"Writhing Mass","floor":147,"turns":2},{"damage":2,"enemies":"R_Hoarder","floor":149,"turns":3},{"damage":0,"enemies":"Writhing Mass","floor":152,"turns":3},{"damage":194,"enemies":"infinitespire:LordOfFortification","floor":154,"turns":5}],"seed_played":"-7008269813398966503","potions_obtained":[{"floor":4,"key":"AttackPotion"},{"floor":10,"key":"DistilledChaos"},{"floor":13,"key":"REME_GoldPotion"},{"floor":16,"key":"DistilledChaos"},{"floor":22,"key":"Block Potion"},{"floor":23,"key":"Energy Potion"},{"floor":24,"key":"champ:CounterPotion"},{"floor":27,"key":"Swift Potion"},{"floor":57,"key":"REME_GoldPotion"},{"floor":62,"key":"AttackPotion"},{"floor":67,"key":"SteroidPotion"},{"floor":69,"key":"LiquidMemories"},{"floor":72,"key":"Strength Potion"},{"floor":91,"key":"SkillPotion"},{"floor":93,"key":"REME_GoldPotion"},{"floor":97,"key":"SkillPotion"},{"floor":105,"key":"DuplicationPotion"},{"floor":122,"key":"DuplicationPotion"}],"is_trial":false,"path_per_floor":["M","?","?","M","$","R","M","?","T","M","R","E","M","E","R","B",null,"M","?","M","M","M","E","M","M","T","E","M","R","?","$","R","B",null,"M","M","M","?","$","?","M","NM","T","M","R","?","E","M","R","B",null,"M","M","?","?","?","E","R","?","MIM","M","M","M","M","M","R","B",null,"M","?","M","M","AVR","E","R","?","T","?","R","M","?","M","R","B",null,"M","M","?","M","$","E","?","M","MIM","R","AVR","M","R","M","R","B",null,"M","?","M","$","PTL","PTL","M","NM","?","M","MIM","E","$","R","M","M","R","B",null,"M","?","?","MIM","M","?","M","NM","T","R","?","$","R","E","R","B",null,"M","M","?","?","?","R","E","?","MIM","AVR","E","?","R","M","R","B"],"character_chosen":"SHADE","items_purchased":["Shade:LichForm","Orrery","Shade:CommandSoldier+1","Shade:FleshOffering","REME_PuzzleBox","MerchantsRug","ReplayTheSpireMod:CursedCoin","Shade:OpenGraves","Shade:SkeletonArmy","ReplayUltimateDefense","Shade:TouchOfTheGrave+1","Shade:UnbarTheGrave","Violence","hubris:EmptyBottle","Replay:Bottled Eggs","hubris:TenFootPole"],"campfire_rested":1,"item_purchase_floors":[5,5,5,31,31,31,39,39,39,39,90,90,90,106,115,133],"current_hp_per_floor":[65,65,65,65,65,65,63,49,49,41,60,46,46,46,46,31,65,65,65,58,54,51,24,32,41,41,44,60,60,32,32,32,30,30,30,30,30,28,28,28,28,28,28,28,28,28,28,28,28,28,28,28,28,28,28,26,30,30,30,35,35,35,35,35,35,35,31,35,35,27,35,35,35,35,35,35,35,35,35,35,35,35,35,35,35,35,35,35,35,35,35,35,35,35,35,35,35,35,35,35,34,35,35,35,31,31,31,31,35,35,4,35,35,35,35,35,34,32,32,30,35,35,35,35,35,35,35,35,35,35,35,35,35,35,35,35,35,35,19,35,37,38,38,38,38,36,35,35,34,34,34,36,36,0,0],"gold":206,"neow_bonus":"TWO_FIFTY_GOLD","is_daily":false,"chose_seed":false,"campfire_upgraded":21,"win_rate":0.0,"timestamp":1613202482,"path_taken":["M","?","?","M","$","R","M","?","T","M","R","E","?","E","R","BOSS","M","?","M","M","M","E","M","?","T","E","M","R","?","$","R","BOSS","M","M","M","?","$","?","M","NM","T","M","R","?","E","M","R","BOSS","M","M","?","?","?","E","R","?","MIM","M","M","M","M","M","R","BOSS","M","?","M","M","AVR","E","R","?","T","?","R","M","?","M","R","BOSS","M","M","?","M","$","E","?","M","MIM","R","AVR","M","R","M","R","BOSS","M","?","M","$","PTL","PTL","M","NM","?","M","MIM","E","$","R","M","M","R","BOSS","M","?","?","?","M","?","M","NM","T","R","?","?","R","E","R","BOSS","M","M","?","?","?","R","E","?","MIM","AVR","E","?","R","M","R","BOSS"],"items_purchased_type":["Card","Relic","Card","Card","Card","Relic","Relic","Card","Card","Card","Card","Card","Card","Relic","Relic","Relic"],"build_version":"2020-12-22","purchased_purges":6,"victory":false,"max_hp_per_floor":[65,65,65,65,65,65,65,65,65,65,65,65,65,65,65,65,65,65,65,65,65,65,65,65,65,65,65,65,65,32,32,32,30,30,30,30,30,28,28,28,28,28,28,28,28,28,28,28,28,28,28,28,28,28,28,28,35,35,35,35,35,35,35,35,35,35,35,35,35,35,35,35,35,35,35,35,35,35,35,35,35,35,35,35,35,35,35,35,35,35,35,35,35,35,35,35,35,35,35,35,35,35,35,35,35,35,35,35,35,35,35,35,35,35,35,35,35,35,35,35,35,35,35,35,35,35,35,35,35,35,35,35,35,35,35,35,35,35,35,35,38,38,38,38,38,36,36,36,36,36,36,36,36,36,36],"card_choices":[{"not_picked":["Shade:GreyBargain","Shade:FreshBones"],"picked":"Shade:Bonestorm","floor":1},{"not_picked":["Shade:SensePrey","Shade:FleshLikeOak"],"picked":"Shade:CommandSoldier","floor":4},{"not_picked":["Shade:Patience","Shade:SensePrey"],"picked":"Shade:SpectralStrikes","floor":5},{"not_picked":["Shade:WallOfFlesh","Shade:LyeBath"],"picked":"Shade:AuraOfUnlife","floor":5},{"not_picked":["Shade:AncientSpear","Shade:FingerOfDeath"],"picked":"Shade:FuneraryJewels","floor":5},{"not_picked":["Shade:DangerousRitual","Shade:Excise"],"picked":"Shade:LyeBath","floor":7},{"not_picked":["Shade:BoneShards","Shade:DangerousRitual","Shade:Trample"],"picked":"SKIP","floor":10},{"not_picked":["Shade:Premonition","Shade:AncientSpear"],"picked":"Shade:LichForm","floor":12},{"not_picked":["Shade:AblativeArmor","Shade:Premonition"],"picked":"Shade:CallOfTheGrave","floor":13},{"not_picked":["Shade:RavenousHorde","Shade:CoffinDance","Shade:Awaken"],"picked":"SKIP","floor":14},{"not_picked":["Shade:Putrefaction","Shade:SoulPierce"],"picked":"Shade:Coordination","floor":16},{"not_picked":["Shade:CallWraith","Shade:Excise","Shade:ExtraLimbs"],"picked":"SKIP","floor":18},{"not_picked":["Shade:FingerOfDeath+1","Shade:FreshBones"],"picked":"Shade:WallOfFlesh","floor":20},{"not_picked":["Shade:DangerousRitual","Shade:FingerOfDeath"],"picked":"Shade:FleshToFlesh","floor":21},{"not_picked":["Shade:GraveStillness","Shade:CoffinDance","Shade:Premonition"],"picked":"SKIP","floor":22},{"not_picked":["Shade:SoulPierce","Shade:SanguineRitual"],"picked":"Shade:FleshToFlesh","floor":23},{"not_picked":["Shade:AncientSpear","Shade:Bonestorm"],"picked":"Shade:StitchTogether","floor":24},{"not_picked":["Shade:GreyBargain","Shade:FleshToFlesh"],"picked":"Shade:SkeletonArmy","floor":25},{"not_picked":["Shade:Consume","Shade:SkeletonHug"],"picked":"Shade:DangerousRitual+1","floor":27},{"not_picked":["Shade:ExtraLimbs","Shade:FuneraryArmor+1"],"picked":"Shade:Brains","floor":28},{"not_picked":["Shade:SoulPierce","Shade:OfferingToTheBeyond"],"picked":"Shade:LichForm","floor":33},{"not_picked":["Shade:SpectralStrikes+1","Shade:BoneShards"],"picked":"Shade:Brains","floor":35},{"not_picked":["Shade:FingerOfDeath","Shade:ExtraLimbs+1","Shade:CommandSoldier"],"picked":"SKIP","floor":36},{"not_picked":["Shade:Premonition","Shade:FeralStrike+1"],"picked":"Shade:ClawBack+1","floor":37},{"not_picked":["Shade:FuneraryArmor","Shade:FleshLikeOak+1"],"picked":"Shade:Brains+1","floor":41},{"not_picked":["Shade:FleshLikeOak","Shade:FeralStrike+1","Shade:CoffinDance+1"],"picked":"SKIP","floor":42},{"not_picked":["Shade:Premonition+1","Shade:Patience","Shade:AncientSpear"],"picked":"SKIP","floor":44},{"not_picked":["Shade:Frenzy","Shade:Bonestorm+1"],"picked":"Shade:ScuttlingHand","floor":47},{"not_picked":["Shade:CallWraith","Shade:GraveStillness"],"picked":"Shade:WallOfFlesh","floor":48},{"not_picked":["Shade:Coordination","Shade:LoseControl"],"picked":"Shade:LastGasp","floor":50},{"not_picked":["Shade:Carnophage","Shade:FeralStrike","Shade:Asphyxiate"],"picked":"SKIP","floor":52},{"not_picked":["Shade:Doomsay","Shade:Trample","Shade:ClawBack"],"picked":"SKIP","floor":53},{"not_picked":["Shade:Premonition","Shade:SelfBurial"],"picked":"Shade:TouchOfTheGrave","floor":54},{"not_picked":["Shade:WallOfFlesh","Shade:Bonestorm"],"picked":"Shade:SoulPierce","floor":57},{"not_picked":["Shade:BoneShards","Shade:CallWraith"],"picked":"Shade:Bonestorm","floor":60},{"not_picked":["Shade:Carnophage","Shade:CoffinDance"],"picked":"Shade:FleshOffering","floor":61},{"not_picked":["Shade:ScuttlingHand","Shade:StitchTogether","Shade:FeralStrike"],"picked":"SKIP","floor":62},{"not_picked":["Shade:Patience","Shade:FuneraryArmor"],"picked":"Shade:FleshToFlesh","floor":63},{"not_picked":["Shade:Trample","Shade:SensePrey"],"picked":"Shade:OfferingToTheBeyond","floor":64},{"not_picked":["Shade:GraveStillness","Shade:FingerOfDeath"],"picked":"Shade:Bonestorm","floor":65},{"not_picked":["Shade:OminousRitual","Shade:Tombstone"],"picked":"Shade:Putrefaction","floor":67},{"not_picked":["Shade:GoDigging","Shade:GreyBargain"],"picked":"Shade:Brains","floor":69},{"not_picked":["infinitespire:Punishment","infinitespire:Menacing"],"picked":"hubris:InfiniteBlow","floor":70},{"not_picked":["Shade:FingerOfDeath","Shade:SensePrey+1"],"picked":"Shade:OpenGraves","floor":71},{"not_picked":["Shade:DangerousRitual","Shade:GreyBargain+1"],"picked":"Shade:FuneraryJewels+1","floor":72},{"not_picked":["Shade:ScuttlingHand","Shade:Haruspicy+1"],"picked":"Shade:ClawBack+1","floor":74},{"not_picked":["Shade:SensePrey","Shade:Frenzy","Shade:FingerOfDeath"],"picked":"SKIP","floor":80},{"not_picked":["Shade:Excise","Shade:Asphyxiate+1"],"picked":"Shade:PoundOfFlesh+1","floor":82},{"not_picked":["Shade:OneIsEnough","Shade:Tombstone"],"picked":"Shade:GreaterAnimation","floor":84},{"not_picked":["infinitespire:SevenWalls","infinitespire:TheBestDefense"],"picked":"infinitespire:NeuralNetwork","floor":85},{"not_picked":["Shade:Carnophage","Shade:CommandSoldier","Shade:GreyBargain"],"picked":"SKIP","floor":86},{"not_picked":["Shade:SensePrey","Shade:Asphyxiate+1","Shade:CloudOfShrapnel"],"picked":"SKIP","floor":87},{"not_picked":["Shade:SkeletonArmy","Shade:Excise"],"picked":"Shade:TouchOfTheGrave+1","floor":89},{"not_picked":["Shade:Doomsay+1","Shade:Premonition"],"picked":"Shade:Brains","floor":91},{"not_picked":["Shade:GraveStillness","Shade:SpontaneousRitual"],"picked":"Shade:LyeBath","floor":93},{"not_picked":["Shade:Frenzy","Shade:FuneraryArmor","Shade:CoffinDance"],"picked":"SKIP","floor":97},{"not_picked":["Shade:CommandSoldier","Shade:PotionOfRestlessness+1"],"picked":"Shade:WallOfFlesh+1","floor":99},{"not_picked":["Shade:ScuttlingHand","Shade:FingerOfDeath","Shade:CoffinDance"],"picked":"SKIP","floor":103},{"not_picked":["Shade:SkeletonHug","Shade:GraveStillness","Shade:SpectralStrikes"],"picked":"SKIP","floor":105},{"not_picked":["Shade:CommandSoldier","Shade:CallOfTheGrave"],"picked":"Shade:LichForm","floor":109},{"not_picked":["Shade:TouchOfTheGrave","Shade:Haruspicy"],"picked":"Shade:SkeletonArmy","floor":110},{"not_picked":["Shade:Premonition","Shade:SkeletonHug"],"picked":"Shade:AuraOfUnlife","floor":112},{"not_picked":["Shade:Patience","Shade:BoneShards","Shade:FuneraryJewels"],"picked":"SKIP","floor":114},{"not_picked":["Shade:Trample","Shade:RavenousHorde","Shade:FeralStrike"],"picked":"SKIP","floor":117},{"not_picked":["Shade:Excise","Shade:Bonestorm","Shade:BoneShards"],"picked":"SKIP","floor":118},{"not_picked":["Shade:Bonestorm+1","Shade:AuraOfUnlife"],"picked":"Shade:RavenousHorde","floor":122},{"not_picked":["Shade:WallOfFlesh+1","Shade:Premonition"],"picked":"Shade:LichForm","floor":125},{"not_picked":["Shade:CoffinDance","Shade:SkeletonArmy"],"picked":"Shade:LyeBath+1","floor":126},{"not_picked":["Shade:WallOfFlesh","Shade:Doomsay"],"picked":"Shade:FleshToFlesh","floor":128},{"not_picked":["Shade:SoulToxin","Shade:PressTheAttack","Shade:Bonestorm"],"picked":"SKIP","floor":129},{"not_picked":["Shade:ClawBack","Shade:Premonition+1","Shade:Patience"],"picked":"SKIP","floor":135},{"not_picked":["Shade:Tombstone","Shade:MadHubris"],"picked":"Shade:LastGasp","floor":137},{"not_picked":["Shade:StitchTogether","Shade:FeralStrike","Shade:ExtraLimbs+1"],"picked":"SKIP","floor":139},{"not_picked":["Shade:BoneShards","Shade:CallOfTheGrave","Shade:FuneraryArmor"],"picked":"SKIP","floor":140},{"not_picked":["Shade:OpenGraves","Shade:SpontaneousRitual+1","Shade:CallOfTheGrave+1"],"picked":"Singing Bowl","floor":141},{"not_picked":["Shade:GreyBargain","Shade:Doomsay+1"],"picked":"Shade:FleshToFlesh+1","floor":142},{"not_picked":["Shade:Bite_Shade+1","Shade:ClawBack","Shade:PoundOfFlesh+1"],"picked":"SKIP","floor":145},{"not_picked":["Shade:CoffinDance+1","Shade:GraveStillness+1"],"picked":"Shade:Brains+1","floor":147},{"not_picked":["Shade:SelfBurial","Shade:SkeletonHug+1","Shade:StitchTogether"],"picked":"SKIP","floor":149},{"not_picked":["Shade:DangerousRitual+1","Shade:CommandSoldier+1","Shade:Premonition"],"picked":"SKIP","floor":152}],"player_experience":621963,"relics_obtained":[{"floor":8,"key":"Odd Mushroom"},{"floor":9,"key":"Thread and Needle"},{"floor":12,"key":"Replay:Rubber Ducky"},{"floor":14,"key":"Smiling Mask"},{"floor":23,"key":"Bird Faced Urn"},{"floor":27,"key":"infinitespire:Beetle Shell"},{"floor":42,"key":"Juzu Bracelet"},{"floor":43,"key":"infinitespire:BottledMercury"},{"floor":47,"key":"Bromod:ArcaneMomentum"},{"floor":54,"key":"ReplayFunnel"},{"floor":57,"key":"Strawberry"},{"floor":60,"key":"Ice Cream"},{"floor":60,"key":"Turnip"},{"floor":74,"key":"Bromod:ArcaneNullifier"},{"floor":77,"key":"Omamori"},{"floor":88,"key":"construct:RocketBooster"},{"floor":91,"key":"Toy Ornithopter"},{"floor":92,"key":"CatCart"},{"floor":94,"key":"hubris:CuriousFeather"},{"floor":94,"key":"Replay:Kaleidoscope"},{"floor":104,"key":"Ring of Panic"},{"floor":110,"key":"Ancient Tea Set"},{"floor":113,"key":"Letter Opener"},{"floor":113,"key":"Garlic"},{"floor":114,"key":"Calipers"},{"floor":125,"key":"Nunchaku"},{"floor":125,"key":"hubris:ToyBattleship"},{"floor":129,"key":"Vajra"},{"floor":130,"key":"infinitespire:Satchel"},{"floor":135,"key":"Replay:Bandana"},{"floor":141,"key":"REME_IWantAll"},{"floor":142,"key":"Shovel"},{"floor":144,"key":"Quantum Egg"},{"floor":145,"key":"Whetstone"},{"floor":147,"key":"Bronze Scales"},{"floor":147,"key":"hubris:SlimyHat"},{"floor":149,"key":"War Paint"}],"event_choices":[{"damage_healed":0,"gold_gain":175,"player_choice":"AGREE","damage_taken":361,"max_hp_gain":0,"max_hp_loss":0,"event_name":"betterThird:BetterSerpent","floor":2,"gold_loss":0},{"damage_healed":0,"gold_gain":0,"player_choice":"Fought Mushrooms","damage_taken":0,"max_hp_gain":0,"max_hp_loss":0,"event_name":"Mushrooms","floor":8,"gold_loss":0},{"cards_removed":["CommonCold"],"damage_healed":0,"gold_gain":0,"player_choice":"Card Removal","damage_taken":0,"max_hp_gain":0,"max_hp_loss":0,"event_name":"Wheel of Change","floor":19,"gold_loss":0},{"damage_healed":0,"gold_gain":0,"player_choice":"Became a Ghost","damage_taken":0,"max_hp_gain":0,"max_hp_loss":33,"event_name":"Ghosts","floor":30,"gold_loss":0,"cards_obtained":["Ghostly","Ghostly","Ghostly","Ghostly","Ghostly"]},{"damage_healed":0,"gold_gain":0,"player_choice":"Max HP","damage_taken":0,"max_hp_gain":0,"max_hp_loss":2,"event_name":"Winding Halls","floor":38,"gold_loss":0},{"cards_removed":["Shade:ScuttlingHand"],"damage_healed":0,"gold_gain":0,"player_choice":"Offered Uncommon","damage_taken":0,"max_hp_gain":0,"max_hp_loss":0,"event_name":"Bonfire Elementals","floor":55,"gold_loss":0},{"damage_healed":0,"gold_gain":99,"player_choice":"Steal","damage_taken":0,"max_hp_gain":0,"max_hp_loss":0,"event_name":"betterThird:BetterNest","floor":76,"gold_loss":0},{"damage_healed":0,"gold_gain":0,"player_choice":"Ignored","damage_taken":0,"max_hp_gain":0,"max_hp_loss":0,"event_name":"Transmorgrifier","floor":78,"gold_loss":0},{"damage_healed":0,"gold_gain":0,"player_choice":"Fight","damage_taken":0,"max_hp_gain":0,"max_hp_loss":0,"event_name":"Mysterious Sphere","floor":88,"gold_loss":0},{"damage_healed":0,"gold_gain":0,"player_choice":"Fight","damage_taken":0,"max_hp_gain":0,"max_hp_loss":0,"event_name":"OrinTheCat","floor":92,"gold_loss":0},{"damage_healed":0,"gold_gain":1,"player_choice":"Relic ","damage_taken":31,"max_hp_gain":0,"max_hp_loss":0,"event_name":"betterThird:BetterScrap","floor":111,"gold_loss":0,"cards_obtained":["Swivel"]},{"damage_healed":0,"gold_gain":99,"player_choice":"Steal","damage_taken":0,"max_hp_gain":0,"max_hp_loss":0,"event_name":"betterThird:BetterNest","floor":124,"gold_loss":0},{"damage_healed":0,"gold_gain":0,"player_choice":"Ignored","damage_taken":0,"max_hp_gain":0,"max_hp_loss":0,"event_name":"Vampires","floor":127,"gold_loss":0},{"damage_healed":0,"gold_gain":100,"player_choice":"Pray","damage_taken":0,"max_hp_gain":0,"max_hp_loss":0,"event_name":"Golden Shrine","floor":132,"gold_loss":0},{"damage_healed":0,"gold_gain":0,"player_choice":"Fight","damage_taken":0,"max_hp_gain":0,"max_hp_loss":0,"event_name":"Mysterious Sphere","floor":142,"gold_loss":0},{"cards_removed":["Shade:SoulPierce"],"damage_healed":0,"gold_gain":0,"player_choice":"Removed Power","damage_taken":0,"max_hp_gain":0,"max_hp_loss":0,"event_name":"Falling","floor":143,"gold_loss":0},{"damage_healed":0,"gold_gain":0,"player_choice":"Max HP","damage_taken":0,"max_hp_gain":0,"max_hp_loss":2,"event_name":"Winding Halls","floor":146,"gold_loss":0}],"is_beta":false,"boss_relics":[{"not_picked":["Honey Jar","Bromod:ArcaneGrace"],"picked":"hubris:BlackHole"},{"not_picked":["hubris:ScarierMask","Runesmith:UraniumAnvil"],"picked":"SacredBark"},{"not_picked":["SlaversCollar","Coffee Dripper"],"picked":"Ring of Chaos"},{"not_picked":["Bromod:ArcaneEnergize","Pandora\u0027s Box","REME_DuelDisc"]},{"not_picked":["Busted Crown","ReplayTheSpireMod:SealedPack"],"picked":"bronze:MakeshiftBattery"},{"not_picked":["Velvet Choker","Astrolabe"],"picked":"Bromod:ArcaneBarrier"},{"not_picked":["ReplayTheSpireMod:DimensionalGlitch","Velvet Choker"],"picked":"Runic Dome"},{"not_picked":["Sozu","Replay:Drink Me","Replay:Wanted Poster"]}],"items_purged_floors":[5,31,39,73,90,115],"is_endless":true,"potions_floor_spawned":[4,10,13,16,22,23,24,25,27,36,37,41,48,57,62,63,65,67,69,72,74,80,88,91,93,97,105,109,110,120,122,126,129,137,140,142,145],"killed_by":"infinitespire:LordOfFortification","ascension_level":0}}