{"host":"rw1trt79hfpl7pom","time":1613211488,"event":{"mods":["BaseMod","Bestiary","Colored Map","Minty Spire (QoL Compilation)","Relic Stats","StSLib","SuperFastMode"],"gold_per_floor":[116,30,30,49,49,79,89,89,89,89,89,89],"floor_reached":11,"language":"ENG","playtime":266,"items_purged":[],"score":142,"play_id":"39391732-9ee2-41da-be8e-bb53932bd0ee","local_time":"20210213021808","is_ascension_mode":true,"campfire_choices":[{"floor":8.0,"key":"REST"}],"circlet_count":0,"master_deck":["AscendersBane","Strike_G","Strike_G","Strike_G","Strike_G","Strike_G","Defend_G","Defend_G","Defend_G","Defend_G","Defend_G","Survivor","Neutralize","Skewer","Footwork","Deflect","Calculated Gamble","Dagger Spray"],"relics":["Black Star","The Specimen","Question Card","Torii"],"acts_visited":["Exordium"],"potions_floor_usage":[],"damage_taken":[{"damage":11.0,"enemies":"Cultist","floor":1.0,"turns":6.0},{"damage":5.0,"enemies":"Jaw Worm","floor":4.0,"turns":6.0},{"damage":41.0,"enemies":"Gremlin Nob","floor":6.0,"turns":5.0},{"damage":0.0,"enemies":"Small Slimes","floor":7.0,"turns":2.0},{"damage":36,"enemies":"Lagavulin","floor":11,"turns":7}],"seed_played":"-2933553116000225573","potions_obtained":[{"floor":4.0,"key":"Swift Potion"}],"is_trial":false,"path_per_floor":["M","$","?","M","?","E","M","R","T","?","E"],"character_chosen":"THE_SILENT","items_purchased":["Footwork"],"campfire_rested":1,"item_purchase_floors":[2],"current_hp_per_floor":[48,48,48,43,43,2,2,21,21,21,0,0],"gold":89,"neow_bonus":"BOSS_RELIC","is_daily":false,"chose_seed":false,"campfire_upgraded":0,"win_rate":0.0,"timestamp":1613211488,"path_taken":["M","$","?","?","?","E","M","R","T","?","E"],"items_purchased_type":["Card"],"build_version":"2020-12-22","purchased_purges":0,"victory":false,"max_hp_per_floor":[66,66,66,66,66,66,66,66,66,66,66,66],"relic_stats":{"Torii":2,"counters":[5,26],"Black Star":1,"Question Card":1,"obtain_stats":[{"The Specimen":6,"Torii":9,"Black Star":0,"Question Card":6,"Ring of the Snake":0},{"The Specimen":3,"Torii":4,"Black Star":0,"Question Card":3,"Ring of the Snake":0},{"The Specimen":17,"Torii":19,"Black Star":0,"Question Card":17,"Ring of the Snake":0}]},"card_choices":[{"not_picked":["Quick Slash","PiercingWail"],"picked":"Skewer","floor":1.0},{"not_picked":["Underhanded Strike","Concentrate"],"picked":"Deflect","floor":4.0},{"not_picked":["Bane","Finisher"],"picked":"Calculated Gamble","floor":6.0},{"not_picked":["Poisoned Stab","Deadly Poison","Skewer"],"picked":"Dagger Spray","floor":7.0}],"player_experience":2714513,"relics_obtained":[{"floor":6.0,"key":"The Specimen"},{"floor":6.0,"key":"Question Card"},{"floor":9.0,"key":"Torii"}],"event_choices":[{"damage_healed":0.0,"max_hp_gain":0.0,"max_hp_loss":0.0,"gold_gain":0.0,"event_name":"Wheel of Change","player_choice":"Cursed","floor":3.0,"gold_loss":0.0,"damage_taken":0.0,"cards_obtained":["Decay"]},{"cards_removed":["Decay"],"damage_healed":0.0,"max_hp_gain":0.0,"max_hp_loss":0.0,"gold_gain":0.0,"event_name":"Living Wall","player_choice":"Forget","floor":5.0,"gold_loss":0.0,"damage_taken":0.0},{"damage_healed":0,"gold_gain":0,"player_choice":"Fled","damage_taken":0,"max_hp_gain":0,"max_hp_loss":0,"event_name":"Scrap Ooze","floor":10,"gold_loss":0}],"is_beta":false,"boss_relics":[],"items_purged_floors":[],"is_endless":false,"potions_floor_spawned":[4],"killed_by":"Lagavulin","ascension_level":20}}