{"host":"91blwi3hgehj6ch9","time":1613243881,"event":{"mods":["2.2 Compatiblity","AchievementEnabler","BaseMod","Colored Map","DeckTracker","Keyboard Shortcuts","Minty Spire (QoL Compilation)","Permanent Neow","Quick Restart","StSLib","SuperFastMode","everything is the same but u backflip on backflip"],"gold_per_floor":[111,36,111,111,129,163,163,39,39,72,87,107,107,122,122,253,253,267,290,311,411,435,435,435,435],"floor_reached":24,"language":"KOR","playtime":945,"items_purged":["Strike_R","Strike_R"],"score":338,"play_id":"0760ed73-5e74-495c-910a-eaf8a9d406ca","local_time":"20210214041801","is_ascension_mode":true,"campfire_choices":[{"data":"Rampage","floor":7,"key":"SMITH"},{"data":"Barricade","floor":13,"key":"SMITH"},{"data":"Rage","floor":15,"key":"SMITH"},{"floor":23,"key":"REST"}],"circlet_count":0,"master_deck":["Strike_R","Strike_R","Strike_R","Defend_R","Defend_R","Defend_R","Defend_R","Bash","Rampage+1","Carnage","Shrug It Off","Barricade+1","Seeing Red","Rage+1","Offering","Shrug It Off","Burning Pact","Power Through","Disarm+1"],"relics":["Burning Blood","NeowsBlessing","Golden Idol","Gambling Chip","Letter Opener","Ornamental Fan","SacredBark"],"acts_visited":["Exordium","TheCity"],"potions_floor_usage":[16,20,22],"damage_taken":[{"damage":0,"enemies":"Jaw Worm","floor":1,"turns":1},{"damage":0,"enemies":"2 Louse","floor":5,"turns":1},{"damage":0,"enemies":"Gremlin Nob","floor":6,"turns":1},{"damage":29,"enemies":"3 Sentries","floor":10,"turns":8},{"damage":0,"enemies":"Cultist","floor":11,"turns":3},{"damage":15,"enemies":"Gremlin Gang","floor":12,"turns":4},{"damage":10,"enemies":"Large Slime","floor":14,"turns":7},{"damage":59,"enemies":"Hexaghost","floor":16,"turns":14},{"damage":9,"enemies":"Shell Parasite","floor":18,"turns":7},{"damage":10,"enemies":"Spheric Guardian","floor":19,"turns":7},{"damage":18,"enemies":"Snake Plant","floor":20,"turns":7},{"damage":36,"enemies":"3 Cultists","floor":22,"turns":7},{"damage":42,"enemies":"Slavers","floor":24,"turns":3}],"seed_played":"8460567190692271595","potions_obtained":[{"floor":10,"key":"BlessingOfTheForge"},{"floor":11,"key":"SteroidPotion"},{"floor":14,"key":"FairyPotion"},{"floor":16,"key":"Weak Potion"},{"floor":20,"key":"Explosive Potion"}],"is_trial":false,"path_per_floor":["M","$","?","?","M","E","R","$","T","E","M","M","R","M","R","B",null,"M","M","M","?","M","R","E"],"character_chosen":"IRONCLAD","items_purchased":["Shrug It Off"],"campfire_rested":1,"item_purchase_floors":[8],"current_hp_per_floor":[78,78,67,67,73,74,74,74,74,51,57,48,48,44,44,20,61,58,54,42,42,12,34,0,0],"gold":435,"neow_bonus":"THREE_ENEMY_KILL","is_daily":false,"chose_seed":false,"campfire_upgraded":3,"win_rate":0.0,"timestamp":1613243881,"path_taken":["M","$","?","?","M","E","R","?","T","E","?","M","R","M","R","BOSS","M","M","?","?","M","R","E"],"items_purchased_type":["Card"],"build_version":"2020-12-22","purchased_purges":2,"victory":false,"max_hp_per_floor":[80,80,80,74,74,74,74,74,74,74,74,74,74,74,74,74,74,74,74,74,74,74,74,74,74],"card_choices":[{"not_picked":["Clash","Sword Boomerang"],"picked":"Rampage","floor":1},{"not_picked":["Havoc","Heavy Blade","Clothesline"],"picked":"SKIP","floor":5},{"not_picked":["Pommel Strike","Fire Breathing"],"picked":"Carnage","floor":6},{"not_picked":["Cleave","Reckless Charge"],"picked":"Barricade","floor":10},{"not_picked":["Thunderclap","Disarm"],"picked":"Seeing Red","floor":11},{"not_picked":["True Grit","Headbutt","Sword Boomerang"],"picked":"SKIP","floor":12},{"not_picked":["Iron Wave","Shrug It Off"],"picked":"Rage","floor":14},{"not_picked":["Limit Break","Corruption"],"picked":"Offering","floor":16},{"not_picked":["Clothesline","Reckless Charge"],"picked":"Shrug It Off","floor":18},{"not_picked":["Warcry","Twin Strike"],"picked":"Burning Pact","floor":19},{"not_picked":["Cleave","Disarm"],"picked":"Power Through","floor":20},{"not_picked":["Inflame","Heavy Blade+1"],"picked":"Disarm+1","floor":22}],"player_experience":247307,"relics_obtained":[{"floor":6,"key":"Gambling Chip"},{"floor":9,"key":"Letter Opener"},{"floor":10,"key":"Ornamental Fan"}],"event_choices":[{"damage_healed":0,"gold_gain":75,"player_choice":"Gather Gold","damage_taken":11,"max_hp_gain":0,"max_hp_loss":0,"event_name":"World of Goop","floor":3,"gold_loss":0},{"damage_healed":0,"gold_gain":0,"player_choice":"Lose Max HP","damage_taken":0,"relics_obtained":["Golden Idol"],"max_hp_gain":0,"max_hp_loss":6,"event_name":"Golden Idol","floor":4,"gold_loss":0},{"damage_healed":0,"gold_gain":100,"player_choice":"Pray","damage_taken":0,"max_hp_gain":0,"max_hp_loss":0,"event_name":"Golden Shrine","floor":21,"gold_loss":0}],"is_beta":false,"boss_relics":[{"not_picked":["Ectoplasm","SlaversCollar"],"picked":"SacredBark"}],"items_purged_floors":[2,8],"is_endless":false,"potions_floor_spawned":[10,11,14,16,20],"killed_by":"Slavers","ascension_level":9}}