{"host":"YagamiMirai","time":1613238624,"event":{"mods":["Act Like it!","Alarm Clock","BaseMod","Bossed Relics","Conspire","Downfall","Hermit","Minty Spire (QoL Compilation)","Pale of the Ancients","Relic Filter Mod","Reliquary","Replay The Spire","Robot Space Explorer","Spicy Shops","StSLib","The Dragon Tamer","The Gatherer","The Mystic","TheHeartMod","Wide Potions","¡¾ÒÅÎï¿¨ÅÆ¡¿REMEMod","óô»ðÖ¸ÄÏ"],"gold_per_floor":[99,118,133,153,153,187,187,187,251,282,110,126,126,168,191,199,199,199],"floor_reached":16,"language":"ZHS","playtime":1377,"items_purged":[],"score":205,"play_id":"b5ee2d67-2706-4d98-9822-ac72e285e351","local_time":"20210214015024","is_ascension_mode":true,"campfire_choices":[{"data":"Guardian:Clone","floor":8,"key":"SMITH"}],"circlet_count":0,"master_deck":["Guardian:Strike_Guardian","Guardian:Strike_Guardian","Guardian:Strike_Guardian","Guardian:Strike_Guardian","Guardian:Defend_Guardian","Guardian:Defend_Guardian","Guardian:Defend_Guardian","Guardian:Defend_Guardian","Guardian:CurlUp","Guardian:TwinSlam","ReplayTheSpireMod:Brewmster+1","Guardian:ArmoredProtocol","Guardian:Clone+1","Guardian:RollAttack","Guardian:VentSteam","Guardian:Gem_Green","Guardian:ShieldCharger","Guardian:DecasProtection","Guardian:StasisStrike","Guardian:Gem_Lightblue"],"relics":["Guardian:ModeShifter","REME_ComplimentaryCards","downfall:ShatteredFragment","Torii","Ice Cream","Guardian:PocketSentry","Blue Candle","Replay:Bandana","CaptainsWheel"],"acts_visited":["Exordium"],"potions_floor_usage":[3,3,6,6,6,6,9,9,9,10,10,10,10,11,11,12,15,15,16],"damage_taken":[{"damage":2,"enemies":"conspire:RoseBush","floor":2,"turns":5},{"damage":1,"enemies":"Jaw Worm","floor":3,"turns":4},{"damage":6,"enemies":"Cultist","floor":4,"turns":4},{"damage":8,"enemies":"Lagavulin","floor":6,"turns":6},{"damage":16,"enemies":"3 Sentries","floor":9,"turns":6},{"damage":10,"enemies":"3 Sentries","floor":10,"turns":6},{"damage":0,"enemies":"downfall:FleeingMerchant","floor":11,"turns":4},{"damage":0,"enemies":"conspire:2 RoseBushes","floor":12,"turns":4},{"damage":0,"enemies":"Replay:BlueRogue","floor":14,"turns":6},{"damage":0,"enemies":"Lots of Slimes","floor":15,"turns":4},{"damage":6,"enemies":"DF_ARCHETYPE_STREAMLINE","floor":16,"turns":4}],"seed_played":"8484340178025765696","potions_obtained":[{"floor":10,"key":"FearPotion"},{"floor":14,"key":"Adrenaline Potion"},{"floor":15,"key":"Fire Potion"}],"is_trial":false,"path_per_floor":["R","M","M","M","?","E","T","R","?","E","$","M","?","E","M","B"],"character_chosen":"GUARDIAN","items_purchased":["Replay:Bandana"],"campfire_rested":0,"item_purchase_floors":[11],"current_hp_per_floor":[72,70,69,63,39,31,31,31,15,5,5,5,5,5,5,0,0,0],"gold":199,"neow_bonus":"RANDOM_COLORLESS_2","is_daily":false,"chose_seed":false,"campfire_upgraded":1,"win_rate":0.0,"timestamp":1613238624,"path_taken":["R","M","M","M","?","E","T","R","?","E","?","?","?","E","M","BOSS"],"items_purchased_type":["Relic"],"build_version":"2020-12-18","purchased_purges":0,"victory":false,"max_hp_per_floor":[72,72,72,72,72,72,72,72,72,72,72,72,72,72,72,72,72,72],"card_choices":[{"not_picked":["REME_ProfessionalPlagiarism","REME_BattleFury"],"picked":"ReplayTheSpireMod:Brewmster","floor":0.0},{"not_picked":["Guardian:PrimingBeam","Guardian:Gem_Lightblue"],"picked":"Guardian:ArmoredProtocol","floor":2},{"not_picked":["Guardian:VentSteam","Guardian:TemporalStrike"],"picked":"Guardian:Clone","floor":3},{"not_picked":["Guardian:Gem_Cyan","Guardian:BaubleBeam"],"picked":"Guardian:RollAttack","floor":4},{"not_picked":["Guardian:ShieldSpikes","Guardian:Gem_Lightblue"],"picked":"Guardian:Gem_Purple","floor":6},{"not_picked":["Guardian:Gem_Lightblue","Guardian:PolyBeam"],"picked":"Guardian:VentSteam","floor":9},{"not_picked":["Guardian:PrimingBeam","Guardian:ConstructionForm"],"picked":"Guardian:Gem_Green","floor":10},{"not_picked":["Guardian:TemporalShield","Guardian:WalkerClaw"],"picked":"Guardian:ShieldCharger","floor":11},{"not_picked":["Guardian:TemporalShield","Guardian:Gem_Cyan"],"picked":"Guardian:DecasProtection","floor":12},{"not_picked":["Guardian:VentSteam","Guardian:Repulse"],"picked":"Guardian:StasisStrike","floor":14},{"not_picked":["Guardian:Suspension","Guardian:Planning"],"picked":"Guardian:Gem_Lightblue","floor":15}],"player_experience":994398,"relics_obtained":[{"floor":6,"key":"Torii"},{"floor":7,"key":"Ice Cream"},{"floor":9,"key":"Guardian:PocketSentry"},{"floor":10,"key":"Blue Candle"},{"floor":14,"key":"CaptainsWheel"}],"event_choices":[],"is_beta":true,"boss_relics":[],"items_purged_floors":[],"is_endless":false,"potions_floor_spawned":[2,10,14,15],"killed_by":"DF_ARCHETYPE_STREAMLINE","ascension_level":1}}