{"host":"r5mr2vnv825vb4hc","time":1613204558,"event":{"mods":["100% Spire Juice","Act Like it!","Arknights","Art Attack!","BaseMod","Best Route Mod","CapriCore","KOR Keyword Fix","Minty Spire (QoL Compilation)","Potion Indicator Mod","Quick Restart","Rare Cards Sparkle","Replay The Spire","StSLib","Td1madao Mod"],"gold_per_floor":[114,114,88,88,88,88,117,127,177,239,255,255,0,28,28,28,28],"floor_reached":16,"language":"KOR","playtime":541,"items_purged":[],"score":133,"play_id":"0b834519-29ad-4c97-b753-fe2b69f526f4","local_time":"20210213172238","is_ascension_mode":false,"campfire_choices":[{"data":"ats:Closed Bolt Burst Fire","floor":6,"key":"SMITH"},{"floor":15,"key":"REST"}],"circlet_count":0,"master_deck":["ArtAttackMod:ArtAttack","ats:Strike C","ats:Strike G","ats:Strike S","ats:Strike V","ats:Armor Crushing Shot","ats:Defend","ats:Defend","ats:Defend","ats:Emotion Absorption","ats:Powerful Strike","ats:Closed Bolt Burst Fire+1","ats:Explosion Area Strengthen","ats:Disruption Kick","ats:Poison Spread","ats:Blood Oath","ats:Poison Spread"],"relics":["ats:Sanity","NeowsBlessing","ats:Originium","Strawberry","Simple Rune","Shuriken","ats:Bonebreaker","ReplayFunnel"],"acts_visited":["Exordium"],"potions_floor_usage":[16],"damage_taken":[{"damage":0,"enemies":"2 Louse","floor":1,"turns":1},{"damage":0,"enemies":"Small Slimes","floor":2,"turns":1},{"damage":0,"enemies":"Gremlin Nob","floor":7,"turns":1},{"damage":6,"enemies":"Jaw Worm","floor":8,"turns":3},{"damage":18,"enemies":"Gremlin Nob","floor":10,"turns":4},{"damage":16,"enemies":"Red Slaver","floor":11,"turns":4},{"damage":26,"enemies":"Lagavulin","floor":14,"turns":4},{"damage":50,"enemies":"The Guardian","floor":16,"turns":7}],"seed_played":"-1545516962323470666","potions_obtained":[{"floor":8,"key":"DuplicationPotion"},{"floor":10,"key":"ColorlessPotion"},{"floor":14,"key":"SkillPotion"}],"is_trial":false,"path_per_floor":["M","M","$","?","$","R","E","M","T","?","M","?","$","E","R","B"],"character_chosen":"DOCTOR_CLASS","items_purchased":["ats:Explosion Area Strengthen","ats:Bonebreaker"],"campfire_rested":1,"item_purchase_floors":[3,13],"current_hp_per_floor":[72,72,72,72,72,72,79,73,73,55,42,42,42,22,45,0,0],"gold":28,"neow_bonus":"THREE_ENEMY_KILL","is_daily":false,"chose_seed":false,"campfire_upgraded":1,"win_rate":0.0,"timestamp":1613204558,"path_taken":["M","M","$","?","$","R","E","M","T","?","M","?","?","E","R","BOSS"],"items_purchased_type":["Card","Relic"],"build_version":"2020-12-22","purchased_purges":0,"victory":false,"max_hp_per_floor":[72,72,72,72,72,72,79,79,79,79,79,79,79,79,79,79,79],"card_choices":[{"not_picked":["ats:Assault Order","ats:Leaping Hammer"],"picked":"ats:Powerful Strike","floor":1},{"not_picked":["ats:Absolute Focus","ats:Song Of Battle"],"picked":"ats:Closed Bolt Burst Fire","floor":2},{"not_picked":["ats:Closed Bolt Burst Fire","ats:Explosion Area Strengthen"],"picked":"ats:Disruption Kick","floor":7},{"not_picked":["ats:Ignite","ats:Part Time Job"],"picked":"ats:Poison Spread","floor":8},{"not_picked":["ats:Collapsing Strike","ats:Apocalypse"],"picked":"ats:Blood Oath","floor":10},{"not_picked":["ats:Volcano","ats:Ignite"],"picked":"ats:Poison Spread","floor":11},{"not_picked":["ats:Explosion Area Strengthen","ats:LN2 Cannon","ats:Assault Order"],"picked":"SKIP","floor":14}],"player_experience":15741,"relics_obtained":[{"floor":7,"key":"ats:Originium"},{"floor":7,"key":"Strawberry"},{"floor":9,"key":"Simple Rune"},{"floor":10,"key":"Shuriken"},{"floor":14,"key":"ats:Originium"},{"floor":14,"key":"ReplayFunnel"}],"event_choices":[{"damage_healed":0,"gold_gain":0,"player_choice":"Searched \u00271\u0027 times","damage_taken":0,"max_hp_gain":0,"max_hp_loss":0,"event_name":"Dead Adventurer","floor":10,"gold_loss":0},{"damage_healed":0,"gold_gain":0,"player_choice":"Ignored","damage_taken":0,"max_hp_gain":0,"max_hp_loss":0,"event_name":"Shining Light","floor":12,"gold_loss":0}],"is_beta":false,"boss_relics":[],"items_purged_floors":[],"is_endless":false,"potions_floor_spawned":[8,10,14],"killed_by":"The Guardian","ascension_level":0}}