{"host":"m4pe905ae9bldoe7","time":1613254078,"event":{"mods":["BaseMod","Bestiary","Block Reminder","Downfall","Minty Spire (QoL Compilation)","StSLib"],"gold_per_floor":[115,115,129,129,46,46,77,77,124,124,44,57,80,98,23,23,23,121,121,136,136,56,56,80,80,80,80],"floor_reached":26,"language":"ENG","playtime":607,"items_purged":["Strike_R"],"score":720,"play_id":"adb323eb-cad9-4f51-b720-576591a6f4fe","local_time":"20210213230758","is_ascension_mode":true,"campfire_choices":[{"data":"Bash","floor":6.0,"key":"SMITH"},{"data":"Warcry","floor":8.0,"key":"SMITH"},{"data":"Burning Pact","floor":10.0,"key":"SMITH"},{"floor":16.0,"key":"REST"},{"data":"Shockwave","floor":17.0,"key":"SMITH"},{"floor":25.0,"key":"REST"}],"circlet_count":0,"master_deck":["AscendersBane","Strike_R","Strike_R","Strike_R+1","Defend_R","Defend_R","Defend_R","Bash+1","Burning Pact+1","Thunderclap+1","Carnage","Warcry+1","Combust","Shockwave+1","Heavy Blade+1","Reaper","Cleave","Dual Wield"],"relics":["Burning Blood","NeowsBlessing","Golden Idol","Toy Ornithopter","Whetstone","Philosopher\u0027s Stone"],"acts_visited":["Exordium","TheCity"],"potions_floor_usage":[],"damage_taken":[{"damage":0.0,"enemies":"2 Louse","floor":1.0,"turns":1.0},{"damage":0.0,"enemies":"Jaw Worm","floor":3.0,"turns":1.0},{"damage":0.0,"enemies":"Gremlin Nob","floor":7.0,"turns":1.0},{"damage":6.0,"enemies":"Cultist","floor":12.0,"turns":3.0},{"damage":14.0,"enemies":"Exordium Thugs","floor":13.0,"turns":4.0},{"damage":19.0,"enemies":"3 Louse","floor":14.0,"turns":3.0},{"damage":3.0,"enemies":"Slime Boss","floor":18.0,"turns":5.0},{"damage":38.0,"enemies":"2 Thieves","floor":20.0,"turns":3.0},{"damage":48.0,"enemies":"3 Byrds","floor":24.0,"turns":5.0},{"damage":51,"enemies":"Cultist and Chosen","floor":26,"turns":7}],"seed_played":"6553226895712650311","potions_obtained":[{"floor":3.0,"key":"Strength Potion"},{"floor":7.0,"key":"Fire Potion"}],"is_trial":false,"path_per_floor":["M","?","M","?","$","R","E","R","T","R","$","M","M","M","$","R","R","B",null,"M","?","$","?","M","R","M"],"character_chosen":"IRONCLAD","items_purchased":["Carnage","Combust","Dual Wield"],"campfire_rested":2,"item_purchase_floors":[5,11,22],"current_hp_per_floor":[74,67,73,47,47,47,53,53,53,53,53,53,45,32,32,54,54,67,73,53,53,53,53,17,39,0,0],"gold":80,"neow_bonus":"THREE_ENEMY_KILL","is_daily":false,"chose_seed":false,"campfire_upgraded":4,"win_rate":0.0,"timestamp":1613254078,"path_taken":["M","?","M","?","$","R","E","R","T","R","?","M","?","M","$","R","R","BOSS","M","?","?","?","?","R","M"],"items_purchased_type":["Card","Card","Card"],"build_version":"2020-12-22","purchased_purges":1,"victory":false,"max_hp_per_floor":[75,75,75,75,75,75,75,75,75,75,75,75,75,75,75,75,75,75,75,75,75,75,75,75,75,75,75],"card_choices":[{"not_picked":["Clash","Rampage"],"picked":"Burning Pact","floor":1.0},{"not_picked":["Clash","Perfected Strike"],"picked":"Thunderclap","floor":3.0},{"not_picked":["Iron Wave","Armaments"],"picked":"Warcry","floor":7.0},{"not_picked":["Flex","Anger"],"picked":"Shockwave","floor":12.0},{"not_picked":["Infernal Blade","Flex","Searing Blow"],"picked":"SKIP","floor":13.0},{"not_picked":["Warcry","Carnage"],"picked":"Heavy Blade","floor":14.0},{"not_picked":["Bludgeon","Impervious"],"picked":"Reaper","floor":18.0},{"not_picked":["Heavy Blade","Thunderclap"],"picked":"Cleave","floor":20.0},{"not_picked":["Bloodletting","Pommel Strike","Sword Boomerang"],"picked":"SKIP","floor":24.0}],"player_experience":598841,"relics_obtained":[{"floor":7.0,"key":"Toy Ornithopter"},{"floor":9.0,"key":"Whetstone"}],"event_choices":[{"cards_removed":["Defend_R"],"damage_healed":0.0,"max_hp_gain":0.0,"max_hp_loss":0.0,"gold_gain":0.0,"event_name":"Golden Wing","player_choice":"Card Removal","floor":2.0,"gold_loss":0.0,"damage_taken":7.0},{"damage_healed":0.0,"max_hp_gain":0.0,"max_hp_loss":0.0,"gold_gain":0.0,"event_name":"Golden Idol","player_choice":"Take Damage","floor":4.0,"gold_loss":0.0,"damage_taken":26.0,"relics_obtained":["Golden Idol"]},{"cards_removed":["Strike_R"],"damage_healed":0.0,"max_hp_gain":0.0,"max_hp_loss":0.0,"gold_gain":0.0,"event_name":"Purifier","player_choice":"Purged","floor":21.0,"gold_loss":0.0,"damage_taken":0.0},{"damage_healed":0.0,"max_hp_gain":0.0,"max_hp_loss":0.0,"gold_gain":0.0,"event_name":"Upgrade Shrine","player_choice":"Upgraded","floor":23.0,"gold_loss":0.0,"damage_taken":0.0,"cards_upgraded":["Heavy Blade"]}],"is_beta":false,"boss_relics":[{"not_picked":["Calling Bell","Astrolabe"],"picked":"Philosopher\u0027s Stone"}],"items_purged_floors":[15],"is_endless":false,"potions_floor_spawned":[3,7,13],"killed_by":"Cultist and Chosen","ascension_level":18}}