{"host":"prxrhpgaxnj4om9r","time":1613199505,"event":{"mods":["AchievementEnabler","BaseMod","DeckTracker","Minty Spire (QoL Compilation)"],"gold_per_floor":[119,119,119,134,99,127,139,151,229,109,121,153,172,190,190,293,293,307,307,307,2,15,15,15,29,29,47,80,80,95,95,95,199,199,215,215,231,231,249,249,263,274,274,274,16,0,0,0,0,0,0,0,0,0,0],"floor_reached":54,"language":"KOR","playtime":3305,"items_purged":[],"score":669,"play_id":"1e76535c-dd8f-4d1b-8e75-3c353f5a58d0","local_time":"20210213155825","is_ascension_mode":false,"campfire_choices":[{"floor":15,"key":"REST"},{"floor":23,"key":"RECALL"},{"floor":29,"key":"REST"},{"floor":32,"key":"REST"},{"floor":40,"key":"REST"},{"floor":47,"key":"REST"},{"floor":49,"key":"REST"},{"data":"Venomology","floor":52,"key":"SMITH"}],"circlet_count":0,"master_deck":["Strike_G","Strike_G","Strike_G","Strike_G","Strike_G+1","Defend_G","Defend_G","Defend_G+1","Defend_G","Survivor","Neutralize","Escape Plan","Underhanded Strike","Dagger Spray","Dagger Throw","Caltrops","All Out Attack","Deadly Poison","Terror","Dagger Throw","Footwork","Slice","Corpse Explosion","Noxious Fumes","Caltrops+1","Backflip","Venomology+1","PiercingWail+1","Cloak And Dagger+1","Dash+1","Deadly Poison+1","Die Die Die","Backstab","Sucker Punch+1","Noxious Fumes+1","Backstab+1","Tactician+1","Blind","Catalyst"],"relics":["Ring of the Snake","Dream Catcher","Torii","Happy Flower","Ornamental Fan","Pen Nib","SacredBark","Tough Bandages","Bird Faced Urn","CaptainsWheel","WristBlade","Kunai","Red Mask"],"acts_visited":["Exordium","TheCity","TheBeyond","TheEnding"],"potions_floor_usage":[6,12,14,18,22,28,28,33,33,33,35,37,41,42,50,50,54],"damage_taken":[{"damage":8,"enemies":"Jaw Worm","floor":1,"turns":4},{"damage":0,"enemies":"Small Slimes","floor":4,"turns":4},{"damage":24,"enemies":"Lagavulin","floor":6,"turns":10},{"damage":0,"enemies":"2 Louse","floor":7,"turns":2},{"damage":1,"enemies":"2 Fungi Beasts","floor":8,"turns":3},{"damage":0,"enemies":"Lots of Slimes","floor":11,"turns":1},{"damage":13,"enemies":"3 Sentries","floor":12,"turns":7},{"damage":2,"enemies":"Looter","floor":13,"turns":3},{"damage":0,"enemies":"Large Slime","floor":14,"turns":2},{"damage":1,"enemies":"Slime Boss","floor":16,"turns":9},{"damage":10,"enemies":"Spheric Guardian","floor":18,"turns":5},{"damage":1,"enemies":"2 Thieves","floor":22,"turns":2},{"damage":22,"enemies":"Snake Plant","floor":25,"turns":4},{"damage":30,"enemies":"Snecko","floor":27,"turns":5},{"damage":3,"enemies":"Slavers","floor":28,"turns":4},{"damage":22,"enemies":"Chosen and Byrds","floor":30,"turns":5},{"damage":69,"enemies":"Automaton","floor":33,"turns":11},{"damage":11,"enemies":"3 Darklings","floor":35,"turns":5},{"damage":4,"enemies":"3 Shapes","floor":37,"turns":5},{"damage":31,"enemies":"Spire Growth","floor":39,"turns":6},{"damage":41,"enemies":"Jaw Worm Horde","floor":41,"turns":3},{"damage":13,"enemies":"Maw","floor":42,"turns":6},{"damage":73,"enemies":"Time Eater","floor":50,"turns":13},{"damage":70,"enemies":"Shield and Spear","floor":54,"turns":5}],"seed_played":"-122033102620586965","potions_obtained":[{"floor":1,"key":"DistilledChaos"},{"floor":4,"key":"DuplicationPotion"},{"floor":8,"key":"FairyPotion"},{"floor":12,"key":"EssenceOfSteel"},{"floor":13,"key":"ColorlessPotion"},{"floor":18,"key":"SkillPotion"},{"floor":30,"key":"Dexterity Potion"},{"floor":35,"key":"DuplicationPotion"},{"floor":42,"key":"Weak Potion"}],"is_trial":false,"path_per_floor":["M","?","?","M","?","E","M","M","T","$","M","E","M","M","R","B",null,"M","?","?","$","M","R","?","M","T","M","E","R","M","?","R","B",null,"M","?","M","?","M","R","M","M","T","?","$","?","R","$","R","B",null,"R","$","E"],"character_chosen":"THE_SILENT","items_purchased":["Caltrops","All Out Attack","Tough Bandages","Kunai"],"campfire_rested":6,"item_purchase_floors":[10,10,21,45],"current_hp_per_floor":[62,50,36,36,53,29,29,28,28,28,28,15,13,13,34,33,70,60,60,60,60,59,59,59,37,37,13,14,35,21,21,42,36,70,61,61,63,63,38,57,22,19,19,19,19,19,38,38,57,39,66,66,66,0,0],"gold":0,"neow_bonus":"RANDOM_COMMON_RELIC","is_daily":false,"chose_seed":false,"campfire_upgraded":1,"win_rate":0.0,"timestamp":1613199505,"path_taken":["M","?","?","M","?","E","M","M","T","$","M","E","M","M","R","BOSS","M","?","?","$","?","R","?","M","T","M","E","R","M","?","R","BOSS","M","?","M","?","M","R","M","M","T","?","$","?","R","$","R","BOSS","R","$","E"],"items_purchased_type":["Card","Card","Relic","Relic"],"build_version":"2020-12-22","purchased_purges":0,"victory":false,"max_hp_per_floor":[70,70,70,70,70,70,70,70,70,70,70,70,70,70,70,70,70,70,70,70,70,70,70,70,70,70,70,70,70,70,70,70,70,70,70,66,66,66,66,66,66,66,66,66,66,66,66,66,66,66,66,66,66,66,66],"card_choices":[{"not_picked":["Terror","Deflect"],"picked":"Escape Plan","floor":1},{"not_picked":["Prepared","Well Laid Plans","Expertise"],"picked":"SKIP","floor":4},{"not_picked":["Accuracy","Flechettes"],"picked":"Underhanded Strike","floor":6},{"not_picked":["Flying Knee","Sucker Punch"],"picked":"Dagger Spray","floor":7},{"not_picked":["Prepared","Tactician"],"picked":"Dagger Throw","floor":8},{"not_picked":["Accuracy","Poisoned Stab"],"picked":"Deadly Poison","floor":11},{"not_picked":["Concentrate","Wraith Form v2"],"picked":"Terror","floor":12},{"not_picked":["Slice","Tactician"],"picked":"Dagger Throw","floor":13},{"not_picked":["Leg Sweep","Setup"],"picked":"Footwork","floor":14},{"not_picked":["Outmaneuver","Terror"],"picked":"Slice","floor":15},{"not_picked":["Malaise","Wraith Form v2"],"picked":"Corpse Explosion","floor":16},{"not_picked":["Catalyst+1","Prepared"],"picked":"Noxious Fumes","floor":18},{"not_picked":["Backflip","Quick Slash"],"picked":"Caltrops+1","floor":22},{"not_picked":["Slice","Dagger Throw+1"],"picked":"Venomology","floor":25},{"not_picked":["Well Laid Plans","Eviscerate"],"picked":"PiercingWail+1","floor":27},{"not_picked":["Bouncing Flask","Well Laid Plans+1"],"picked":"Cloak And Dagger+1","floor":28},{"not_picked":["Quick Slash","Skewer+1"],"picked":"Dash+1","floor":29},{"not_picked":["Flying Knee","Flechettes","Dagger Spray"],"picked":"SKIP","floor":30},{"not_picked":["Slice","Doppelganger"],"picked":"Deadly Poison+1","floor":32},{"not_picked":["Malaise","Burst"],"picked":"Die Die Die","floor":33},{"not_picked":["Underhanded Strike","Sucker Punch"],"picked":"Backstab","floor":35},{"not_picked":["Deflect","Endless Agony"],"picked":"Sucker Punch+1","floor":37},{"not_picked":["Slice+1","Poisoned Stab"],"picked":"Noxious Fumes+1","floor":39},{"not_picked":["Dash","Footwork+1"],"picked":"Backstab+1","floor":41},{"not_picked":["Poisoned Stab+1","Flying Knee+1"],"picked":"Tactician+1","floor":42},{"not_picked":["Enlightenment","Finesse"],"picked":"Blind","floor":44},{"not_picked":["Bane","Cloak And Dagger"],"picked":"Catalyst","floor":49}],"player_experience":422571,"relics_obtained":[{"floor":6,"key":"Happy Flower"},{"floor":9,"key":"Ornamental Fan"},{"floor":12,"key":"Pen Nib"},{"floor":26,"key":"Bird Faced Urn"},{"floor":28,"key":"CaptainsWheel"}],"event_choices":[{"damage_healed":0,"gold_gain":0,"player_choice":"Success","damage_taken":12,"relics_obtained":["Torii"],"max_hp_gain":0,"max_hp_loss":0,"event_name":"Scrap Ooze","floor":2,"gold_loss":0},{"damage_healed":0,"gold_gain":0,"player_choice":"Entered Light","damage_taken":14,"max_hp_gain":0,"max_hp_loss":0,"event_name":"Shining Light","floor":3,"gold_loss":0,"cards_upgraded":["Strike_G","Defend_G"]},{"damage_healed":17,"gold_gain":0,"player_choice":"Healed","damage_taken":0,"max_hp_gain":0,"max_hp_loss":0,"event_name":"The Cleric","floor":5,"gold_loss":35},{"damage_healed":0,"gold_gain":0,"player_choice":"Ignored","damage_taken":0,"max_hp_gain":0,"max_hp_loss":0,"event_name":"Vampires","floor":19,"gold_loss":0},{"damage_healed":0,"gold_gain":0,"player_choice":"Ignored","damage_taken":0,"max_hp_gain":0,"max_hp_loss":0,"event_name":"NoteForYourself","floor":20,"gold_loss":0},{"damage_healed":0,"gold_gain":0,"player_choice":"Read","damage_taken":0,"max_hp_gain":0,"max_hp_loss":0,"event_name":"The Library","floor":24,"gold_loss":0,"cards_obtained":["Backflip"]},{"damage_healed":0,"gold_gain":0,"player_choice":"Ignored","damage_taken":0,"max_hp_gain":0,"max_hp_loss":0,"event_name":"Ghosts","floor":31,"gold_loss":0},{"damage_healed":0,"gold_gain":0,"player_choice":"Max HP","damage_taken":0,"max_hp_gain":0,"max_hp_loss":4,"event_name":"Winding Halls","floor":36,"gold_loss":0},{"cards_removed":["Defend_G"],"damage_healed":0,"gold_gain":0,"player_choice":"Removed Skill","damage_taken":0,"max_hp_gain":0,"max_hp_loss":0,"event_name":"Falling","floor":38,"gold_loss":0},{"damage_healed":0,"gold_gain":0,"player_choice":"Memory 1","damage_taken":0,"max_hp_gain":0,"max_hp_loss":0,"event_name":"SensoryStone","floor":44,"gold_loss":0},{"damage_healed":0,"gold_gain":0,"player_choice":"Paid","damage_taken":0,"relics_obtained":["Red Mask"],"max_hp_gain":0,"max_hp_loss":0,"event_name":"Tomb of Lord Red Mask","floor":46,"gold_loss":16}],"is_beta":false,"boss_relics":[{"not_picked":["Fusion Hammer","Empty Cage"],"picked":"SacredBark"},{"not_picked":["Sozu","Coffee Dripper"],"picked":"WristBlade"}],"items_purged_floors":[],"is_endless":false,"potions_floor_spawned":[1,4,8,12,13,18,30,35,42],"killed_by":"Shield and Spear","ascension_level":0}}