{"host":"z8k0b1oqxoiri7b9","time":1613222541,"event":{"mods":["AchievementEnabler","BaseMod","Downfall","Minty Spire (QoL Compilation)","StSLib"],"gold_per_floor":[99,114,114,114,126,226,302,53,66,66,66,216,216,3,16,120,120,120,120,136,150,167,167,167,67,81,92,102,129,29,47,59,158,158,158,171,56,75,90,103,103,131,33,65,77,37,37,37,54,54],"floor_reached":51,"language":"ENG","playtime":5755,"items_purged":["downfall:Icky","champ:Defend","champ:CrookedStrike"],"score":894,"play_id":"7a7ee61b-7f86-492e-af45-a52ff40fbb04","local_time":"20210213212221","is_ascension_mode":false,"campfire_choices":[{"data":"champ:Taunt","floor":1.0,"key":"SMITH"},{"data":"champ:PerfectedStrike","floor":10.0,"key":"SMITH"},{"data":"champ:Duel","floor":13.0,"key":"SMITH"},{"floor":18.0,"key":"REST"},{"floor":23.0,"key":"RECALL"},{"floor":25.0,"key":"REST"},{"floor":30.0,"key":"REST"},{"floor":35.0,"key":"REST"},{"floor":45.0,"key":"REST"},{"floor":47.0,"key":"REST"}],"circlet_count":0,"master_deck":["champ:Strike","champ:Strike","champ:Strike","champ:Strike","champ:Execute","champ:Taunt+1","champ:PerfectedStrike+1","champ:Duel+1","champ:StrikeOfGenius","champ:Duel+1","champ:FocusedDefense","Finesse","champ:ShieldWall+1","champ:FlashCut","champ:FlashCut","champ:HoldFirm","champ:ShieldWall","champ:ShieldWall+1","champ:FlashCut","champ:FlashCut+1","champ:VampiricStrike","champ:FlashCut+1","champ:FlashCut"],"relics":["SlaversCollar","Blue Candle","Matryoshka","champ:FightingForDummies","Kunai","Fusion Hammer","HornCleat","Regal Pillow","downfall:HeartBlessingRed","Du-Vu Doll","downfall:HeartBlessingGreen","Empty Cage","Singing Bowl","Pen Nib","MawBank"],"acts_visited":["Exordium","TheCity","TheBeyond"],"potions_floor_usage":[],"damage_taken":[{"damage":19.0,"enemies":"2 Louse","floor":2.0,"turns":4.0},{"damage":21.0,"enemies":"Jaw Worm","floor":5.0,"turns":4.0},{"damage":20.0,"enemies":"downfall:FleeingMerchant","floor":8.0,"turns":4.0},{"damage":5.0,"enemies":"Small Slimes","floor":9.0,"turns":2.0},{"damage":4.0,"enemies":"downfall:FleeingMerchant","floor":14.0,"turns":4.0},{"damage":0.0,"enemies":"Blue Slaver","floor":15.0,"turns":3.0},{"damage":0.0,"enemies":"WA_ARCHETYPE_RETAIN","floor":16.0,"turns":4.0},{"damage":4.0,"enemies":"Spheric Guardian","floor":20.0,"turns":3.0},{"damage":10.0,"enemies":"Shell Parasite","floor":21.0,"turns":4.0},{"damage":4.0,"enemies":"Sentry and Sphere","floor":22.0,"turns":5.0},{"damage":0.0,"enemies":"Shelled Parasite and Fungi","floor":26.0,"turns":5.0},{"damage":10.0,"enemies":"Centurion and Healer","floor":27.0,"turns":6.0},{"damage":6.0,"enemies":"Chosen and Byrds","floor":28.0,"turns":5.0},{"damage":10.0,"enemies":"Gremlin Leader","floor":29.0,"turns":7.0},{"damage":0.0,"enemies":"Snake Plant","floor":31.0,"turns":3.0},{"damage":10.0,"enemies":"Sentry and Sphere","floor":32.0,"turns":4.0},{"damage":34.0,"enemies":"IC_MUSHROOM_ARCHETYPE","floor":33.0,"turns":9.0},{"damage":0.0,"enemies":"Orb Walker","floor":36.0,"turns":2.0},{"damage":0.0,"enemies":"downfall:FleeingMerchant","floor":37.0,"turns":4.0},{"damage":8.0,"enemies":"3 Shapes","floor":38.0,"turns":6.0},{"damage":5.0,"enemies":"Transient","floor":39.0,"turns":5.0},{"damage":3.0,"enemies":"4 Shapes","floor":40.0,"turns":6.0},{"damage":13.0,"enemies":"Giant Head","floor":42.0,"turns":7.0},{"damage":0.0,"enemies":"downfall:FleeingMerchant","floor":43.0,"turns":2.0},{"damage":0.0,"enemies":"Reptomancer","floor":44.0,"turns":6.0},{"damage":14,"enemies":"Sphere and 2 Shapes","floor":49,"turns":6},{"damage":34,"enemies":"SI_POISON_ARCHETYPE","floor":50,"turns":6}],"seed_played":"-7352321790709557392","potions_obtained":[{"floor":2.0,"key":"EssenceOfSteel"},{"floor":5.0,"key":"Swift Potion"},{"floor":9.0,"key":"Ancient Potion"},{"floor":20.0,"key":"EssenceOfSteel"},{"floor":22.0,"key":"SkillPotion"},{"floor":26.0,"key":"Block Potion"},{"floor":33.0,"key":"Dexterity Potion"},{"floor":36.0,"key":"SpeedPotion"},{"floor":44.0,"key":"FairyPotion"},{"floor":49,"key":"EntropicBrew"}],"is_trial":false,"path_per_floor":["R","M","?","?","M","?","T","$","M","R","T","?","R","$","M","B",null,"R","?","M","M","M","R","T","R","M","M","M","E","R","M","M","B",null,"R","M","$","M","M","M","T","E","?","E","R","$","R","?","M","B",null],"character_chosen":"THE_CHAMP","items_purchased":["champ:StrikeOfGenius","champ:Duel","champ:FocusedDefense","Finesse","champ:VampiricStrike","Pen Nib","champ:FlashCut"],"campfire_rested":6,"item_purchase_floors":[8,8,14,14,43,43,46],"current_hp_per_floor":[90,81,81,76,70,70,70,70,65,65,65,65,65,61,61,61,90,90,82,78,78,74,74,74,90,90,90,84,84,90,90,90,66,90,90,90,90,82,77,74,74,73,73,73,92,92,92,88,76,42],"gold":54,"neow_bonus":"BOSS_RELIC","is_daily":false,"chose_seed":false,"campfire_upgraded":3,"win_rate":0.0,"timestamp":1613222541,"path_taken":["R","M","?","?","M","?","T","?","M","R","?","?","R","$","M","BOSS","R","?","M","M","M","R","T","R","M","?","?","E","R","M","M","BOSS","R","M","$","M","?","?","T","E","?","E","R","$","R","?","M","BOSS"],"items_purchased_type":["Card","Card","Card","Card","Card","Relic","Card"],"build_version":"2020-12-22","purchased_purges":3,"victory":true,"max_hp_per_floor":[90,90,90,90,90,90,90,90,90,90,90,90,90,90,90,90,90,90,90,90,90,90,90,90,90,90,90,90,90,90,90,90,90,90,90,90,90,90,90,90,90,92,92,92,92,92,92,98,100,100],"card_choices":[{"not_picked":["champ:EndlessRage","champ:BerserkersShout"],"picked":"champ:PerfectedStrike","floor":2.0},{"not_picked":["champ:Shatter","champ:PreciseThrust"],"picked":"champ:CrookedStrike","floor":5.0},{"not_picked":["champ:SetATrap","champ:SkillfulDodge"],"picked":"champ:Duel","floor":8.0},{"not_picked":["champ:ViciousMockery","champ:Backstep","champ:GladiatorStyle"],"picked":"SKIP","floor":9.0},{"not_picked":["champ:FaceSlap","champ:DefensiveShout","champ:FocusedBerserking"],"picked":"SKIP","floor":14.0},{"not_picked":["champ:FancyFootwork","champ:SetATrap","champ:RecklessLeap"],"picked":"SKIP","floor":15.0},{"not_picked":["champ:TornadoPunch","champ:EnGarde"],"picked":"champ:ShieldWall+1","floor":20.0},{"not_picked":["champ:DeathBlow","champ:GladiatorStyle+1","champ:EnragedBash"],"picked":"SKIP","floor":21.0},{"not_picked":["champ:PerfectedStrike","champ:Encircle"],"picked":"champ:FlashCut","floor":22.0},{"not_picked":["champ:Shatter","champ:Endure"],"picked":"champ:FlashCut","floor":26.0},{"not_picked":["champ:BladeFlurry","champ:GladiatorForm","champ:StanceDance+1"],"picked":"SKIP","floor":27.0},{"not_picked":["champ:BringItOn","champ:EnGarde","champ:Haymaker+1"],"picked":"SKIP","floor":28.0},{"not_picked":["champ:TornadoPunch","champ:BringItOn","champ:Lariat"],"picked":"SKIP","floor":29.0},{"not_picked":["champ:BerserkersShout+1","champ:GutPunch+1","champ:EnragedBash+1"],"picked":"SKIP","floor":31.0},{"not_picked":["champ:Circumvent","champ:UltimateStance","champ:BerserkersShout"],"picked":"SKIP","floor":32.0},{"not_picked":["champ:CheapShot","champ:VampiricStrike"],"picked":"champ:HoldFirm","floor":33.0},{"not_picked":["champ:RecklessLeap+1","champ:Shatter"],"picked":"champ:ShieldWall","floor":36.0},{"not_picked":["champ:TripleStrike","champ:BringItOn+1","champ:Haymaker+1"],"picked":"SKIP","floor":37.0},{"not_picked":["champ:DeathBlow","champ:GladiatorStyle+1"],"picked":"champ:ShieldWall+1","floor":38.0},{"not_picked":["champ:BerserkersShout","champ:FocusedDefense","champ:Encircle+1"],"picked":"SKIP","floor":39.0},{"not_picked":["champ:Devastate","champ:RapidStrikes"],"picked":"champ:FlashCut","floor":40.0},{"not_picked":["champ:TornadoPunch","champ:DefensiveShout","champ:Shatter"],"picked":"Singing Bowl","floor":42.0},{"not_picked":["champ:SkillfulDodge+1","champ:Endure+1"],"picked":"champ:FlashCut+1","floor":43.0},{"not_picked":["champ:Endure","champ:BerserkerStyle+1"],"picked":"champ:FlashCut+1","floor":44.0},{"not_picked":["expansioncontent:PolyBeam","expansioncontent:AwakenDeath","expansioncontent:Chronoboost"],"picked":"Singing Bowl","floor":48},{"not_picked":["expansioncontent:Hexaburn","expansioncontent:PrepareCrush","expansioncontent:YouAreMine"],"picked":"Singing Bowl","floor":48},{"not_picked":["expansioncontent:YouAreMine","expansioncontent:Chronoboost","expansioncontent:PrepareCrush"],"picked":"Singing Bowl","floor":48},{"not_picked":["champ:FocusedBerserking","champ:AdrenalArmor+1","champ:CrookedStrike"],"picked":"Singing Bowl","floor":49}],"player_experience":221331,"relics_obtained":[{"floor":7.0,"key":"Matryoshka"},{"floor":11.0,"key":"champ:FightingForDummies"},{"floor":11.0,"key":"Kunai"},{"floor":24.0,"key":"HornCleat"},{"floor":24.0,"key":"Regal Pillow"},{"floor":29.0,"key":"Du-Vu Doll"},{"floor":42.0,"key":"Singing Bowl"},{"floor":44.0,"key":"MawBank"}],"event_choices":[{"cards_removed":["champ:Defend"],"damage_healed":0.0,"max_hp_gain":0.0,"max_hp_loss":0.0,"gold_gain":0.0,"event_name":"The Cleric","player_choice":"Card Removal","floor":3.0,"gold_loss":0.0,"damage_taken":0.0}],"is_beta":false,"boss_relics":[{"not_picked":["Pandora\u0027s Box","Cursed Key"],"picked":"Fusion Hammer"},{"not_picked":["Velvet Choker","Astrolabe"],"picked":"Empty Cage"}],"items_purged_floors":[14,37,43],"is_endless":false,"potions_floor_spawned":[2,5,9,20,22,26,29,32,33,36,40,42,44,49],"ascension_level":0}}