{"host":"mb4j77vqrnqglrk8","time":1613211078,"event":{"mods":["BaseMod","Downfall","Googly Eyes","Minty Spire (QoL Compilation)","StSLib"],"gold_per_floor":[119,294,294,394,413,413,439,439,439,439,495,460,471,229,229,325,325,335,335,335,335,111,142,142,177,177,177,192,192,227,238,238,238,238],"floor_reached":33,"language":"ENG","playtime":1294,"items_purged":[],"score":347,"play_id":"cbcca154-47e2-4109-ba72-d08c1b1c4714","local_time":"20210213211118","is_ascension_mode":false,"campfire_choices":[{"data":"Twin Strike","floor":6,"key":"SMITH"},{"data":"Bash","floor":8,"key":"SMITH"},{"data":"Perfected Strike","floor":10,"key":"SMITH"},{"data":"Bloodletting","floor":15,"key":"SMITH"},{"data":"Perfected Strike","floor":24,"key":"SMITH"},{"floor":27,"key":"REST"},{"floor":29,"key":"REST"},{"floor":32,"key":"REST"}],"circlet_count":0,"master_deck":["Strike_R","Strike_R+1","Strike_R","Strike_R+1","Strike_R","Defend_R","Defend_R","Defend_R","Defend_R","Bash+1","Perfected Strike+1","Doubt","Twin Strike+1","Pommel Strike","Clash","Shrug It Off","Bloodletting+1","Shrug It Off","Demon Form","Perfected Strike+1","Inflame","Reaper","Disarm+1","Pain","Seeing Red","Seeing Red","Twin Strike"],"relics":["Burning Blood","NeowsBlessing","Bag of Marbles","Pear","Strawberry","Toolbox","Cursed Key","SsserpentHead","Lantern","Darkstone Periapt","Bronze Scales","Ice Cream","FossilizedHelix"],"acts_visited":["Exordium","TheCity"],"potions_floor_usage":[11,16,25,33,33],"damage_taken":[{"damage":0,"enemies":"Small Slimes","floor":1,"turns":1},{"damage":0,"enemies":"2 Louse","floor":5,"turns":1},{"damage":0,"enemies":"Gremlin Nob","floor":7,"turns":1},{"damage":18,"enemies":"Lagavulin Event","floor":11,"turns":3},{"damage":0,"enemies":"Cultist","floor":13,"turns":2},{"damage":36,"enemies":"Hexaghost","floor":16,"turns":9},{"damage":19,"enemies":"Spheric Guardian","floor":18,"turns":4},{"damage":49,"enemies":"Slavers","floor":23,"turns":4},{"damage":19,"enemies":"Book of Stabbing","floor":25,"turns":3},{"damage":18,"enemies":"2 Thieves","floor":28,"turns":3},{"damage":29,"enemies":"Slavers","floor":30,"turns":3},{"damage":0,"enemies":"Snake Plant","floor":31,"turns":1},{"damage":115,"enemies":"Automaton","floor":33,"turns":10}],"seed_played":"-7951590266861636240","potions_obtained":[{"floor":5,"key":"DuplicationPotion"},{"floor":11,"key":"Swift Potion"},{"floor":23,"key":"SneckoOil"},{"floor":28,"key":"SneckoOil"},{"floor":31,"key":"Energy Potion"}],"is_trial":false,"path_per_floor":["M","?","?","?","M","R","E","R","T","R","?","?","M","$","R","B",null,"M","?","?","?","$","E","R","E","T","R","M","R","E","M","R","B"],"character_chosen":"IRONCLAD","items_purchased":["Toolbox","Bloodletting","Shrug It Off","Lantern","Inflame"],"campfire_rested":3,"item_purchase_floors":[14,14,14,22,22],"current_hp_per_floor":[80,80,64,64,70,70,76,76,86,86,81,97,97,97,97,67,97,84,84,84,84,84,41,41,28,34,64,52,82,76,82,103,0,0],"gold":238,"neow_bonus":"THREE_ENEMY_KILL","is_daily":false,"chose_seed":false,"campfire_upgraded":5,"win_rate":0.0,"timestamp":1613211078,"path_taken":["M","?","?","?","?","R","E","R","T","R","?","?","M","$","R","BOSS","M","?","?","?","$","E","R","E","T","R","M","R","E","M","R","BOSS"],"items_purchased_type":["Relic","Card","Card","Relic","Card"],"build_version":"2020-12-22","purchased_purges":0,"victory":false,"max_hp_per_floor":[80,80,80,80,80,80,80,80,90,90,97,97,97,97,97,97,97,97,97,97,97,97,97,97,97,103,103,103,103,103,103,103,103,103],"card_choices":[{"not_picked":["Body Slam","True Grit"],"picked":"Perfected Strike","floor":1},{"not_picked":["Armaments","True Grit"],"picked":"Twin Strike","floor":5},{"not_picked":["Whirlwind","Entrench"],"picked":"Pommel Strike","floor":7},{"not_picked":["Pommel Strike","Sword Boomerang"],"picked":"Clash","floor":11},{"not_picked":["Warcry","Iron Wave"],"picked":"Shrug It Off","floor":13},{"not_picked":["Barricade","Bludgeon"],"picked":"Demon Form","floor":16},{"not_picked":["Headbutt","Warcry","Reckless Charge+1"],"picked":"SKIP","floor":18},{"not_picked":["Whirlwind+1","Carnage"],"picked":"Reaper","floor":23},{"not_picked":["Rupture","Thunderclap"],"picked":"Disarm+1","floor":25},{"not_picked":["Flex","Searing Blow"],"picked":"Seeing Red","floor":28},{"not_picked":["Reaper","Anger"],"picked":"Seeing Red","floor":30},{"not_picked":["Sword Boomerang","Warcry"],"picked":"Twin Strike","floor":31}],"player_experience":15554,"relics_obtained":[{"floor":7,"key":"Bag of Marbles"},{"floor":9,"key":"Pear"},{"floor":11,"key":"Strawberry"},{"floor":23,"key":"Darkstone Periapt"},{"floor":25,"key":"Bronze Scales"},{"floor":26,"key":"Ice Cream"},{"floor":30,"key":"FossilizedHelix"}],"event_choices":[{"damage_healed":0,"gold_gain":175,"player_choice":"AGREE","damage_taken":0,"max_hp_gain":0,"max_hp_loss":0,"event_name":"Liars Game","floor":2,"gold_loss":0,"cards_obtained":["Doubt"]},{"damage_healed":0,"gold_gain":0,"player_choice":"Entered Light","damage_taken":16,"max_hp_gain":0,"max_hp_loss":0,"event_name":"Shining Light","floor":3,"gold_loss":0,"cards_upgraded":["Strike_R","Strike_R"]},{"damage_healed":0,"gold_gain":100,"player_choice":"Pray","damage_taken":0,"max_hp_gain":0,"max_hp_loss":0,"event_name":"Golden Shrine","floor":4,"gold_loss":0},{"damage_healed":0,"gold_gain":30,"player_choice":"Searched \u00272\u0027 times","damage_taken":0,"max_hp_gain":0,"max_hp_loss":0,"event_name":"Dead Adventurer","floor":11,"gold_loss":0},{"damage_healed":24,"gold_gain":0,"player_choice":"Healed","damage_taken":0,"max_hp_gain":0,"max_hp_loss":0,"event_name":"The Cleric","floor":12,"gold_loss":35},{"damage_healed":0,"gold_gain":0,"player_choice":"Read","damage_taken":0,"max_hp_gain":0,"max_hp_loss":0,"event_name":"The Library","floor":19,"gold_loss":0,"cards_obtained":["Perfected Strike"]},{"damage_healed":0,"gold_gain":0,"player_choice":"Ignored","damage_taken":0,"max_hp_gain":0,"max_hp_loss":0,"event_name":"Ghosts","floor":20,"gold_loss":0},{"damage_healed":0,"gold_gain":0,"player_choice":"Trade","damage_taken":0,"relics_obtained":["SsserpentHead"],"max_hp_gain":0,"max_hp_loss":0,"event_name":"FaceTrader","floor":21,"gold_loss":0}],"is_beta":false,"boss_relics":[{"not_picked":["Ectoplasm","Sozu"],"picked":"Cursed Key"}],"items_purged_floors":[],"is_endless":false,"potions_floor_spawned":[5,11,23,28,31],"killed_by":"Automaton","ascension_level":0}}