{"host":"gnzlh62i2jn8yl8d","time":1613204401,"event":{"mods":["AchievementEnabler","BaseMod","Keyboard Shortcuts","Minty Spire (QoL Compilation)","SuperFastMode","everything is the same but u backflip on backflip"],"gold_per_floor":[109,109,109,121,132,160,174,209,285,305,63,63,77,93,93,192,192,203,203,293,305,321,321,337,51,51,51,69,87,87,87,87,185,185,201,201,220,233,246,246,294,21,71,85,85,100,10,10,10,10],"floor_reached":51,"language":"KOR","playtime":3019,"items_purged":["Strike_R","Strike_R","Writhe"],"score":669,"play_id":"c36734cd-561e-4668-bd95-6da5e6e77ec1","local_time":"20210213172001","is_ascension_mode":true,"campfire_choices":[{"floor":12,"key":"DIG"},{"floor":15,"key":"DIG"},{"data":"Bludgeon","floor":23,"key":"SMITH"},{"floor":30,"key":"DIG"},{"data":"Bludgeon","floor":32,"key":"SMITH"},{"data":"Exhume","floor":40,"key":"SMITH"},{"floor":49,"key":"REST"}],"circlet_count":0,"master_deck":["Strike_R","Defend_R","Defend_R","Defend_R","Defend_R","Bash","Burning Pact","Bludgeon+1","Shrug It Off","Thunderclap","Hemokinesis","Bludgeon+1","Bloodletting","Impervious","Secret Weapon","Headbutt","Deep Breath","Intimidate","Exhume","Carnage+1","Bandage Up+1","True Grit","Ghostly Armor","Shrug It Off+1","Necronomicurse","Exhume+1","Impatience","Trip","Anger+1","Flex+1"],"relics":["Black Blood","NeowsBlessing","Shovel","Calipers","Meat on the Bone","Bag of Marbles","Blood Vial","Velvet Choker","Pen Nib","Thread and Needle","WingedGreaves","Necronomicon","Girya","Lantern","Toy Ornithopter"],"acts_visited":["Exordium","TheCity","TheBeyond"],"potions_floor_usage":[16,29,50],"damage_taken":[{"damage":0,"enemies":"Jaw Worm","floor":1,"turns":1},{"damage":0,"enemies":"2 Louse","floor":4,"turns":1},{"damage":0,"enemies":"Cultist","floor":5,"turns":1},{"damage":23,"enemies":"Lagavulin","floor":6,"turns":5},{"damage":4,"enemies":"Looter","floor":7,"turns":4},{"damage":25,"enemies":"3 Sentries","floor":8,"turns":6},{"damage":0,"enemies":"2 Fungi Beasts","floor":10,"turns":2},{"damage":0,"enemies":"Red Slaver","floor":13,"turns":2},{"damage":5,"enemies":"3 Louse","floor":14,"turns":5},{"damage":53,"enemies":"The Guardian","floor":16,"turns":8},{"damage":7,"enemies":"Spheric Guardian","floor":18,"turns":3},{"damage":28,"enemies":"Shell Parasite","floor":21,"turns":6},{"damage":8,"enemies":"Centurion and Healer","floor":22,"turns":3},{"damage":9,"enemies":"Shelled Parasite and Fungi","floor":24,"turns":3},{"damage":7,"enemies":"Snake Plant","floor":28,"turns":3},{"damage":2,"enemies":"Snecko","floor":29,"turns":4},{"damage":31,"enemies":"Collector","floor":33,"turns":4},{"damage":12,"enemies":"3 Shapes","floor":35,"turns":5},{"damage":0,"enemies":"Orb Walker","floor":37,"turns":2},{"damage":27,"enemies":"4 Shapes","floor":38,"turns":6},{"damage":2,"enemies":"Spire Growth","floor":39,"turns":3},{"damage":49,"enemies":"2 Orb Walkers","floor":41,"turns":5},{"damage":11,"enemies":"Jaw Worm Horde","floor":44,"turns":3},{"damage":26,"enemies":"Transient","floor":46,"turns":5},{"damage":51,"enemies":"Time Eater","floor":50,"turns":8}],"seed_played":"-4911332659879626311","potions_obtained":[{"floor":4,"key":"Block Potion"},{"floor":5,"key":"EntropicBrew"},{"floor":7,"key":"LiquidBronze"},{"floor":16,"key":"SneckoOil"},{"floor":21,"key":"BloodPotion"},{"floor":29,"key":"SkillPotion"},{"floor":39,"key":"FearPotion"}],"is_trial":false,"path_per_floor":["M","?","?","M","M","E","M","E","T","M","$","R","M","M","R","B",null,"M","?","?","M","M","R","M","$","T","?","M","M","R","?","R","B",null,"M","?","M","M","M","R","?","$","T","M","$","M","?","$","R","B",null],"character_chosen":"IRONCLAD","items_purchased":["Secret Weapon","Bandage Up","True Grit","Dark Embrace","Lantern"],"campfire_rested":1,"item_purchase_floors":[11,25,25,25,42],"current_hp_per_floor":[80,80,80,80,80,63,65,46,46,52,52,52,58,59,59,26,80,79,79,61,53,53,53,52,52,52,52,57,63,63,47,47,40,80,80,75,80,77,80,80,59,59,59,62,62,54,54,54,78,64],"gold":10,"neow_bonus":"THREE_ENEMY_KILL","is_daily":false,"chose_seed":false,"campfire_upgraded":3,"win_rate":0.0,"timestamp":1613204401,"path_taken":["M","?","?","M","?","E","M","E","T","M","$","R","M","M","R","BOSS","M","?","?","?","M","R","M","?","T","?","M","M","R","?","R","BOSS","M","?","M","M","M","R","?","$","T","M","?","M","?","$","R","BOSS"],"items_purchased_type":["Card","Card","Card","Card","Relic"],"build_version":"2020-12-22","purchased_purges":3,"victory":true,"max_hp_per_floor":[80,80,80,80,80,80,80,80,80,80,80,80,80,80,80,80,80,80,80,80,80,80,80,80,80,80,80,80,80,80,80,80,80,80,80,80,80,80,80,80,80,80,80,80,80,80,80,80,80,80],"card_choices":[{"not_picked":["Flex","Twin Strike"],"picked":"Burning Pact","floor":1},{"not_picked":["Spot Weakness","Havoc"],"picked":"Shrug It Off","floor":4},{"not_picked":["Whirlwind","Evolve"],"picked":"Thunderclap","floor":5},{"not_picked":["Clash","Blood for Blood"],"picked":"Hemokinesis","floor":6},{"not_picked":["Entrench","Clothesline"],"picked":"Bludgeon","floor":7},{"not_picked":["Flex","Heavy Blade"],"picked":"Bloodletting","floor":8},{"not_picked":["Thunderclap","Shrug It Off"],"picked":"Impervious","floor":10},{"not_picked":["Havoc","Anger"],"picked":"Headbutt","floor":13},{"not_picked":["Twin Strike","Rampage","Headbutt"],"picked":"SKIP","floor":14},{"not_picked":["Heavy Blade","Havoc","Clash+1"],"picked":"SKIP","floor":18},{"not_picked":["Clothesline","Anger"],"picked":"Intimidate","floor":21},{"not_picked":["Cleave","Second Wind"],"picked":"Exhume","floor":22},{"not_picked":["Combust","Armaments"],"picked":"Carnage+1","floor":24},{"not_picked":["Iron Wave","Anger"],"picked":"Ghostly Armor","floor":28},{"not_picked":["True Grit","Armaments"],"picked":"Shrug It Off+1","floor":29},{"not_picked":["Offering","Barricade"],"picked":"Exhume","floor":33},{"not_picked":["Sword Boomerang+1","Second Wind","Dark Embrace"],"picked":"SKIP","floor":35},{"not_picked":["Finesse","Dramatic Entrance"],"picked":"Impatience","floor":36},{"not_picked":["Dramatic Entrance","Impatience"],"picked":"Trip","floor":36},{"not_picked":["Spot Weakness+1","Sword Boomerang","Evolve"],"picked":"SKIP","floor":37},{"not_picked":["Searing Blow","Infernal Blade"],"picked":"Anger+1","floor":38},{"not_picked":["Cleave","Dark Embrace"],"picked":"Flex+1","floor":39},{"not_picked":["Pommel Strike+1","Perfected Strike+1","Rage"],"picked":"SKIP","floor":44},{"not_picked":["Hemokinesis","Anger+1","Rage"],"picked":"SKIP","floor":46}],"player_experience":140424,"relics_obtained":[{"floor":6,"key":"Shovel"},{"floor":8,"key":"Calipers"},{"floor":9,"key":"Meat on the Bone"},{"floor":12,"key":"Bag of Marbles"},{"floor":15,"key":"Blood Vial"},{"floor":26,"key":"Pen Nib"},{"floor":30,"key":"WingedGreaves"},{"floor":31,"key":"Necronomicon"},{"floor":41,"key":"Girya"},{"floor":43,"key":"Toy Ornithopter"}],"event_choices":[{"damage_healed":0,"gold_gain":0,"cards_transformed":["Strike_R"],"player_choice":"Change","damage_taken":0,"max_hp_gain":0,"max_hp_loss":0,"event_name":"Living Wall","floor":2,"gold_loss":0,"cards_obtained":["Bludgeon"]},{"cards_removed":["Strike_R"],"damage_healed":0,"gold_gain":0,"player_choice":"Purged","damage_taken":0,"max_hp_gain":0,"max_hp_loss":0,"event_name":"Purifier","floor":3,"gold_loss":0},{"damage_healed":0,"gold_gain":0,"player_choice":"Ignored","damage_taken":0,"max_hp_gain":0,"max_hp_loss":0,"event_name":"Vampires","floor":19,"gold_loss":0},{"damage_healed":0,"gold_gain":90,"player_choice":"CARD GOLD ","damage_taken":18,"max_hp_gain":0,"max_hp_loss":0,"event_name":"Knowing Skull","floor":20,"potions_obtained":[],"gold_loss":0,"cards_obtained":["Deep Breath"]},{"damage_healed":0,"gold_gain":0,"player_choice":"Opened","damage_taken":0,"relics_obtained":["Thread and Needle"],"max_hp_gain":0,"max_hp_loss":0,"event_name":"The Mausoleum","floor":27,"gold_loss":0,"cards_obtained":["Writhe"]},{"damage_healed":0,"gold_gain":0,"player_choice":"Obtained Book","damage_taken":16,"max_hp_gain":0,"max_hp_loss":0,"event_name":"Cursed Tome","floor":31,"gold_loss":0},{"damage_healed":0,"gold_gain":0,"player_choice":"Memory 2","damage_taken":5,"max_hp_gain":0,"max_hp_loss":0,"event_name":"SensoryStone","floor":36,"gold_loss":0},{"damage_healed":0,"gold_gain":0,"player_choice":"Fight","damage_taken":0,"max_hp_gain":0,"max_hp_loss":0,"event_name":"Mysterious Sphere","floor":41,"gold_loss":0},{"cards_removed":["Dark Embrace"],"damage_healed":0,"gold_gain":0,"player_choice":"Upgrade and Remove","damage_taken":0,"max_hp_gain":0,"max_hp_loss":0,"event_name":"Designer","floor":47,"gold_loss":90,"cards_upgraded":["Bandage Up"]}],"is_beta":false,"boss_relics":[{"not_picked":["Coffee Dripper","Sozu"],"picked":"Velvet Choker"},{"not_picked":["Empty Cage","Runic Dome"],"picked":"Black Blood"}],"items_purged_floors":[11,25,42],"is_endless":false,"potions_floor_spawned":[4,5,7,10,16,21,22,28,29,39,46],"ascension_level":1}}