{"host":"3j24k6gtmfx6ynrk","time":1613228811,"event":{"mods":["AchievementEnabler","BaseMod","Block Reminder","Colored Powertips","Hermit","Highlight Path","Marisa????????","Minty Spire (QoL Compilation)","Quick Restart","Rare Cards Sparkle","StSLib","The Cursed","The Hierophant","The Servant 0.9.4"],"gold_per_floor":[119,294,294,306,318,318,334,45,45,45,55,68,5,15,15,113,113,133,133,147,163,163,163],"floor_reached":22,"language":"DEU","playtime":1336,"items_purged":["Doubt","Strike_B"],"score":180,"play_id":"9be065e7-c1e5-4815-b575-fa3d9cde2671","local_time":"20210213160651","is_ascension_mode":false,"campfire_choices":[{"data":"Zap","floor":6,"key":"SMITH"},{"data":"Defragment","floor":15,"key":"SMITH"}],"circlet_count":0,"master_deck":["Strike_B","Strike_B","Strike_B","Defend_B","Defend_B","Defend_B","Defend_B","Zap+1","Dualcast","Leap","Redo","White Noise","Defragment+1","Streamline+1","Conserve Battery","Compile Driver+1","Ball Lightning+1","Leap","Echo Form","Melter+1","Auto Shields+1","Conserve Battery"],"relics":["Cracked Core","Molten Egg 2","Membership Card","Velvet Choker"],"acts_visited":["Exordium","TheCity"],"potions_floor_usage":[16,22],"damage_taken":[{"damage":6,"enemies":"2 Louse","floor":1,"turns":4},{"damage":6,"enemies":"Jaw Worm","floor":4,"turns":5},{"damage":0,"enemies":"Small Slimes","floor":5,"turns":3},{"damage":0,"enemies":"Looter","floor":7,"turns":4},{"damage":4,"enemies":"Exordium Thugs","floor":11,"turns":5},{"damage":0,"enemies":"3 Louse","floor":12,"turns":3},{"damage":7,"enemies":"Blue Slaver","floor":14,"turns":3},{"damage":21,"enemies":"The Guardian","floor":16,"turns":11},{"damage":18,"enemies":"3 Byrds","floor":18,"turns":4},{"damage":20,"enemies":"2 Thieves","floor":20,"turns":4},{"damage":25,"enemies":"Snake Plant","floor":21,"turns":3},{"damage":5,"enemies":"Centurion and Healer","floor":22,"turns":1}],"seed_played":"-6243183371048014449","potions_obtained":[{"floor":7,"key":"FearPotion"},{"floor":11,"key":"ColorlessPotion"},{"floor":12,"key":"DuplicationPotion"},{"floor":18,"key":"SteroidPotion"}],"is_trial":false,"path_per_floor":["M","?","?","M","M","R","M","$","T","$","M","M","$","M","R","B",null,"M","?","M","M","M"],"character_chosen":"DEFECT","items_purchased":["Defragment","Membership Card","Streamline+1","Ball Lightning+1"],"campfire_rested":0,"item_purchase_floors":[8,8,8,13],"current_hp_per_floor":[76,76,73,67,67,67,67,67,67,67,63,63,63,56,56,35,82,64,48,28,3,0,0],"gold":163,"neow_bonus":"TEN_PERCENT_HP_BONUS","is_daily":false,"chose_seed":false,"campfire_upgraded":2,"win_rate":0.0,"timestamp":1613228811,"path_taken":["M","?","?","M","M","R","M","$","T","?","M","M","$","M","R","BOSS","M","?","M","M","M"],"items_purchased_type":["Card","Relic","Card","Card"],"build_version":"2020-12-22","purchased_purges":2,"victory":false,"max_hp_per_floor":[82,82,82,82,82,82,82,82,82,82,82,82,82,82,82,82,82,82,87,87,87,87,87],"card_choices":[{"not_picked":["Coolheaded","Redo"],"picked":"Leap","floor":1},{"not_picked":["Darkness","Meteor Strike+1"],"picked":"Redo","floor":4},{"not_picked":["Redo","Turbo","Beam Cell+1"],"picked":"SKIP","floor":5},{"not_picked":["Steam","Scrape+1"],"picked":"White Noise","floor":7},{"not_picked":["Stack","Rebound+1"],"picked":"Conserve Battery","floor":11},{"not_picked":["Stack","Redo"],"picked":"Compile Driver+1","floor":12},{"not_picked":["Ball Lightning+1","Thunder Strike+1"],"picked":"Leap","floor":14},{"not_picked":["Reboot","Meteor Strike+1"],"picked":"Echo Form","floor":16},{"not_picked":["Leap","Compile Driver+1"],"picked":"Melter+1","floor":18},{"not_picked":["FTL+1","Rip and Tear+1"],"picked":"Auto Shields+1","floor":20},{"not_picked":["Sweeping Beam+1","Aggregate"],"picked":"Conserve Battery","floor":21}],"player_experience":78943,"relics_obtained":[],"event_choices":[{"damage_healed":0,"gold_gain":175,"player_choice":"AGREE","damage_taken":0,"max_hp_gain":0,"max_hp_loss":0,"event_name":"Liars Game","floor":2,"gold_loss":0,"cards_obtained":["Doubt"]},{"damage_healed":0,"gold_gain":0,"player_choice":"Success","damage_taken":3,"relics_obtained":["Molten Egg 2"],"max_hp_gain":0,"max_hp_loss":0,"event_name":"Scrap Ooze","floor":3,"gold_loss":0},{"damage_healed":0,"gold_gain":0,"player_choice":"Shed Blood","damage_taken":21,"max_hp_gain":5,"max_hp_loss":0,"event_name":"Forgotten Altar","floor":19,"gold_loss":0}],"is_beta":false,"boss_relics":[{"not_picked":["Nuclear Battery","Empty Cage"],"picked":"Velvet Choker"}],"items_purged_floors":[8,13],"is_endless":false,"potions_floor_spawned":[7,11,12,18],"killed_by":"Centurion and Healer","ascension_level":0}}