{"host":"j5j96s76v36ug78u","time":1613229210,"event":{"mods":["BaseMod","Better Third Choice","Downfall","Highlight Path","Minty Spire (QoL Compilation)","Reliquary","StSLib","The Animator"],"gold_per_floor":[99,110,110,110,20,34,34,484,68,81,81,81,81],"floor_reached":11,"language":"ENG","playtime":786,"items_purged":["Guardian:Strike_Guardian","downfall:Icky"],"score":61,"play_id":"274b7daf-3d41-45d6-97ff-cba40c2473c0","local_time":"20210213121330","is_ascension_mode":false,"campfire_choices":[{"floor":1,"key":"RECALL"}],"circlet_count":0,"master_deck":["Guardian:Strike_Guardian","Guardian:Strike_Guardian","Guardian:Defend_Guardian","Guardian:Defend_Guardian","Guardian:Defend_Guardian","Guardian:Defend_Guardian","Guardian:CurlUp","Guardian:TwinSlam","Guardian:PrismaticBeam","Guardian:Gem_Lightblue","downfall:Icky","downfall:Icky","Guardian:Gem_Green"],"relics":["Guardian:ModeShifter","Meat on the Bone","reliquary:SharkskinSheath","MealTicket","reliquary:Stiletto"],"acts_visited":["Exordium"],"potions_floor_usage":[],"damage_taken":[{"damage":1,"enemies":"Jaw Worm","floor":2,"turns":4},{"damage":5,"enemies":"downfall:FleeingMerchant","floor":5,"turns":4},{"damage":0,"enemies":"Small Slimes","floor":6,"turns":4},{"damage":10,"enemies":"downfall:FleeingMerchant","floor":9,"turns":4},{"damage":0,"enemies":"2 Louse","floor":10,"turns":3},{"damage":54,"enemies":"Lagavulin","floor":11,"turns":14}],"seed_played":"7002325048373053605","potions_obtained":[{"floor":2,"key":"Guardian:AcceleratePotion"}],"is_trial":false,"path_per_floor":["R","M","?","?","$","M","T","?","$","M","E"],"character_chosen":"GUARDIAN","items_purchased":["MealTicket","reliquary:Stiletto"],"campfire_rested":0,"item_purchase_floors":[9,9],"current_hp_per_floor":[88,87,64,64,59,59,59,59,49,49,0,0,0],"gold":81,"neow_bonus":"TEN_PERCENT_HP_BONUS","is_daily":false,"chose_seed":false,"campfire_upgraded":0,"win_rate":0.0,"timestamp":1613229210,"path_taken":["R","M","?","?","?","M","T","?","$","M","E"],"items_purchased_type":["Relic","Relic"],"build_version":"2020-12-22","purchased_purges":2,"victory":false,"max_hp_per_floor":[88,88,88,88,88,88,88,88,88,88,88,88,88],"card_choices":[{"not_picked":["Guardian:BodySlam","Guardian:DonusPower"],"picked":"Guardian:Gem_Crimson","floor":2},{"not_picked":["Guardian:TemporalStrike","Guardian:EvasiveProtocol"],"picked":"Guardian:PrismaticBeam","floor":5},{"not_picked":["Guardian:Suspension","Guardian:ChargeCore"],"picked":"Guardian:Gem_Lightblue","floor":6},{"not_picked":["Guardian:TemporalShield","Guardian:PrismaticBarrier","Guardian:MultiBeam"],"picked":"SKIP","floor":9},{"not_picked":["Guardian:ShieldSpikes","Guardian:ChargeCore"],"picked":"Guardian:Gem_Green","floor":10}],"player_experience":232871,"relics_obtained":[],"event_choices":[{"damage_healed":0,"gold_gain":1,"player_choice":"Relic Relic ","damage_taken":23,"max_hp_gain":0,"max_hp_loss":0,"event_name":"betterThird:BetterScrap","floor":3,"gold_loss":0,"cards_obtained":["Finisher"]}],"is_beta":false,"boss_relics":[],"items_purged_floors":[5,9],"is_endless":false,"potions_floor_spawned":[2],"killed_by":"Lagavulin","ascension_level":0}}