{"host":"5y2vm16xfq9gfmb2","time":1613197956,"event":{"mods":["AchievementEnabler","BaseMod","Better Third Choice","Colored Map","Colored Powertips","DeckTracker","Marisa????????","Minty Spire (QoL Compilation)","Rare Cards Sparkle","Relic Stats","StSLib","The Alterego","The Animator","The Marked","The Servant 0.9.4"],"gold_per_floor":[112,126,143,73,86,86,98,98,145,145,145,33,33,46,46,146,146,156,173,189,189,202,202,5,32,56,72,83,83,83,94,94,94,94],"floor_reached":33,"language":"ENG","playtime":2347,"items_purged":["animator:Curse_Greed"],"score":274,"play_id":"46700151-40b3-49f9-8d0f-25b3751d80f8","local_time":"20210213013236","is_ascension_mode":true,"campfire_choices":[{"floor":6,"key":"RECALL"},{"floor":8,"key":"REST"},{"floor":11,"key":"REST"},{"data":"alterego_mod:Bunnysuit","floor":15,"key":"SMITH"},{"data":"alterego_mod:SuperDuperMasochism","floor":23,"key":"SMITH"},{"floor":29,"key":"REST"},{"floor":32,"key":"REST"}],"circlet_count":0,"master_deck":["alterego_mod:Strike+1","alterego_mod:Strike+1","alterego_mod:Strike+1","alterego_mod:Strike+1","alterego_mod:Defend+1","alterego_mod:Defend+1","alterego_mod:Defend+1","alterego_mod:Defend+1","alterego_mod:Impale","alterego_mod:BigMeatyClaws","alterego_mod:BrynhildrsRune","alterego_mod:Bunnysuit+1","alterego_mod:Table","alterego_mod:BiFurious","alterego_mod:Support","alterego_mod:BeGentle","alterego_mod:IndependentAction","alterego_mod:Crossover","alterego_mod:Valkyrie","alterego_mod:BrynhildrRomantia","alterego_mod:Birthday+1","alterego_mod:DeftHands+1","alterego_mod:DeftHands","alterego_mod:SuperDuperMasochism+1","alterego_mod:Nekomimi","alterego_mod:Punishment+1","Decay","alterego_mod:Crossover+1","alterego_mod:MaintainEyeContact+1","alterego_mod:RocketPunch"],"relics":["Cursed Key","Oddly Smooth Stone","Runic Pyramid","Membership Card","Vajra","MealTicket","CultistMask"],"acts_visited":["Exordium","TheCity"],"potions_floor_usage":[16,16,25,27,33,33],"damage_taken":[{"damage":0,"enemies":"Small Slimes","floor":1,"turns":3},{"damage":0,"enemies":"2 Louse","floor":2,"turns":3},{"damage":3,"enemies":"Jaw Worm","floor":3,"turns":3},{"damage":21,"enemies":"Exordium Wildlife","floor":5,"turns":6},{"damage":24,"enemies":"Exordium Thugs","floor":7,"turns":6},{"damage":15,"enemies":"Gremlin Gang","floor":14,"turns":8},{"damage":77,"enemies":"Slime Boss","floor":16,"turns":16},{"damage":30,"enemies":"2 Thieves","floor":18,"turns":5},{"damage":1,"enemies":"Chosen","floor":19,"turns":4},{"damage":12,"enemies":"Centurion and Healer","floor":20,"turns":5},{"damage":1,"enemies":"Snake Plant","floor":22,"turns":9},{"damage":66,"enemies":"Book of Stabbing","floor":25,"turns":6},{"damage":10,"enemies":"Snecko","floor":27,"turns":8},{"damage":15,"enemies":"Centurion and Healer","floor":28,"turns":6},{"damage":31,"enemies":"Chosen and Byrds","floor":31,"turns":7},{"damage":69,"enemies":"Automaton","floor":33,"turns":6}],"seed_played":"-6860324530122665162","potions_obtained":[{"floor":1,"key":"Regen Potion"},{"floor":2,"key":"AttackPotion"},{"floor":16,"key":"SkillPotion"},{"floor":19,"key":"Regen Potion"},{"floor":22,"key":"SteroidPotion"},{"floor":25,"key":"Energy Potion"}],"is_trial":false,"path_per_floor":["M","M","M","$","M","R","M","R","T","?","R","$","?","M","R","B",null,"M","M","M","?","M","R","$","E","T","M","M","R","?","M","R","B"],"character_chosen":"The_Alterego","items_purchased":["alterego_mod:Support","alterego_mod:Crossover","Membership Card","alterego_mod:Nekomimi"],"campfire_rested":4,"item_purchase_floors":[4,12,24,24],"current_hp_per_floor":[70,70,67,67,46,46,29,50,50,43,64,64,64,70,70,36,70,50,59,60,60,69,69,69,13,13,28,30,51,51,40,62,0,0],"gold":94,"neow_bonus":"BOSS_RELIC","is_daily":false,"chose_seed":false,"campfire_upgraded":2,"win_rate":0.0,"timestamp":1613197956,"path_taken":["M","M","M","$","M","R","M","R","T","?","R","$","?","M","R","BOSS","M","M","M","?","M","R","$","E","T","M","M","R","?","?","R","BOSS"],"items_purchased_type":["Card","Card","Relic","Card"],"build_version":"2020-12-22","purchased_purges":1,"victory":false,"max_hp_per_floor":[70,70,70,70,70,70,70,70,70,70,70,70,70,70,70,70,70,73,72,75,75,74,74,74,74,74,74,72,72,72,75,75,75,75],"relic_stats":{"counters":[16,101],"MealTicket":0,"Cursed Key":2,"obtain_stats":[{"alterego_mod:MasochisticConstitution":0,"Oddly Smooth Stone":10,"Vajra":25,"MealTicket":26,"CultistMask":30,"Membership Card":24,"Cursed Key":0,"Runic Pyramid":17},{"alterego_mod:MasochisticConstitution":0,"Oddly Smooth Stone":5,"Vajra":12,"MealTicket":12,"CultistMask":14,"Membership Card":11,"Cursed Key":0,"Runic Pyramid":7},{"alterego_mod:MasochisticConstitution":0,"Oddly Smooth Stone":21,"Vajra":74,"MealTicket":74,"CultistMask":88,"Membership Card":68,"Cursed Key":0,"Runic Pyramid":45}]},"card_choices":[{"not_picked":["alterego_mod:BeGentle","alterego_mod:GoddessCore"],"picked":"alterego_mod:Bunnysuit","floor":1},{"not_picked":["alterego_mod:MagicResistance","alterego_mod:Cycle"],"picked":"alterego_mod:Table","floor":2},{"not_picked":["alterego_mod:Punishment","alterego_mod:Schoolgirl"],"picked":"alterego_mod:BiFurious","floor":3},{"not_picked":["alterego_mod:Pet","alterego_mod:DiscoLights"],"picked":"alterego_mod:BeGentle","floor":5},{"not_picked":["alterego_mod:BoobPocket","alterego_mod:BustOut"],"picked":"alterego_mod:IndependentAction","floor":7},{"not_picked":["alterego_mod:Santa","alterego_mod:MagicResistance"],"picked":"alterego_mod:Valkyrie","floor":14},{"not_picked":["alterego_mod:Antipathy","alterego_mod:InsideBaseball"],"picked":"alterego_mod:BrynhildrRomantia","floor":16},{"not_picked":["alterego_mod:Maid","alterego_mod:GoddessCore"],"picked":"alterego_mod:Birthday+1","floor":18},{"not_picked":["alterego_mod:SakuraPetals","alterego_mod:Bloomers"],"picked":"alterego_mod:DeftHands+1","floor":19},{"not_picked":["alterego_mod:MagicResistance","alterego_mod:Maid"],"picked":"alterego_mod:DeftHands","floor":20},{"not_picked":["alterego_mod:IndependentAction","alterego_mod:Antipathy"],"picked":"alterego_mod:SuperDuperMasochism","floor":22},{"not_picked":["alterego_mod:Bloomers","alterego_mod:Cycle"],"picked":"alterego_mod:Punishment+1","floor":25},{"not_picked":["alterego_mod:DiscoLights+1","alterego_mod:MaintainEyeContact"],"picked":"alterego_mod:Crossover+1","floor":27},{"not_picked":["alterego_mod:MagicResistance","alterego_mod:DiscoLights+1"],"picked":"alterego_mod:MaintainEyeContact+1","floor":28},{"not_picked":["alterego_mod:Maid","alterego_mod:Bounce"],"picked":"alterego_mod:RocketPunch","floor":31}],"player_experience":77886,"relics_obtained":[{"floor":25,"key":"Vajra"},{"floor":26,"key":"MealTicket"}],"event_choices":[{"damage_healed":0,"gold_gain":0,"player_choice":"Relic ","damage_taken":7,"max_hp_gain":0,"max_hp_loss":0,"event_name":"betterThird:BetterScrap","floor":10,"gold_loss":0,"cards_obtained":["Reinforced Body"]},{"damage_healed":0,"gold_gain":0,"player_choice":"Ignored","damage_taken":0,"max_hp_gain":0,"max_hp_loss":0,"event_name":"Golden Wing","floor":13,"gold_loss":0},{"damage_healed":0,"gold_gain":0,"player_choice":"Simplicity","damage_taken":0,"max_hp_gain":0,"max_hp_loss":8,"event_name":"betterThird:BetterWriting","floor":21,"gold_loss":0},{"damage_healed":0,"gold_gain":0,"player_choice":"Trade","damage_taken":0,"relics_obtained":["CultistMask"],"max_hp_gain":0,"max_hp_loss":0,"event_name":"FaceTrader","floor":30,"gold_loss":0}],"is_beta":false,"boss_relics":[{"not_picked":["Velvet Choker","Sozu"],"picked":"Runic Pyramid"}],"items_purged_floors":[12],"is_endless":false,"potions_floor_spawned":[1,2,16,19,22,25],"killed_by":"Automaton","ascension_level":1}}