{"host":"bf5upntvbdompq33","time":1613199374,"event":{"mods":["BaseMod","Bestiary","Colored Map","Colored Powertips","Curses Come First","Minty Spire (QoL Compilation)","StSLib","ojb\u0027s Info Mod"],"gold_per_floor":[109,109,16,16,34,34,67,123,146,146,330,330,359,133,133,217,217,216,141,150,173,24,24,24],"floor_reached":23,"language":"ENG","playtime":781,"items_purged":["Doubt"],"score":357,"play_id":"1ca69062-bf51-4ec0-a3f1-e39dde95c404","local_time":"20210212235614","is_ascension_mode":true,"campfire_choices":[{"data":"Bash","floor":6,"key":"SMITH"},{"data":"Armaments","floor":10,"key":"SMITH"},{"data":"Flame Barrier","floor":15,"key":"SMITH"}],"circlet_count":0,"master_deck":["AscendersBane","Strike_R","Strike_R","Strike_R","Strike_R","Defend_R","Defend_R","Defend_R","Defend_R","Bash+1","Twin Strike","Rampage","Armaments+1","Iron Wave","Feed","Seeing Red","Flame Barrier+1","Flex","Hemokinesis","Clothesline","Berserk","Infernal Blade","Bash","Inflame"],"relics":["Black Blood","NeowsBlessing","Torii","HornCleat","Akabeko","CeramicFish","Question Card","Brimstone"],"acts_visited":["Exordium","TheCity"],"potions_floor_usage":[8,8],"damage_taken":[{"damage":0,"enemies":"Cultist","floor":1,"turns":1},{"damage":0,"enemies":"Small Slimes","floor":5,"turns":1},{"damage":0,"enemies":"Gremlin Nob","floor":7,"turns":1},{"damage":2,"enemies":"Gremlin Nob","floor":8,"turns":4},{"damage":0,"enemies":"2 Louse","floor":13,"turns":2},{"damage":47,"enemies":"Hexaghost","floor":16,"turns":11},{"damage":30,"enemies":"2 Thieves","floor":18,"turns":4},{"damage":20,"enemies":"3 Byrds","floor":21,"turns":6},{"damage":44,"enemies":"Book of Stabbing","floor":23,"turns":5}],"seed_played":"1722071922646856029","potions_obtained":[{"floor":5,"key":"DistilledChaos"},{"floor":7,"key":"ColorlessPotion"},{"floor":13,"key":"GamblersBrew"},{"floor":21,"key":"SpeedPotion"}],"is_trial":false,"path_per_floor":["M","?","$","?","M","R","E","?","T","R","?","T","M","$","R","B",null,"M","?","?","M","$","E"],"character_chosen":"IRONCLAD","items_purchased":["Rampage","Armaments","Flex","Hemokinesis","Clothesline","Brimstone"],"campfire_rested":0,"item_purchase_floors":[3,3,14,14,14,22],"current_hp_per_floor":[74,74,74,67,73,73,75,75,75,75,75,75,78,78,78,37,68,50,50,50,42,42,0,0],"gold":24,"neow_bonus":"THREE_ENEMY_KILL","is_daily":false,"chose_seed":false,"campfire_upgraded":3,"win_rate":0.0,"timestamp":1613199374,"path_taken":["M","?","$","?","M","R","E","?","T","R","?","?","M","$","R","BOSS","M","?","?","?","?","E"],"items_purchased_type":["Card","Card","Card","Card","Card","Relic"],"build_version":"2020-12-22","purchased_purges":1,"victory":false,"max_hp_per_floor":[75,75,75,75,75,75,75,75,75,75,75,75,78,78,78,78,78,78,78,78,78,78,78,78],"card_choices":[{"not_picked":["Heavy Blade","Thunderclap"],"picked":"Twin Strike","floor":1},{"not_picked":["Thunderclap","Havoc"],"picked":"Iron Wave","floor":5},{"not_picked":["Searing Blow","Feel No Pain"],"picked":"Feed","floor":7},{"not_picked":["Thunderclap","Dropkick"],"picked":"Seeing Red","floor":8},{"not_picked":["Warcry","Anger","Havoc"],"picked":"Flame Barrier","floor":13},{"not_picked":["Brutality","Fiend Fire","Limit Break"],"picked":"Berserk","floor":16},{"not_picked":["Warcry","Cleave","True Grit"],"picked":"Infernal Blade","floor":18},{"not_picked":["Clash","Thunderclap","Armaments"],"picked":"Inflame","floor":21}],"player_experience":1564307,"relics_obtained":[{"floor":7,"key":"HornCleat"},{"floor":8,"key":"Akabeko"},{"floor":9,"key":"CeramicFish"},{"floor":12,"key":"Question Card"}],"event_choices":[{"damage_healed":0,"gold_gain":0,"player_choice":"Box","damage_taken":0,"relics_obtained":["Torii"],"max_hp_gain":0,"max_hp_loss":0,"event_name":"Big Fish","floor":2,"gold_loss":0,"cards_obtained":["Regret"]},{"cards_removed":["Regret"],"damage_healed":0,"gold_gain":0,"player_choice":"Card Removal","damage_taken":7,"max_hp_gain":0,"max_hp_loss":0,"event_name":"Golden Wing","floor":4,"gold_loss":0},{"damage_healed":0,"gold_gain":0,"player_choice":"Searched \u00271\u0027 times","damage_taken":0,"max_hp_gain":0,"max_hp_loss":0,"event_name":"Dead Adventurer","floor":8,"gold_loss":0},{"damage_healed":0,"gold_gain":175,"player_choice":"AGREE","damage_taken":0,"max_hp_gain":0,"max_hp_loss":0,"event_name":"Liars Game","floor":11,"gold_loss":0,"cards_obtained":["Doubt"]},{"cards_removed":["Strike_R"],"damage_healed":0,"gold_gain":0,"player_choice":"Gave Gold","damage_taken":0,"max_hp_gain":0,"max_hp_loss":0,"event_name":"Beggar","floor":19,"gold_loss":75},{"damage_healed":0,"gold_gain":0,"player_choice":"1 cards matched","damage_taken":0,"max_hp_gain":0,"max_hp_loss":0,"event_name":"Match and Keep!","floor":20,"gold_loss":0,"cards_obtained":["Bash"]}],"is_beta":false,"boss_relics":[{"not_picked":["SacredBark","SlaversCollar"],"picked":"Black Blood"}],"items_purged_floors":[14],"is_endless":false,"potions_floor_spawned":[5,7,13,21],"killed_by":"Book of Stabbing","ascension_level":14}}