{"host":"1i3835udr35woqc6","time":1613231420,"event":{"mods":["Act Like it!","Arknights","Aspiration","BaseMod","BetterRewards","Conspire","Downfall","Friendly Minions","GungeonMod","Hallownest","Hermit","Minty Spire (QoL Compilation)","Pale of the Ancients","StSLib","The Cursed"],"gold_per_floor":[99,99,99,99,99,199,248,248,283,283,293,303,303,98,115,217,217,117,135,135,135,135],"floor_reached":20,"language":"ZHS","playtime":844,"items_purged":["conspire:GhostlyStrike"],"score":193,"play_id":"24bc3455-289b-4c42-aa49-00a73bf9f71f","local_time":"20210213235020","is_ascension_mode":false,"campfire_choices":[{"data":"champ:Taunt","floor":1,"key":"SMITH"},{"data":"Forethought","floor":8,"key":"SMITH"},{"floor":10,"key":"REST"},{"data":"champ:Improvising","floor":18,"key":"SMITH"}],"circlet_count":0,"master_deck":["conspire:GhostlyDefend","conspire:GhostlyDefend","conspire:GhostlyDefend","conspire:GhostlyDefend","champ:Execute","champ:Taunt+1","champ:EnragedBash+1","champ:BladeFlurry","Forethought+1","champ:ArenaPreparation","champ:ViciousMockery","champ:Shatter","Jack Of All Trades","champ:GladiatorForm","champ:EndlessRage","champ:BerserkersShout","champ:Improvising+1","champ:BerserkerStyle"],"relics":["champ:ChampionCrown","downfall:HeartsMalice","champ:DefensiveTrainingManual","DemoMod:LamentConfigurum","Bag of Preparation","conspire:SpecialSausage","downfall:HeartBlessingGreen"],"acts_visited":["Exordium","TheCity"],"potions_floor_usage":[9,16],"damage_taken":[{"damage":0,"enemies":"Jaw Worm","floor":2,"turns":1},{"damage":0,"enemies":"downfall:FleeingMerchant","floor":5,"turns":1},{"damage":0,"enemies":"downfall:Heads","floor":6,"turns":1},{"damage":109,"enemies":"3 Sentries","floor":9,"turns":12},{"damage":15,"enemies":"Small Slimes","floor":11,"turns":3},{"damage":35,"enemies":"Cultist","floor":12,"turns":4},{"damage":16,"enemies":"downfall:FleeingMerchant","floor":14,"turns":4},{"damage":34,"enemies":"2 Fungi Beasts","floor":15,"turns":4},{"damage":77,"enemies":"DF_ARCHETYPE_STREAMLINE","floor":16,"turns":9},{"damage":57,"enemies":"Shell Parasite","floor":19,"turns":6},{"damage":76,"enemies":"Chosen","floor":20,"turns":5}],"seed_played":"2905665618692449621","potions_obtained":[{"floor":6,"key":"Strength Potion"},{"floor":12,"key":"FearPotion"},{"floor":15,"key":"Dexterity Potion"}],"is_trial":false,"path_per_floor":["R","M","?","?","$","?","T","R","E","R","M","M","?","$","M","B",null,"R","M","M"],"character_chosen":"THE_CHAMP","items_purchased":["champ:EndlessRage","champ:BerserkersShout"],"campfire_rested":1,"item_purchase_floors":[14,14],"current_hp_per_floor":[90,90,65,65,65,65,65,65,25,52,52,52,52,51,42,24,90,90,68,0,0,0],"gold":135,"neow_bonus":"THREE_ENEMY_KILL","is_daily":false,"chose_seed":false,"campfire_upgraded":3,"win_rate":0.0,"timestamp":1613231420,"path_taken":["R","M","?","?","?","?","T","R","E","R","M","?","?","$","M","BOSS","R","M","M"],"items_purchased_type":["Card","Card"],"build_version":"2020-12-22","purchased_purges":1,"victory":false,"max_hp_per_floor":[90,90,90,90,90,90,90,90,90,90,90,90,90,90,90,90,90,90,90,90,90,90],"card_choices":[{"not_picked":["champ:FlashCut","champ:PerfectedStrike"],"picked":"champ:EnragedBash","floor":2},{"not_picked":["champ:BringItOn","champ:DeathBlow"],"picked":"champ:BladeFlurry","floor":5},{"not_picked":["champ:Haymaker","champ:DefensiveShout"],"picked":"champ:ArenaPreparation","floor":6},{"not_picked":["champ:DefensiveStyle","champ:SteelEdge","champ:StanceDance"],"picked":"SKIP","floor":9},{"not_picked":["champ:DefensiveStyle","champ:DefensiveShout"],"picked":"champ:ViciousMockery","floor":11},{"not_picked":["champ:DefensiveShout","champ:TornadoPunch"],"picked":"champ:Shatter","floor":12},{"not_picked":["champ:EnGarde","champ:Haymaker"],"picked":"champ:GladiatorForm","floor":14},{"not_picked":["champ:FalseCounter","champ:Duel","champ:SetATrap"],"picked":"SKIP","floor":15},{"not_picked":["champ:HoldFirm","champ:SteelEdge"],"picked":"champ:Improvising","floor":16},{"not_picked":["champ:FaceSlap","champ:CrownThrow"],"picked":"champ:BerserkerStyle","floor":19}],"player_experience":404869,"relics_obtained":[{"floor":7,"key":"DemoMod:LamentConfigurum"},{"floor":9,"key":"Bag of Preparation"}],"event_choices":[{"damage_healed":0,"gold_gain":0,"player_choice":"Success","damage_taken":25,"relics_obtained":["champ:DefensiveTrainingManual"],"max_hp_gain":0,"max_hp_loss":0,"event_name":"Scrap Ooze","floor":3,"gold_loss":0},{"damage_healed":0,"gold_gain":0,"player_choice":"Agree","damage_taken":0,"max_hp_gain":0,"max_hp_loss":0,"event_name":"conspire:LoneGhost","floor":4,"gold_loss":0}],"is_beta":false,"boss_relics":[{"not_picked":["Calling Bell","conspire:SlowCooker"],"picked":"conspire:SpecialSausage"}],"items_purged_floors":[14],"is_endless":false,"potions_floor_spawned":[6,12,15],"killed_by":"Chosen","ascension_level":0}}