{"host":"v9yiptmoyyuggqjj","time":1613196972,"event":{"mods":["AchievementEnabler","BaseMod","BetterRewards","Card Forge","Colored Map","Colored Powertips","DeckTracker","Highlight Path","Infinite Spire","Minty Spire (QoL Compilation)","Quick Restart","Shop Mod","StSLib","Swap Starting Deck Mod"],"gold_per_floor":[117,117,39,59,73,73,87,116,116,148,148,163,198,216,216,319,319,330,330,345,356,356,382,382,412,412,430,462,478,478,509,509,605,605,625,635,735,761,773,785,815,827,887,932,944,975,842,868,868,868],"floor_reached":51,"language":"ENG","playtime":3159,"items_purged":[],"score":1055,"play_id":"8686dc28-3d88-496d-8563-86fd2ec12523","local_time":"20210212231612","daily_mods":["SealedDeck","Heirloom","DeadlyEvents","Elite Swarm"],"is_ascension_mode":false,"campfire_choices":[{"data":"Blizzard","floor":6.0,"key":"SMITH"},{"floor":11.0,"key":"REST"},{"data":"Defragment","floor":11.0,"key":"SMITH"},{"floor":15.0,"key":"REST"},{"data":"Defragment","floor":15.0,"key":"SMITH"},{"floor":24.0,"key":"REST"},{"data":"infinitespire:Gouge","floor":24.0,"key":"SMITH"},{"floor":30.0,"key":"REST"},{"data":"Loop","floor":30.0,"key":"SMITH"},{"data":"Capacitor","floor":32.0,"key":"SMITH"},{"floor":40,"key":"REST"},{"data":"Capacitor","floor":40,"key":"SMITH"},{"floor":42,"key":"REST"},{"data":"Barrage","floor":42,"key":"SMITH"},{"data":"Barrage","floor":45,"key":"SMITH"},{"floor":49,"key":"REST"},{"data":"Glacier","floor":49,"key":"SMITH"}],"circlet_count":0,"master_deck":["Barrage+1","Barrage+1","Loop+1","Coolheaded","Capacitor+1","Cold Snap","Blizzard+1","Cold Snap","Glacier+1","Capacitor+1","Defragment+1","Defragment+1","infinitespire:Gouge+1","Capacitor+1"],"relics":["Cracked Core","Hammer of Thor","Seething Fire","Anvil of the Gods","Emotion Chip","infinitespire:Magic Flask","Matryoshka","Bottled Lightning","Nunchaku","Busted Crown","Anchor","Pocketwatch","Toy Ornithopter","infinitespire:Beetle Shell","Girya","Bag of Preparation","Cursed Key","CaptainsWheel","Dream Catcher","MawBank","Boot","Thread and Needle","TheAbacus","Blue Candle"],"acts_visited":["Exordium","TheCity","TheBeyond"],"potions_floor_usage":[50,50,50],"damage_taken":[{"damage":0.0,"enemies":"Cultist","floor":1.0,"turns":3.0},{"damage":7.0,"enemies":"Jaw Worm","floor":4.0,"turns":4.0},{"damage":0.0,"enemies":"Small Slimes","floor":5.0,"turns":4.0},{"damage":8.0,"enemies":"Looter","floor":7.0,"turns":3.0},{"damage":12.0,"enemies":"Lagavulin","floor":8.0,"turns":6.0},{"damage":0.0,"enemies":"Gremlin Nob","floor":10.0,"turns":4.0},{"damage":0.0,"enemies":"2 Fungi Beasts","floor":12.0,"turns":3.0},{"damage":10.0,"enemies":"Lagavulin","floor":13.0,"turns":4.0},{"damage":8.0,"enemies":"Blue Slaver","floor":14.0,"turns":3.0},{"damage":17.0,"enemies":"Slime Boss","floor":16.0,"turns":6.0},{"damage":4.0,"enemies":"3 Byrds","floor":18.0,"turns":4.0},{"damage":11.0,"enemies":"2 Thieves","floor":20.0,"turns":3.0},{"damage":3.0,"enemies":"Shelled Parasite and Fungi","floor":21.0,"turns":4.0},{"damage":0.0,"enemies":"Book of Stabbing","floor":23.0,"turns":4.0},{"damage":0.0,"enemies":"Gremlin Leader","floor":25.0,"turns":5.0},{"damage":0.0,"enemies":"Snake Plant","floor":27.0,"turns":4.0},{"damage":0.0,"enemies":"Book of Stabbing","floor":28.0,"turns":4.0},{"damage":0.0,"enemies":"Sentry and Sphere","floor":29.0,"turns":4.0},{"damage":2.0,"enemies":"Gremlin Leader","floor":31.0,"turns":4.0},{"damage":0.0,"enemies":"Champ","floor":33.0,"turns":8.0},{"damage":15.0,"enemies":"3 Shapes","floor":35.0,"turns":4.0},{"damage":0.0,"enemies":"3 Darklings","floor":36.0,"turns":4.0},{"damage":7.0,"enemies":"infinitespire:Three Voidlings","floor":37.0,"turns":4.0},{"damage":6.0,"enemies":"Nightmare_Alpha","floor":37.0,"turns":10.0},{"damage":14,"enemies":"Writhing Mass","floor":41,"turns":6},{"damage":0,"enemies":"Giant Head","floor":44,"turns":5},{"damage":0,"enemies":"Maw","floor":46,"turns":5},{"damage":49,"enemies":"Reptomancer","floor":48,"turns":4},{"damage":5,"enemies":"Awakened One","floor":50,"turns":7}],"seed_played":"-3844979572014679162","potions_obtained":[{"floor":1.0,"key":"Explosive Potion"},{"floor":7.0,"key":"PotionOfCapacity"},{"floor":8.0,"key":"FearPotion"}],"is_trial":true,"path_per_floor":["M","?","$","M","M","R","M","E","T","E","R","M","E","M","R","B",null,"M","?","M","M","$","E","R","E","T","M","E","M","R","E","R","B",null,"M","M","?","T","?","R","M","R","T","E","R","M","$","E","R","B",null],"character_chosen":"DEFECT","items_purchased":["Defragment","TheAbacus"],"campfire_rested":7,"item_purchase_floors":[3,47],"current_hp_per_floor":[75,68,68,61,61,61,53,41,41,41,63,63,53,45,67,50,75,71,53,42,39,39,39,61,61,61,61,61,61,75,73,73,73,75,60,60,47,47,47,69,55,75,75,75,75,75,75,26,48,58],"gold":868,"neow_bonus":"","is_daily":false,"chose_seed":false,"campfire_upgraded":10,"win_rate":0.0,"timestamp":1613196972,"path_taken":["M","?","$","M","M","R","M","E","T","E","R","?","E","M","R","BOSS","M","?","M","M","$","E","R","E","T","M","E","?","R","E","R","BOSS","M","M","?","?","?","R","M","R","T","E","R","M","$","E","R","BOSS"],"items_purchased_type":["Card","Relic"],"build_version":"2020-12-22","purchased_purges":0,"victory":true,"max_hp_per_floor":[75,75,75,75,75,75,75,75,75,75,75,75,75,75,75,75,75,75,75,75,75,75,75,75,75,75,75,75,75,75,75,75,75,75,75,75,75,75,75,75,75,75,75,75,75,75,75,75,75,75],"card_choices":[{"not_picked":["Hologram","Storm"],"picked":"Capacitor","floor":1.0},{"not_picked":["Melter","Darkness","Double Energy"],"picked":"SKIP","floor":4.0},{"not_picked":["Leap","Hologram","BootSequence"],"picked":"SKIP","floor":5.0},{"not_picked":["Reprogram","Go for the Eyes","Chaos"],"picked":"SKIP","floor":7.0},{"not_picked":["Rainbow","Machine Learning","All For One"],"picked":"SKIP","floor":8.0},{"not_picked":["Meteor Strike","Amplify","Fission"],"picked":"SKIP","floor":10.0},{"not_picked":["Go for the Eyes","Steam","Redo"],"picked":"SKIP","floor":12.0},{"not_picked":["Rainbow","Buffer","Core Surge"],"picked":"SKIP","floor":13.0},{"not_picked":["Heatsinks","Sweeping Beam"],"picked":"Defragment","floor":14.0},{"not_picked":[],"picked":"Cold Snap","floor":18.0},{"not_picked":["infinitespire:FinalStrike","infinitespire:Punishment"],"picked":"infinitespire:Gouge","floor":19.0},{"not_picked":["Aggregate"],"picked":"SKIP","floor":20.0},{"not_picked":["Leap"],"picked":"SKIP","floor":21.0},{"not_picked":["Meteor Strike"],"picked":"SKIP","floor":23.0},{"not_picked":["Echo Form"],"picked":"SKIP","floor":25.0},{"not_picked":["Cold Snap"],"picked":"SKIP","floor":27.0},{"not_picked":["Biased Cognition"],"picked":"SKIP","floor":28.0},{"not_picked":["Leap"],"picked":"SKIP","floor":29.0},{"not_picked":["Biased Cognition"],"picked":"SKIP","floor":31.0},{"not_picked":["Hello World+1"],"picked":"SKIP","floor":35.0},{"not_picked":["Storm+1"],"picked":"SKIP","floor":36.0},{"not_picked":["Turbo"],"picked":"SKIP","floor":41},{"not_picked":["Meteor Strike"],"picked":"SKIP","floor":44},{"not_picked":[],"picked":"Capacitor+1","floor":46},{"not_picked":["Fission"],"picked":"SKIP","floor":48}],"player_experience":587616,"relics_obtained":[{"floor":8.0,"key":"infinitespire:Magic Flask"},{"floor":9.0,"key":"Matryoshka"},{"floor":10.0,"key":"Bottled Lightning"},{"floor":13.0,"key":"Nunchaku"},{"floor":23.0,"key":"Anchor"},{"floor":25.0,"key":"Pocketwatch"},{"floor":26.0,"key":"Toy Ornithopter"},{"floor":26.0,"key":"infinitespire:Beetle Shell"},{"floor":28.0,"key":"Girya"},{"floor":31.0,"key":"Bag of Preparation"},{"floor":37,"key":"CaptainsWheel"},{"floor":38,"key":"Dream Catcher"},{"floor":38,"key":"MawBank"},{"floor":43,"key":"Boot"},{"floor":44,"key":"Thread and Needle"},{"floor":48,"key":"Blue Candle"}],"event_choices":[{"cards_removed":["Self Repair"],"damage_healed":0.0,"max_hp_gain":0.0,"max_hp_loss":0.0,"gold_gain":0.0,"event_name":"Golden Wing","player_choice":"Card Removal","floor":2.0,"gold_loss":0.0,"damage_taken":7.0},{"cards_removed":["Cold Snap"],"damage_healed":0,"gold_gain":0,"player_choice":"Card Removal","damage_taken":7,"max_hp_gain":0,"max_hp_loss":0,"event_name":"Golden Wing","floor":37,"gold_loss":0},{"damage_healed":0,"gold_gain":0,"player_choice":"Ignored","damage_taken":0,"max_hp_gain":0,"max_hp_loss":0,"event_name":"Tomb of Lord Red Mask","floor":39,"gold_loss":0}],"is_beta":false,"boss_relics":[{"not_picked":["Snecko Eye","Velvet Choker"],"picked":"Busted Crown"},{"not_picked":["Empty Cage","Tiny House"],"picked":"Cursed Key"}],"items_purged_floors":[],"is_endless":false,"potions_floor_spawned":[1,7,8,10,12,16,18,20,23,27,29,33,35,36,41,46],"ascension_level":0}}