{"host":"utqe55yv0jihe4d6","time":1613183098,"event":{"mods":["2.2 Compatiblity","AchievementEnabler","BaseMod","Block Reminder","Colored Map","Colored Powertips","Minty Spire (QoL Compilation)","Quick Restart","Rare Cards Sparkle","Relic Stats","SuperFastMode"],"gold_per_floor":[115,30,47,6,21,21,48,24,71,104,124,124,138,138,138,213,213,227,227,106,1,19,19,19,19],"floor_reached":24,"language":"ENG","playtime":831,"items_purged":[],"score":408,"play_id":"68f27ac6-18f3-4ae3-a36c-27e1a7b38c88","local_time":"20210212212458","is_ascension_mode":true,"campfire_choices":[{"data":"Infinite Blades","floor":6.0,"key":"SMITH"},{"floor":12.0,"key":"REST"},{"data":"Malaise","floor":15.0,"key":"SMITH"},{"floor":23,"key":"REST"}],"circlet_count":0,"master_deck":["AscendersBane","Strike_G","Strike_G","Strike_G","Strike_G","Strike_G","Defend_G","Defend_G","Defend_G","Defend_G","Defend_G","Survivor","Neutralize","Dagger Spray","Infinite Blades+1","All Out Attack","Well Laid Plans","Poisoned Stab","Malaise+1","Blade Dance","Corpse Explosion","Venomology","Footwork","Deflect","Cloak And Dagger+1"],"relics":["Ring of the Snake","NeowsBlessing","MealTicket","Blood Vial","Strawberry","SlaversCollar","Matryoshka"],"acts_visited":["Exordium","TheCity"],"potions_floor_usage":[18,22,24],"damage_taken":[{"damage":0.0,"enemies":"Cultist","floor":1.0,"turns":1.0},{"damage":0.0,"enemies":"Small Slimes","floor":3.0,"turns":1.0},{"damage":0.0,"enemies":"2 Louse","floor":5.0,"turns":1.0},{"damage":33.0,"enemies":"Gremlin Nob","floor":7.0,"turns":5.0},{"damage":29.0,"enemies":"Lagavulin","floor":10.0,"turns":8.0},{"damage":18.0,"enemies":"Exordium Wildlife","floor":11.0,"turns":4.0},{"damage":6.0,"enemies":"Red Slaver","floor":13.0,"turns":4.0},{"damage":23.0,"enemies":"Hexaghost","floor":16.0,"turns":12.0},{"damage":31,"enemies":"Chosen","floor":18,"turns":5},{"damage":45,"enemies":"Spheric Guardian","floor":22,"turns":9},{"damage":31,"enemies":"Slavers","floor":24,"turns":2}],"seed_played":"-1376605355426826232","potions_obtained":[{"floor":5.0,"key":"Ancient Potion"},{"floor":7.0,"key":"Explosive Potion"},{"floor":11.0,"key":"Fire Potion"},{"floor":18,"key":"Fruit Juice"},{"floor":22,"key":"SneckoOil"}],"is_trial":false,"path_per_floor":["M","$","M","$","M","R","E","$","T","E","M","R","M","?","R","B",null,"M","?","?","$","M","R","E"],"character_chosen":"THE_SILENT","items_purchased":["Infinite Blades","Well Laid Plans","Blade Dance","Footwork","Deflect"],"campfire_rested":2,"item_purchase_floors":[2,4,8,21,21],"current_hp_per_floor":[59,59,59,59,59,59,26,41,41,21,5,26,22,22,22,1,55,26,26,26,41,3,26,0,0],"gold":19,"neow_bonus":"THREE_ENEMY_KILL","is_daily":false,"chose_seed":false,"campfire_upgraded":2,"win_rate":0.0,"timestamp":1613183098,"path_taken":["M","$","M","$","?","R","E","?","T","E","?","R","M","?","R","BOSS","M","?","?","$","?","R","E"],"items_purchased_type":["Card","Card","Card","Card","Card"],"build_version":"2020-12-22","purchased_purges":0,"victory":false,"max_hp_per_floor":[66,66,66,66,66,66,66,66,66,73,73,73,73,73,73,73,73,73,73,73,73,78,78,78,78],"relic_stats":{"Blood Vial":14,"counters":[11,52],"MealTicket":30,"obtain_stats":[{"Blood Vial":9,"SlaversCollar":17,"Matryoshka":20,"NeowsBlessing":0,"Strawberry":10,"MealTicket":7,"Ring of the Snake":0},{"Blood Vial":4,"SlaversCollar":8,"Matryoshka":9,"NeowsBlessing":0,"Strawberry":5,"MealTicket":4,"Ring of the Snake":0},{"Blood Vial":8,"SlaversCollar":36,"Matryoshka":41,"NeowsBlessing":0,"Strawberry":16,"MealTicket":8,"Ring of the Snake":0}],"Ring of the Snake":[22]},"card_choices":[{"not_picked":["Prepared","Accuracy"],"picked":"Dagger Spray","floor":1.0},{"not_picked":["Expertise","Outmaneuver"],"picked":"All Out Attack","floor":3.0},{"not_picked":["Prepared","Slice"],"picked":"Poisoned Stab","floor":5.0},{"not_picked":["Dagger Throw","Blade Dance"],"picked":"Malaise","floor":7.0},{"not_picked":["Backflip","Deadly Poison"],"picked":"Corpse Explosion","floor":10.0},{"not_picked":["Bane","Outmaneuver","Dodge and Roll"],"picked":"SKIP","floor":11.0},{"not_picked":["Distraction","Dagger Spray","Outmaneuver"],"picked":"SKIP","floor":13.0},{"not_picked":["Die Die Die","A Thousand Cuts"],"picked":"Venomology","floor":16.0},{"not_picked":["All Out Attack","Underhanded Strike","Flying Knee"],"picked":"SKIP","floor":18},{"not_picked":["Underhanded Strike","Poisoned Stab"],"picked":"Cloak And Dagger+1","floor":22}],"player_experience":3065325,"relics_obtained":[{"floor":7.0,"key":"MealTicket"},{"floor":9.0,"key":"Blood Vial"},{"floor":10.0,"key":"Strawberry"}],"event_choices":[{"damage_healed":0.0,"max_hp_gain":0.0,"max_hp_loss":0.0,"gold_gain":0.0,"event_name":"Shining Light","player_choice":"Ignored","floor":14.0,"gold_loss":0.0,"damage_taken":0.0},{"damage_healed":0,"gold_gain":0,"player_choice":"Ignored","damage_taken":0,"max_hp_gain":0,"max_hp_loss":0,"event_name":"The Mausoleum","floor":19,"gold_loss":0},{"damage_healed":0,"gold_gain":0,"player_choice":"Paid Gold","damage_taken":0,"relics_obtained":["Matryoshka"],"max_hp_gain":0,"max_hp_loss":0,"event_name":"WeMeetAgain","floor":20,"gold_loss":121}],"is_beta":false,"boss_relics":[{"not_picked":["Fusion Hammer","Philosopher\u0027s Stone"],"picked":"SlaversCollar"}],"items_purged_floors":[],"is_endless":false,"potions_floor_spawned":[5,7,11,18,22],"killed_by":"Slavers","ascension_level":20}}