{"host":"5y2vm16xfq9gfmb2","time":1613199002,"event":{"mods":["AchievementEnabler","BaseMod","Better Third Choice","Colored Map","Colored Powertips","DeckTracker","Marisa????????","Minty Spire (QoL Compilation)","Rare Cards Sparkle","Relic Stats","StSLib","The Alterego","The Animator","The Marked","The Servant 0.9.4"],"gold_per_floor":[118,47,67,142,36,36,36,36,113,131,131,149,163,163,163,265,265,277,289,3,3,15,15,15],"floor_reached":23,"language":"ENG","playtime":1032,"items_purged":[],"score":190,"play_id":"5d291f33-82b0-41f9-8f3a-f2f120f58253","local_time":"20210213015002","is_ascension_mode":true,"campfire_choices":[{"floor":6,"key":"REST"},{"floor":11,"key":"RECALL"},{"floor":15,"key":"REST"}],"circlet_count":0,"master_deck":["alterego_mod:Strike+1","alterego_mod:Strike+1","alterego_mod:Strike+1","alterego_mod:Defend+1","alterego_mod:Defend+1","alterego_mod:Defend+1","alterego_mod:Defend+1","alterego_mod:Impale","alterego_mod:BigMeatyClaws","alterego_mod:BrynhildrsRune","alterego_mod:Schoolgirl","alterego_mod:Pet","alterego_mod:SakuraFive","alterego_mod:Smother","alterego_mod:Undulate","alterego_mod:BiFurious","alterego_mod:IndependentAction","alterego_mod:Venus","Secret Weapon+1","alterego_mod:Valkyrie+1","alterego_mod:Birthday+1","alterego_mod:Jiggle","alterego_mod:ChallengeComplete","alterego_mod:PresenceConcealment"],"relics":["alterego_mod:MasochisticConstitution","Shuriken","Astrolabe","Ice Cream"],"acts_visited":["Exordium","TheCity"],"potions_floor_usage":[16,16,22],"damage_taken":[{"damage":24,"enemies":"Cultist","floor":1,"turns":6},{"damage":14,"enemies":"Jaw Worm","floor":3,"turns":4},{"damage":0,"enemies":"Small Slimes","floor":10,"turns":3},{"damage":13,"enemies":"Exordium Wildlife","floor":12,"turns":6},{"damage":10,"enemies":"Looter","floor":13,"turns":4},{"damage":20,"enemies":"Hexaghost","floor":16,"turns":8},{"damage":25,"enemies":"2 Thieves","floor":18,"turns":4},{"damage":25,"enemies":"3 Byrds","floor":19,"turns":6},{"damage":45,"enemies":"Snake Plant","floor":22,"turns":5},{"damage":31,"enemies":"Slavers","floor":23,"turns":2}],"seed_played":"69804426765282329","potions_obtained":[{"floor":1,"key":"Strength Potion"},{"floor":13,"key":"Strength Potion"},{"floor":22,"key":"Fruit Juice"}],"is_trial":false,"path_per_floor":["M","$","M","?","$","R","?","$","T","M","R","M","M","?","R","B",null,"M","M","$","?","M","E"],"character_chosen":"The_Alterego","items_purchased":["alterego_mod:SakuraFive","alterego_mod:Undulate","alterego_mod:BiFurious","Ice Cream"],"campfire_rested":2,"item_purchase_floors":[2,5,5,20],"current_hp_per_floor":[47,47,34,23,23,44,44,44,44,44,44,41,41,23,45,28,75,73,59,59,59,23,0,0],"gold":15,"neow_bonus":"TRANSFORM_CARD","is_daily":false,"chose_seed":false,"campfire_upgraded":0,"win_rate":0.0,"timestamp":1613199002,"path_taken":["M","$","?","?","$","R","?","?","T","M","R","M","M","?","R","BOSS","M","M","$","?","M","E"],"items_purchased_type":["Card","Card","Card","Relic"],"build_version":"2020-12-22","purchased_purges":0,"victory":false,"max_hp_per_floor":[71,71,72,72,72,72,72,72,72,72,72,73,74,74,74,75,75,76,77,77,77,83,83,83],"relic_stats":{"counters":[10,48],"Shuriken":[10],"Astrolabe":["Secret Weapon","alterego_mod:Valkyrie","alterego_mod:Birthday"],"obtain_stats":[{"Ice Cream":20,"alterego_mod:MasochisticConstitution":0,"Shuriken":14,"Astrolabe":17},{"Ice Cream":8,"alterego_mod:MasochisticConstitution":0,"Shuriken":5,"Astrolabe":6},{"Ice Cream":41,"alterego_mod:MasochisticConstitution":0,"Shuriken":23,"Astrolabe":31}]},"card_choices":[{"not_picked":["alterego_mod:SakuraPetals","alterego_mod:Mirror"],"picked":"alterego_mod:Pet","floor":1},{"not_picked":["alterego_mod:Table","alterego_mod:MagicResistance"],"picked":"alterego_mod:Smother","floor":3},{"not_picked":["alterego_mod:Punishment","alterego_mod:Pet"],"picked":"alterego_mod:Birthday","floor":10},{"not_picked":["alterego_mod:Support","alterego_mod:Complex"],"picked":"alterego_mod:IndependentAction","floor":12},{"not_picked":["alterego_mod:SuperDuperMasochism","alterego_mod:Maid"],"picked":"alterego_mod:TrashNCrash","floor":13},{"not_picked":["alterego_mod:STier","alterego_mod:TrickOrTreatment"],"picked":"alterego_mod:Venus","floor":16},{"not_picked":["alterego_mod:Bunnysuit","alterego_mod:PerceptionDisorder"],"picked":"alterego_mod:Jiggle","floor":18},{"not_picked":["alterego_mod:Jiggle","alterego_mod:Maid"],"picked":"alterego_mod:ChallengeComplete","floor":19},{"not_picked":["alterego_mod:DustData+1","alterego_mod:Collar"],"picked":"alterego_mod:PresenceConcealment","floor":22}],"player_experience":80233,"relics_obtained":[],"event_choices":[{"damage_healed":0,"gold_gain":75,"player_choice":"Gold","damage_taken":11,"max_hp_gain":0,"max_hp_loss":0,"event_name":"betterThird:BetterGoop","floor":4,"gold_loss":0},{"damage_healed":44,"gold_gain":0,"player_choice":"Embrace Burn","damage_taken":0,"max_hp_gain":0,"max_hp_loss":72,"event_name":"betterThird:BetterShining","floor":7,"gold_loss":0},{"damage_healed":0,"gold_gain":0,"player_choice":"Relic ","damage_taken":18,"max_hp_gain":0,"max_hp_loss":0,"event_name":"betterThird:BetterScrap","floor":14,"gold_loss":0,"cards_obtained":["Doppelganger"]},{"damage_healed":0,"gold_gain":0,"player_choice":"Simplicity","damage_taken":0,"max_hp_gain":0,"max_hp_loss":7,"event_name":"betterThird:BetterWriting","floor":21,"gold_loss":0}],"is_beta":false,"boss_relics":[{"not_picked":["Snecko Eye","Ectoplasm"],"picked":"Astrolabe"}],"items_purged_floors":[],"is_endless":false,"potions_floor_spawned":[1,13,22],"killed_by":"Slavers","ascension_level":1}}