{"host":"59wnhi65kiwmnpg4","time":1613241114,"event":{"mods":["2.2 Compatiblity","AchievementEnabler","BaseMod","BetterRewards","Colored Map","Custom Start","Disable Question Mark Monsters","Highlight Path","Minty Spire (QoL Compilation)","Permanent Neow","Relic Sorter","Relic Stats"],"gold_per_floor":[112,122,140,156,168,168,196,196,251,286,124,124,135,166,166,166,166],"floor_reached":16,"language":"ENG","playtime":3212,"items_purged":["Strike_G"],"score":294,"play_id":"1b04b709-e997-4ec4-b035-f6e4601a596a","local_time":"20210213183154","is_ascension_mode":true,"campfire_choices":[{"floor":6.0,"key":"REST"},{"data":"Catalyst","floor":8,"key":"SMITH"},{"data":"Neutralize","floor":12,"key":"SMITH"},{"data":"Deadly Poison","floor":15,"key":"SMITH"}],"circlet_count":0,"master_deck":["AscendersBane","Strike_G","Strike_G","Strike_G","Strike_G","Defend_G","Defend_G","Defend_G","Defend_G","Defend_G","Survivor","Neutralize+1","Glass Knife","Deadly Poison","Terror","Deadly Poison+1","Blade Dance","Catalyst+1","Endless Agony","PiercingWail","Poisoned Stab","Dodge and Roll","Cloak And Dagger","Prepared"],"relics":["Ring of the Snake","Ninja Scroll","Ancient Tea Set","Gremlin Horn","Juzu Bracelet"],"acts_visited":["Exordium"],"potions_floor_usage":[7,7,14],"damage_taken":[{"damage":2.0,"enemies":"Jaw Worm","floor":1.0,"turns":5.0},{"damage":2.0,"enemies":"Small Slimes","floor":2.0,"turns":3.0},{"damage":0.0,"enemies":"2 Louse","floor":3.0,"turns":2.0},{"damage":6.0,"enemies":"Looter","floor":4.0,"turns":4.0},{"damage":23.0,"enemies":"Exordium Wildlife","floor":5.0,"turns":5.0},{"damage":0,"enemies":"3 Sentries","floor":7,"turns":11},{"damage":8,"enemies":"Gremlin Nob","floor":10,"turns":3},{"damage":0,"enemies":"2 Fungi Beasts","floor":13,"turns":2},{"damage":7,"enemies":"Lagavulin","floor":14,"turns":5},{"damage":27,"enemies":"Slime Boss","floor":16,"turns":9}],"seed_played":"9010472735728979168","potions_obtained":[{"floor":3.0,"key":"Ancient Potion"},{"floor":4.0,"key":"Fire Potion"},{"floor":5.0,"key":"SpeedPotion"},{"floor":10,"key":"Block Potion"}],"is_trial":false,"path_per_floor":["M","M","M","M","M","R","E","R","T","E","$","R","M","E","R","B"],"character_chosen":"THE_SILENT","items_purchased":["Poisoned Stab","Dodge and Roll"],"campfire_rested":1,"item_purchase_floors":[11,11],"current_hp_per_floor":[57,55,55,49,26,44,44,44,44,36,36,36,36,29,29,2,2],"gold":166,"neow_bonus":"THREE_RARE_CARDS","is_daily":false,"chose_seed":false,"campfire_upgraded":3,"win_rate":0.0,"timestamp":1613241114,"path_taken":["M","M","M","M","M","R","E","R","T","E","$","R","M","E","R","BOSS"],"items_purchased_type":["Card","Card"],"build_version":"2020-12-22","purchased_purges":1,"victory":false,"max_hp_per_floor":[60,60,60,60,60,60,60,60,60,60,60,60,60,60,60,60,60],"relic_stats":{"Gremlin Horn":[3,3],"counters":[10,49],"Juzu Bracelet":0,"obtain_stats":[{"Gremlin Horn":10,"Ninja Scroll":7,"Juzu Bracelet":14,"Ancient Tea Set":9,"Ring of the Snake":0},{"Gremlin Horn":7,"Ninja Scroll":6,"Juzu Bracelet":9,"Ancient Tea Set":6,"Ring of the Snake":0},{"Gremlin Horn":33,"Ninja Scroll":30,"Juzu Bracelet":40,"Ancient Tea Set":30,"Ring of the Snake":0}],"Ring of the Snake":[18]},"card_choices":[{"not_picked":["Unload","Tools of the Trade"],"picked":"Glass Knife","floor":0.0},{"not_picked":["Blade Dance","Tactician"],"picked":"Deadly Poison","floor":1.0},{"not_picked":["Calculated Gamble","Sucker Punch"],"picked":"Terror","floor":2.0},{"not_picked":["Blade Dance","Underhanded Strike"],"picked":"Deadly Poison","floor":3.0},{"not_picked":["Storm of Steel","Quick Slash"],"picked":"Blade Dance","floor":4.0},{"not_picked":["Blur","Quick Slash"],"picked":"Catalyst","floor":5.0},{"not_picked":["Sucker Punch","Envenom"],"picked":"Endless Agony","floor":7},{"not_picked":["Noxious Fumes","Outmaneuver"],"picked":"PiercingWail","floor":10},{"not_picked":["Sucker Punch","Acrobatics"],"picked":"Cloak And Dagger","floor":13},{"not_picked":["Bane","Expertise"],"picked":"Prepared","floor":14}],"player_experience":910941,"relics_obtained":[{"floor":7,"key":"Ninja Scroll"},{"floor":9,"key":"Ancient Tea Set"},{"floor":10,"key":"Gremlin Horn"},{"floor":14,"key":"Juzu Bracelet"}],"event_choices":[],"is_beta":false,"boss_relics":[],"items_purged_floors":[11],"is_endless":false,"potions_floor_spawned":[3,4,5,10],"killed_by":"Slime Boss","ascension_level":20}}