{"host":"nia1zwr35jsu5y7h","time":1613206512,"event":{"mods":["2.2 Compatiblity","Abigail Mod","Bard","BaseMod","Colored Map","Conspire","Downfall","Friendly Minions","Hermit","Highlight Path","Hubris","Infinite Spire","Kiyohime????","Koishi","Marisa????????","Minty Spire (QoL Compilation)","Quick Restart","Replay The Spire","Shade Mod","Shop Mod","StSLib","The Animator","The Construct","The Cursed","The Disciple","The Mystic","The Necromancer","The Servant 0.9.4"],"gold_per_floor":[0,20,12,8,21,57,57,157,157,157,177,177,215,235,250,360,360,360,54,54,74,87,105,155,155,173,173,173,173,173,200,218,218,218,218],"floor_reached":33,"language":"ENG","playtime":1704,"items_purged":["Replay:Hysterical Blindness"],"score":341,"play_id":"6f0fe032-8acd-4424-8f42-f5e736daafd4","local_time":"20210213005512","is_ascension_mode":true,"campfire_choices":[{"data":"hexamod:VolcanoVisage","floor":1,"key":"SMITH"},{"data":"hexamod:GiftsFromTheDead","floor":9,"key":"SMITH"},{"data":"hexamod:Float","floor":12,"key":"SMITH"},{"data":"hexamod:TurnItUp","floor":18,"key":"SMITH"},{"data":"hexamod:RainOfEmbers","floor":25,"key":"SMITH"},{"floor":27,"key":"REST"}],"circlet_count":0,"master_deck":["hexamod:Defend","hexamod:Defend","hexamod:Float+1","hexamod:VolcanoVisage+1","hexamod:FirstSeal","hexamod:SecondSeal","hexamod:RainOfEmbers+1","hexamod:GiftsFromTheDead+1","hexamod:GhostOfSpirePast+1","hexamod:FastForward+1","hexamod:StepThrough","hexamod:GhostflameBarrier","hexamod:TurnItUp+1","hexamod:TimeOfNeed","hexamod:EtherealExpedition","hexamod:SixthSeal","hexamod:SpectralSpark","hexamod:SoulSteal+1","hexamod:NightmareStrike+1","hexamod:PowerFromBeyond+1","hexamod:FlamesFromBeyond+1","hexamod:GhostOfSpirePast+1","ReplayTheSpireMod:Black Plague","Bite","Bite","Bite","Bite","Bite+1","Hallucinations","hexamod:HexaLevel","hexamod:FlamesFromBeyond+1"],"relics":["hexamod:SpiritBrand","Replay:Wax Seal","Meat on the Bone","ReplayTheSpireMod:Ring of Collecting","ReplayTheSpireMod:Ring of Exchange","hexamod:InflammatoryLetter","Chemical X","downfall:KnowingSkull","Ring of Fury","Replay:Mystery Machine","Bag of Preparation"],"acts_visited":["Exordium","TheCity"],"potions_floor_usage":[14,21,21,22,23],"damage_taken":[{"damage":8,"enemies":"Small Slimes","floor":2,"turns":3},{"damage":0,"enemies":"downfall:FleeingMerchant","floor":4,"turns":4},{"damage":6,"enemies":"2 Louse","floor":5,"turns":4},{"damage":7,"enemies":"Replay:BlueRogue","floor":6,"turns":6},{"damage":5,"enemies":"conspire:RoseBush","floor":11,"turns":4},{"damage":29,"enemies":"Gremlin Nob","floor":13,"turns":4},{"damage":16,"enemies":"Exordium Thugs","floor":14,"turns":5},{"damage":21,"enemies":"Exordium Wildlife","floor":15,"turns":6},{"damage":30,"enemies":"WA_ARCHETYPE_RETAIN","floor":16,"turns":10},{"damage":10,"enemies":"downfall:FleeingMerchant","floor":19,"turns":4},{"damage":41,"enemies":"3 Byrds","floor":21,"turns":4},{"damage":38,"enemies":"Centurion and Healer","floor":22,"turns":6},{"damage":7,"enemies":"Snecko","floor":23,"turns":5},{"damage":36,"enemies":"Shelled Parasite and Fungi","floor":26,"turns":4},{"damage":17,"enemies":"conspire:Head Lice","floor":31,"turns":4},{"damage":16,"enemies":"Snake Plant","floor":32,"turns":3},{"damage":44,"enemies":"SI_MIRROR_ARCHETYPE","floor":33,"turns":4}],"seed_played":"-8549331748247896613","potions_obtained":[{"floor":6,"key":"Ancient Potion"},{"floor":13,"key":"Weak Potion"},{"floor":14,"key":"ColorlessPotion"},{"floor":15,"key":"hexamod:SoulburnPotion"},{"floor":21,"key":"Regen Potion"},{"floor":22,"key":"Block Potion"},{"floor":26,"key":"Elixir"}],"is_trial":false,"path_per_floor":["R","M","?","$","M","E","T","?","R","?","M","R","E","M","M","B",null,"R","$","?","M","M","M","T","R","M","R","?","?","?","E","M","B"],"character_chosen":"THE_SPIRIT","items_purchased":["hexamod:SixthSeal","hexamod:SpectralSpark","hexamod:SoulSteal"],"campfire_rested":1,"item_purchase_floors":[19,19,19],"current_hp_per_floor":[70,62,55,62,63,63,63,63,63,63,65,65,43,46,44,33,70,70,67,60,31,27,39,39,39,22,43,26,26,26,34,34,0,0,0],"gold":218,"neow_bonus":"THREE_RARE_CARDS","is_daily":false,"chose_seed":false,"campfire_upgraded":5,"win_rate":0.0,"timestamp":1613206512,"path_taken":["R","M","?","$","M","E","T","?","R","?","M","R","E","M","M","BOSS","R","$","?","M","M","M","T","R","?","R","?","?","?","E","M","BOSS"],"items_purchased_type":["Card","Card","Card"],"build_version":"2020-12-22","purchased_purges":1,"victory":false,"max_hp_per_floor":[70,70,70,70,70,70,70,70,70,70,70,70,70,70,70,70,70,70,70,70,70,70,70,70,70,70,70,70,49,49,49,49,49,49,49],"card_choices":[{"not_picked":["hexamod:TimeWarp","hexamod:WildfireWeapon"],"picked":"hexamod:VolcanoVisage","floor":0},{"not_picked":["hexamod:GhostLash","hexamod:RecurringNightmare","hexamod:SwordOfDarkness"],"picked":"SKIP","floor":2},{"not_picked":["hexamod:AdvancingGuard","hexamod:Firestarter"],"picked":"hexamod:RainOfEmbers","floor":4},{"not_picked":["hexamod:ChargedBarrage","hexamod:NightmareStrike"],"picked":"hexamod:GiftsFromTheDead","floor":5},{"not_picked":["hexamod:UnlimitedPower","hexamod:SpectersWail"],"picked":"hexamod:GhostOfSpirePast","floor":6},{"not_picked":["hexamod:Haunt","hexamod:Firestarter"],"picked":"hexamod:FastForward","floor":11},{"not_picked":["hexamod:GhostShield","hexamod:GhostOfSpireFuture"],"picked":"hexamod:StepThrough","floor":13},{"not_picked":["hexamod:BurningTouch","hexamod:ThermalTransfer"],"picked":"hexamod:GhostflameBarrier","floor":14},{"not_picked":["hexamod:HeatMetal","hexamod:RainOfEmbers"],"picked":"hexamod:TurnItUp","floor":15},{"not_picked":["hexamod:GhostOfSpirePresent","hexamod:GhostflameInferno"],"picked":"hexamod:TimeOfNeed","floor":16},{"not_picked":["hexamod:NecessarySacrifice","hexamod:GhostShield"],"picked":"hexamod:EtherealExpedition","floor":19},{"not_picked":["hexamod:PhantomFireball","hexamod:HauntingEcho+1"],"picked":"hexamod:NightmareStrike+1","floor":21},{"not_picked":["hexamod:SpectralAdrenaline","hexamod:GhostLash"],"picked":"hexamod:PowerFromBeyond+1","floor":22},{"not_picked":["hexamod:FastForward","hexamod:BurningTouch"],"picked":"hexamod:FlamesFromBeyond+1","floor":23},{"not_picked":["hexamod:SoulSteal+1","hexamod:Haunt+1"],"picked":"hexamod:GhostOfSpirePast","floor":26},{"not_picked":["infinitespire:Oblivion","infinitespire:Punishment"],"picked":"ReplayTheSpireMod:Black Plague","floor":28},{"not_picked":["hexamod:InspiringFlames","hexamod:SpectralAdrenaline"],"picked":"hexamod:HexaLevel","floor":31},{"not_picked":["hexamod:DynamicBlow","hexamod:SpectersWail"],"picked":"hexamod:FlamesFromBeyond+1","floor":32}],"player_experience":2196239,"relics_obtained":[{"floor":6,"key":"Replay:Wax Seal"},{"floor":7,"key":"Meat on the Bone"},{"floor":10,"key":"ReplayTheSpireMod:Ring of Collecting"},{"floor":10,"key":"ReplayTheSpireMod:Ring of Exchange"},{"floor":13,"key":"hexamod:InflammatoryLetter"},{"floor":24,"key":"Ring of Fury"},{"floor":24,"key":"Replay:Mystery Machine"},{"floor":31,"key":"Bag of Preparation"}],"event_choices":[{"damage_healed":0,"gold_gain":0,"player_choice":"Became a vampire","damage_taken":0,"max_hp_gain":0,"max_hp_loss":21,"event_name":"Vampires","floor":29,"gold_loss":0,"cards_obtained":["Bite","Bite","Bite","Bite","Bite"]}],"is_beta":false,"boss_relics":[{"not_picked":["Empty Cage","Frozen Eye"],"picked":"Chemical X"}],"items_purged_floors":[19],"is_endless":false,"potions_floor_spawned":[6,13,14,15,16,21,22,26],"killed_by":"SI_MIRROR_ARCHETYPE","ascension_level":3}}