{"host":"0unxf5n5bucfuoy7","time":1613252047,"event":{"mods":["Act Like it!","Aspiration","Astrologer","BaseMod","Better Altar","Better Match","Better Note","Better Sensory Stone","Better Third Choice","Better Vampires","Conspire","DeckTracker","Downfall","Elementarium","Friendly Minions","GifTheSpireLib","Hallownest","Hubris","Infinite Spire","Minty Spire (QoL Compilation)","Permanent Neow","Potionbrewer","Quick Restart","Random Character Button","Replay The Spire","Spikes Relics","StSLib","The Bug Knight","The Death Knight","The Exalted","The Hierophant","The Spell Scribe","Transform Curses","Virulent Crown","Wandering Minibosses"],"gold_per_floor":[109,109,166,180,194,229,229,244,326,360,360,92,92,108,108,205,205,215,215,227,227,243,268,268,307,389,422,60,15,26,26,26,26,26],"floor_reached":33,"language":"ENG","playtime":2231,"items_purged":[],"score":381,"play_id":"0bc056e9-82b1-448d-82fe-0dbf57fcc5e6","local_time":"20210213163407","is_ascension_mode":true,"campfire_choices":[{"data":"HollowMod:HerrahsAnger","floor":7.0,"key":"SMITH"},{"data":"HollowMod:theNailsmith","floor":11.0,"key":"SMITH"},{"data":"HollowMod:GreatSlash","floor":15.0,"key":"SMITH"},{"floor":24,"key":"REST"},{"floor":32,"key":"REST"}],"circlet_count":0,"master_deck":["HollowMod:NailStrikeStart","HollowMod:NailStrikeStart","HollowMod:QuickDashStart","HollowMod:QuickDashStart","HollowMod:QuickDashStart","HollowMod:QuickDashStart","HollowMod:FocusHealStart","HollowMod:PogoStrike","HollowMod:HerrahsAnger+1","HollowMod:Weaversong+1","HollowMod:SiblingsSouls+1","HollowMod:QuirrelsAssistance","HollowMod:DashSlash+1","HollowMod:HeavyBlow+1","HollowMod:LifebloodCocoon","HollowMod:CloakDash","HollowMod:theNailsmith+1","HollowMod:GreatSlash+1","Chrysalis+1","HollowMod:DungDefenderAura","HollowMod:MidwifesHunger+1","HollowMod:CoiledNail","HollowMod:GrimmsGift","HollowMod:VengefulSpirit+1","HollowMod:MidwifesHunger","HollowMod:NewJinnsSoul+1","HollowMod:MantisMark","HollowMod:MonomonsArchive+1","HollowMod:HowlingWraiths","HollowMod:SoulShaman","Dagger Spray","Heel Hook","Unload"],"relics":["HollowMod:VesselMask","Replay:Ringing Soul","Ornamental Fan","Matryoshka","Gremlin Food","Bromod:ArcaneEnergize","Replay:Bottled Snecko","Bronze Scales","conspire:DecoderRing","aspiration:FrozenJewel","Bromod:ArcaneMomentum","Bottled Tornado"],"acts_visited":["Exordium","Hallownest:Greenpath"],"potions_floor_usage":[22,30,33],"damage_taken":[{"damage":9.0,"enemies":"Hallownest:2_Baldur","floor":1.0,"turns":3.0},{"damage":2.0,"enemies":"Hallownest:monsterHuskGuard","floor":4.0,"turns":3.0},{"damage":3.0,"enemies":"2_ Uuma","floor":5.0,"turns":4.0},{"damage":11.0,"enemies":"Hallownest:eliteCrystalGuardian","floor":6.0,"turns":5.0},{"damage":0.0,"enemies":"Hallownest:Wandering_and_Horned","floor":8.0,"turns":4.0},{"damage":0.0,"enemies":"Hallownest:eliteVengeflyKing","floor":10.0,"turns":6.0},{"damage":11.0,"enemies":"Hallownest:MossCreep_and_Mosskin","floor":14.0,"turns":5.0},{"damage":51.0,"enemies":"Hallownest:BossBrokenVessel","floor":16.0,"turns":12.0},{"damage":34,"enemies":"Hallownest:Guard_and_Sentry","floor":18,"turns":5},{"damage":3,"enemies":"Hallownest:Flukemon_and_Top","floor":20,"turns":4},{"damage":43,"enemies":"Hallownest:2_Flukemon","floor":22,"turns":7},{"damage":14,"enemies":"Hallownest:Nosk","floor":23,"turns":9},{"damage":21,"enemies":"conspire:MimicChest","floor":25,"turns":8},{"damage":38,"enemies":"Hallownest:eliteWatcherKnight","floor":27,"turns":13},{"damage":8,"enemies":"Hallownest:3_Mistakes","floor":30,"turns":3},{"damage":73,"enemies":"Hallownest:BossGrimm","floor":33,"turns":6}],"seed_played":"6606070973048410593","potions_obtained":[{"floor":1.0,"key":"CultistPotion"},{"floor":3.0,"key":"SpeedPotion"},{"floor":5.0,"key":"potionbrewer:NoxiousPotion"},{"floor":10.0,"key":"potionbrewer:EndurancePotion"},{"floor":16.0,"key":"LifebloodPotion"},{"floor":22,"key":"BlessingOfTheForge"},{"floor":23,"key":"Fire Potion"}],"is_trial":false,"path_per_floor":["M","?","?","M","M","E","R","M","T","E","R","$","?","M","R","B",null,"M","?","M","?","M","E","R","?","T","E","$","?","M","?","R","B"],"character_chosen":"THE_BUGKNIGHT","items_purchased":["HollowMod:GreatSlash","Chrysalis","HollowMod:MonomonsArchive+1","Bottled Tornado","HollowMod:HowlingWraiths"],"campfire_rested":2,"item_purchase_floors":[12,12,28,28,28],"current_hp_per_floor":[66,66,51,52,58,56,56,59,59,62,62,65,65,63,63,27,102,71,71,71,71,41,36,70,58,58,29,32,32,27,30,68,0,0],"gold":26,"neow_bonus":"ONE_RANDOM_RARE_CARD","is_daily":false,"chose_seed":false,"campfire_upgraded":3,"win_rate":0.0,"timestamp":1613252047,"path_taken":["M","?","?","M","M","E","R","?","T","E","R","?","?","M","R","BOSS","M","?","M","?","?","E","R","?","T","E","?","?","M","?","R","BOSS"],"items_purchased_type":["Card","Card","Card","Relic","Card"],"build_version":"2020-12-22","purchased_purges":0,"victory":false,"max_hp_per_floor":[75,75,78,81,84,87,87,90,90,93,93,96,96,99,99,102,102,105,105,108,108,111,114,114,117,117,120,123,123,126,129,129,129,129],"card_choices":[{"not_picked":["HollowMod:SiblingsShadow","HollowMod:SharpenedShadows"],"picked":"HollowMod:SharpenedNail","floor":1.0},{"not_picked":["HollowMod:HerrahsAnger+1","HollowMod:AwokenDreamNail+1"],"picked":"HollowMod:Weaversong+1","floor":2.0},{"not_picked":["HollowMod:SharpenedNail+1","HollowMod:TaintedHusks+1"],"picked":"HollowMod:SiblingsSouls+1","floor":2.0},{"not_picked":["HollowMod:DesolateDive","HollowMod:NewLittleFool"],"picked":"HollowMod:QuirrelsAssistance","floor":3.0},{"not_picked":["HollowMod:SoulSplash","HollowMod:SoulStrike"],"picked":"HollowMod:DashSlash","floor":4.0},{"not_picked":["HollowMod:SiblingsShadow","HollowMod:InfectedCysts"],"picked":"HollowMod:HeavyBlow","floor":5.0},{"not_picked":["HollowMod:InfectionAssault","HollowMod:GoodIntentions"],"picked":"HollowMod:LifebloodCocoon","floor":6.0},{"not_picked":["HollowMod:SharpenedShadows","HollowMod:GoodIntentions"],"picked":"HollowMod:CloakDash","floor":8.0},{"not_picked":["HollowMod:GoodIntentions","HollowMod:SharpenedNail"],"picked":"HollowMod:theNailsmith","floor":10.0},{"not_picked":["HollowMod:FallenFury","HollowMod:MothsMistake"],"picked":"HollowMod:DungDefenderAura","floor":14.0},{"not_picked":["HollowMod:NewInfectedGuardian","HollowMod:Weaversong"],"picked":"HollowMod:MidwifesHunger","floor":16.0},{"not_picked":["HollowMod:LifebloodCocoon","HollowMod:MawleksShell"],"picked":"HollowMod:CoiledNail","floor":18},{"not_picked":["HollowMod:InfectedAttack","HollowMod:CycloneSlash"],"picked":"HollowMod:GrimmsGift","floor":20},{"not_picked":["HollowMod:MonomonsArchive","HollowMod:CornifersMapStart+1"],"picked":"HollowMod:VengefulSpirit+1","floor":22},{"not_picked":["HollowMod:GoodIntentions","HollowMod:MothsMistake"],"picked":"HollowMod:MidwifesHunger","floor":23},{"not_picked":["HollowMod:WraithStrike+1","HollowMod:HeavyBlow"],"picked":"HollowMod:NewJinnsSoul+1","floor":25},{"not_picked":["HollowMod:ShadowDash","HollowMod:LifebloodCocoon"],"picked":"HollowMod:MantisMark","floor":27},{"not_picked":["HollowMod:GoodIntentions","HollowMod:InfectedAttack"],"picked":"HollowMod:SoulShaman","floor":30}],"player_experience":121254,"relics_obtained":[{"floor":3.0,"key":"Replay:Ringing Soul"},{"floor":6.0,"key":"Ornamental Fan"},{"floor":9.0,"key":"Matryoshka"},{"floor":10.0,"key":"Gremlin Food"},{"floor":23,"key":"Replay:Bottled Snecko"},{"floor":25,"key":"Bronze Scales"},{"floor":26,"key":"conspire:DecoderRing"},{"floor":26,"key":"aspiration:FrozenJewel"},{"floor":27,"key":"Bromod:ArcaneMomentum"}],"event_choices":[{"damage_healed":0.0,"max_hp_gain":0.0,"max_hp_loss":0.0,"gold_gain":0.0,"event_name":"betterMatch:BetterMatch","player_choice":"2","floor":2.0,"gold_loss":0.0,"damage_taken":0.0,"cards_obtained":["betterMatch:RareCard","betterMatch:CommonCard"]}],"is_beta":false,"boss_relics":[{"not_picked":["hubris:RunicObelisk","potionbrewer:BhaskarasWheel"],"picked":"Bromod:ArcaneEnergize"}],"items_purged_floors":[],"is_endless":false,"potions_floor_spawned":[1,5,10,16,20,22,23,25],"killed_by":"Hallownest:BossGrimm","ascension_level":1}}