{"host":"w01zow3jg16g8jdh","time":1613225841,"event":{"mods":["2.2 Compatiblity","AchievementEnabler","BaseMod","DeckTracker","Hermit","Keyboard Shortcuts","Marisa£¨Ùöéë¡¡Øª×âÞÞ£©","Minty Spire (QoL Compilation)","Permanent Neow","StSLib","SuperFastMode"],"gold_per_floor":[369,369,129,204,216,216,233,264,287,25,42,56,56,87,87,191,191,202,202,216,72,91,120,120,150,174,208,208,225,245,245,245,342,342,362,380,135,151,161,189,189,203,203,227,227,245,91,118,118,118],"floor_reached":51,"language":"KOR","playtime":949,"items_purged":["Defend_MRS","Strike_MRS"],"score":1263,"play_id":"99612171-5d23-402f-b515-f9a186de7c9a","local_time":"20210213231721","is_ascension_mode":true,"campfire_choices":[{"data":"Apotheosis","floor":6.0,"key":"SMITH"},{"floor":15.0,"key":"REST"},{"floor":24,"key":"REST"},{"floor":28,"key":"REST"},{"floor":32,"key":"REST"},{"floor":45,"key":"REST"},{"data":"MilkyWay","floor":49,"key":"SMITH"}],"circlet_count":0,"master_deck":["Strike_MRS","Defend_MRS","Defend_MRS","Defend_MRS","MasterSpark","UpSweep","Apotheosis+1","Acceleration","ManaRampage","MaximisePower+1","GrandCross","MilkyWay+1","GrandCross","GrandCross","SporeBomb","MilkyWay+1"],"relics":["MiniHakkero","Tiny Chest","Happy Flower","White Beast Statue","RampagingMagicTools","ClockworkSouvenir","Nunchaku","Incense Burner","Omamori","Matryoshka","Akabeko","HandmadeGrimoire","SacredBark","Bag of Preparation","Regal Pillow","Pen Nib","Dream Catcher","Ancient Tea Set","Ginger"],"acts_visited":["Exordium","TheCity","TheBeyond"],"potions_floor_usage":[18,23,23,27,30,30,33,33,39,40,50],"damage_taken":[{"damage":1.0,"enemies":"Cultist","floor":1.0,"turns":3.0},{"damage":2.0,"enemies":"Jaw Worm","floor":5.0,"turns":4.0},{"damage":0.0,"enemies":"2 Louse","floor":7.0,"turns":2.0},{"damage":32.0,"enemies":"Gremlin Nob","floor":8.0,"turns":4.0},{"damage":15.0,"enemies":"Lots of Slimes","floor":11.0,"turns":4.0},{"damage":3.0,"enemies":"Blue Slaver","floor":12.0,"turns":3.0},{"damage":0.0,"enemies":"2 Fungi Beasts","floor":14.0,"turns":2.0},{"damage":14.0,"enemies":"Hexaghost","floor":16.0,"turns":5.0},{"damage":11,"enemies":"2 Thieves","floor":18,"turns":2},{"damage":30,"enemies":"3 Byrds","floor":20,"turns":4},{"damage":0,"enemies":"Snecko","floor":22,"turns":2},{"damage":12,"enemies":"Slavers","floor":23,"turns":4},{"damage":19,"enemies":"Book of Stabbing","floor":25,"turns":3},{"damage":0,"enemies":"Slavers","floor":27,"turns":1},{"damage":8,"enemies":"Centurion and Healer","floor":29,"turns":2},{"damage":0,"enemies":"Snake Plant","floor":30,"turns":1},{"damage":24,"enemies":"Automaton","floor":33,"turns":6},{"damage":11,"enemies":"Orb Walker","floor":35,"turns":3},{"damage":4,"enemies":"3 Shapes","floor":36,"turns":4},{"damage":0,"enemies":"Writhing Mass","floor":38,"turns":1},{"damage":0,"enemies":"Transient","floor":39,"turns":5},{"damage":0,"enemies":"Giant Head","floor":40,"turns":3},{"damage":2,"enemies":"Jaw Worm Horde","floor":42,"turns":2},{"damage":0,"enemies":"Maw","floor":46,"turns":2},{"damage":0,"enemies":"Nemesis","floor":48,"turns":1},{"damage":16,"enemies":"Donu and Deca","floor":50,"turns":3}],"seed_played":"3049816044487569254","potions_obtained":[{"floor":11.0,"key":"ColorlessPotion"},{"floor":12.0,"key":"FearPotion"},{"floor":14.0,"key":"BlessingOfTheForge"},{"floor":16.0,"key":"Ancient Potion"},{"floor":18,"key":"BottledSpark"},{"floor":20,"key":"AttackPotion"},{"floor":23,"key":"SpeedPotion"},{"floor":25,"key":"BlessingOfTheForge"},{"floor":27,"key":"Strength Potion"},{"floor":29,"key":"DuplicationPotion"},{"floor":30,"key":"AttackPotion"},{"floor":33,"key":"Explosive Potion"},{"floor":35,"key":"SkillPotion"},{"floor":36,"key":"BottledSpark"},{"floor":39,"key":"GamblersBrew"},{"floor":40,"key":"Weak Potion"},{"floor":42,"key":"SneckoOil"}],"is_trial":false,"path_per_floor":["M","?","$","?","M","R","M","E","T","$","M","M","?","M","R","B",null,"M","?","M","$","M","E","R","E","T","E","R","M","M","T","R","B",null,"M","M","$","M","M","E","?","M","T","T","R","M","$","E","R","B",null],"character_chosen":"MARISA","items_purchased":["Apotheosis","White Beast Statue","ClockworkSouvenir","Bag of Preparation","Ancient Tea Set"],"campfire_rested":5,"item_purchase_floors":[3,10,21,37,47],"current_hp_per_floor":[67,67,67,56,54,54,54,22,22,22,7,4,4,4,24,10,54,43,43,13,13,13,1,21,2,2,2,22,14,14,14,34,10,54,43,39,39,39,39,39,39,37,37,37,68,68,68,68,68,52],"gold":118,"neow_bonus":"TWO_FIFTY_GOLD","is_daily":false,"chose_seed":false,"campfire_upgraded":2,"win_rate":0.0,"timestamp":1613225841,"path_taken":["M","?","$","?","M","R","M","E","T","$","M","M","?","?","R","BOSS","M","?","M","$","M","E","R","E","T","E","R","M","M","?","R","BOSS","M","M","$","?","M","E","?","?","T","?","R","M","$","E","R","BOSS"],"items_purchased_type":["Card","Relic","Relic","Relic","Relic"],"build_version":"2020-12-22","purchased_purges":2,"victory":true,"max_hp_per_floor":[68,68,68,68,68,68,68,68,68,68,68,68,68,68,68,68,68,68,68,68,68,68,68,68,68,68,68,68,68,68,68,68,68,68,68,68,68,68,68,68,68,68,68,68,68,68,68,68,68,68],"card_choices":[{"not_picked":["AsteroidBelt","DoubleSpark","Occultation"],"picked":"SKIP","floor":1.0},{"not_picked":["IllusionStar","WitchLeyline"],"picked":"Acceleration","floor":5.0},{"not_picked":["AlicesGift","GalacticHalo","DC"],"picked":"SKIP","floor":7.0},{"not_picked":["SporeBomb","EnergyFlow"],"picked":"ManaRampage","floor":8.0},{"not_picked":["GalacticHalo","PowerUp","LuminesStrike"],"picked":"SKIP","floor":11.0},{"not_picked":["Occultation","MachineGunSpark","ChargingUp"],"picked":"SKIP","floor":12.0},{"not_picked":["AlicesGift","StarBarrage","ChargeUpSpray"],"picked":"SKIP","floor":14.0},{"not_picked":["CollectingQuirk","EscapeVelocity"],"picked":"MaximisePower","floor":16.0},{"not_picked":["LuminesStrike","DC","Acceleration+1"],"picked":"SKIP","floor":18},{"not_picked":["PowerUp","ShootingEcho"],"picked":"GrandCross","floor":20},{"not_picked":["DeepEcoloBomb","IllusionStar"],"picked":"MilkyWay","floor":22},{"not_picked":["UnstableBomb","FairyDestructionRay+1"],"picked":"GrandCross","floor":23},{"not_picked":["OortCloud+1","GasGiant","WitchOfGreed+1"],"picked":"SKIP","floor":25},{"not_picked":["WitchOfGreed","MeteoricShower+1","GalacticHalo"],"picked":"SKIP","floor":27},{"not_picked":["DarkMatter","MysteriousBeam"],"picked":"GrandCross","floor":29},{"not_picked":["BigCrunch","GrandCross","DC"],"picked":"SKIP","floor":30},{"not_picked":["PowerUp","WitchLeyline","DC"],"picked":"SKIP","floor":35},{"not_picked":["GrandCross","MeteoricShower"],"picked":"SporeBomb","floor":36},{"not_picked":["EnergyFlow","IllusionStar","GalacticHalo"],"picked":"SKIP","floor":38},{"not_picked":["DoubleSpark","SuperPerseids","MysteriousBeam"],"picked":"SKIP","floor":39},{"not_picked":["SprinkleStarSeal+1","DarkSpark"],"picked":"MilkyWay+1","floor":40},{"not_picked":["NonDirectionalLaser+1","MachineGunSpark+1","SporeBomb"],"picked":"SKIP","floor":42},{"not_picked":["AsteroidBelt+1","DC","RefractionSpark+1"],"picked":"SKIP","floor":46},{"not_picked":["DoubleSpark+1","BinaryStars","6A"],"picked":"SKIP","floor":48}],"player_experience":385618,"relics_obtained":[{"floor":8.0,"key":"Tiny Chest"},{"floor":9.0,"key":"Happy Flower"},{"floor":23,"key":"Nunchaku"},{"floor":25,"key":"Incense Burner"},{"floor":26,"key":"Omamori"},{"floor":27,"key":"Matryoshka"},{"floor":31,"key":"Akabeko"},{"floor":31,"key":"HandmadeGrimoire"},{"floor":40,"key":"Regal Pillow"},{"floor":43,"key":"Pen Nib"},{"floor":44,"key":"Dream Catcher"},{"floor":48,"key":"Ginger"}],"event_choices":[{"cards_removed":["Strike_MRS"],"damage_healed":0.0,"max_hp_gain":0.0,"max_hp_loss":0.0,"gold_gain":0.0,"event_name":"Living Wall","player_choice":"Forget","floor":2.0,"gold_loss":0.0,"damage_taken":0.0},{"damage_healed":0.0,"max_hp_gain":0.0,"max_hp_loss":0.0,"gold_gain":75.0,"event_name":"World of Goop","player_choice":"Gather Gold","floor":4.0,"gold_loss":0.0,"damage_taken":11.0},{"cards_removed":["Strike_MRS"],"damage_healed":0.0,"max_hp_gain":0.0,"max_hp_loss":0.0,"gold_gain":0.0,"event_name":"Purifier","player_choice":"Purged","floor":13.0,"gold_loss":0.0,"damage_taken":0.0},{"damage_healed":0,"gold_gain":0,"player_choice":"Ignored","damage_taken":0,"max_hp_gain":0,"max_hp_loss":0,"event_name":"Ghosts","floor":19,"gold_loss":0},{"damage_healed":0,"gold_gain":0,"player_choice":"Forge","damage_taken":0,"max_hp_gain":0,"max_hp_loss":0,"event_name":"Accursed Blacksmith","floor":41,"gold_loss":0,"cards_upgraded":["MaximisePower"]}],"is_beta":false,"boss_relics":[{"not_picked":["Pandora\u0027s Box","Calling Bell"],"picked":"RampagingMagicTools"},{"not_picked":["Astrolabe","Snecko Eye"],"picked":"SacredBark"}],"items_purged_floors":[3,37],"is_endless":false,"potions_floor_spawned":[11,12,14,16,18,20,22,23,25,27,29,30,33,35,36,38,39,40,42,46,48],"ascension_level":9}}