{"host":"jjunaul04msmo6r1","time":1613195662,"event":{"mods":["BaseMod","Better Third Choice","Booster Modes","Colored Map","Downfall","Minty Spire (QoL Compilation)","Relic Stats","StSLib","UnlockEverythingMod","everything is the same but u backflip on backflip"],"gold_per_floor":[149,162,181,196,104,138,214,228,28,178,207,107,127,127,147,251,251,251,269,280,405,420,420,420,420,452,466,497,507,507,540,553,577,577,577],"floor_reached":33,"language":"ENG","playtime":4459,"items_purged":[],"score":360,"play_id":"719486b5-20cd-4b5b-860b-8d29200689ce","local_time":"20210212225422","is_ascension_mode":true,"campfire_choices":[{"data":"sneckomod:RainOfDice","floor":1,"key":"SMITH"},{"floor":9,"key":"RECALL"},{"data":"sneckomod:MasterEye","floor":12,"key":"SMITH"},{"data":"sneckomod:UnknownX","floor":18,"key":"SMITH"},{"data":"sneckomod:UnknownX","floor":23,"key":"SMITH"},{"data":"sneckomod:UnknownColorless","floor":25,"key":"SMITH"},{"data":"sneckomod:Nope","floor":30,"key":"SMITH"}],"circlet_count":0,"master_deck":["sneckomod:Strike","sneckomod:Strike","sneckomod:Defend+1","sneckomod:Defend","sneckomod:TailWhip","sneckomod:SnekBite","sneckomod:Unknown","sneckomod:Unknown","sneckomod:RainOfDice+1","sneckomod:UnknownX+1","sneckomod:UnendingSupply","sneckomod:UnknownBlock","sneckomod:UnknownDexterity","sneckomod:CheapStock","sneckomod:MasterEye+1","sneckomod:WideSting","downfall:Icky","sneckomod:PureSnecko","sneckomod:Restock","sneckomod:UnknownVulnerable","sneckomod:Transmogrify","sneckomod:QuickMove+1","sneckomod:UnknownDraw+1","sneckomod:MasterEye","sneckomod:UnknownDexterity","sneckomod:UnknownX+1","sneckomod:UnknownColorless+1","sneckomod:UnknownClassRED","sneckomod:Restock","sneckomod:UnknownClassBLUE","sneckomod:Nope+1","sneckomod:GlitteringGambit","sneckomod:UnknownWeak+1"],"relics":["Tiny House","downfall:HeartBlessingGreen","downfall:HeartBlessingBlue","Tiny Chest","downfall:HeartBlessingRed","Snecko Eye","MutagenicStrength","Guardian:PocketSentry","The Courier","White Beast Statue","Vajra","sneckomod:LoadedDie"],"acts_visited":["Exordium","TheCity"],"potions_floor_usage":[8,20,26,28,28,31,33,33,33],"damage_taken":[{"damage":13,"enemies":"Jaw Worm","floor":2,"turns":3},{"damage":0,"enemies":"Small Slimes","floor":3,"turns":2},{"damage":7,"enemies":"Cultist","floor":4,"turns":4},{"damage":0,"enemies":"downfall:FleeingMerchant","floor":5,"turns":4},{"damage":1,"enemies":"Lagavulin","floor":6,"turns":6},{"damage":2,"enemies":"Large Slime","floor":8,"turns":6},{"damage":12,"enemies":"3 Sentries","floor":11,"turns":8},{"damage":0,"enemies":"3 Louse","floor":13,"turns":4},{"damage":4,"enemies":"2 Fungi Beasts","floor":15,"turns":2},{"damage":5,"enemies":"IC_STATUS_ARCHETYPE","floor":16,"turns":6},{"damage":2,"enemies":"Chosen","floor":19,"turns":6},{"damage":3,"enemies":"3 Byrds","floor":20,"turns":4},{"damage":3,"enemies":"downfall:Augmenter","floor":21,"turns":7},{"damage":7,"enemies":"Snake Plant","floor":22,"turns":7},{"damage":18,"enemies":"Book of Stabbing","floor":26,"turns":6},{"damage":3,"enemies":"Chosen and Byrds","floor":27,"turns":7},{"damage":6,"enemies":"Slavers","floor":28,"turns":5},{"damage":10,"enemies":"Snecko","floor":29,"turns":3},{"damage":27,"enemies":"Book of Stabbing","floor":31,"turns":5},{"damage":0,"enemies":"Cultist and Chosen","floor":32,"turns":5},{"damage":66,"enemies":"DF_ARCHETYPE_CLAW","floor":33,"turns":8}],"seed_played":"7739989830897696821","potions_obtained":[{"floor":0,"key":"ColorlessPotion"},{"floor":3,"key":"Explosive Potion"},{"floor":6,"key":"FearPotion"},{"floor":8,"key":"ColorlessPotion"},{"floor":20,"key":"SkillPotion"},{"floor":27,"key":"Regen Potion"},{"floor":31,"key":"EssenceOfSteel"},{"floor":32,"key":"PowerPotion"}],"is_trial":false,"path_per_floor":["R","M","M","M","$","E","T","M","R","?","E","R","M","?","M","B",null,"R","M","M","?","M","R","T","R","E","M","E","M","R","E","M","B"],"character_chosen":"THE_SNECKO","items_purchased":["sneckomod:CheapStock"],"campfire_rested":0,"item_purchase_floors":[5],"current_hp_per_floor":[95,82,82,75,75,74,74,72,82,82,70,70,70,70,66,61,105,105,103,100,97,90,90,90,90,72,69,85,75,75,48,48,0,0,0],"gold":577,"neow_bonus":"BOSS_RELIC","is_daily":false,"chose_seed":false,"campfire_upgraded":6,"win_rate":0.0,"timestamp":1613195662,"path_taken":["R","M","M","M","$","E","T","M","R","?","E","R","M","?","M","BOSS","R","M","M","?","M","R","T","R","E","M","E","M","R","E","M","BOSS"],"items_purchased_type":["Card"],"build_version":"2020-12-22","purchased_purges":0,"victory":false,"max_hp_per_floor":[95,95,95,95,95,95,95,95,105,105,105,105,105,105,105,105,105,105,105,105,105,105,105,105,105,105,105,105,105,105,105,105,105,105,105],"relic_stats":{"counters":[21,106],"Snecko Eye":[119,127,149,125],"Tiny Chest":0,"obtain_stats":[{"Tiny House":0,"downfall:HeartBlessingRed":12,"sneckomod:LoadedDie":32,"Oddly Smooth Stone":24,"Vajra":31,"downfall:HeartBlessingGreen":9,"The Courier":26,"Guardian:PocketSentry":6,"sneckomod:SneckoSoul":0,"White Beast Statue":28,"downfall:HeartBlessingBlue":9,"MutagenicStrength":21,"Snecko Eye":17,"Tiny Chest":11,"Toy Ornithopter":26},{"Tiny House":0,"downfall:HeartBlessingRed":7,"sneckomod:LoadedDie":20,"Oddly Smooth Stone":14,"Vajra":19,"downfall:HeartBlessingGreen":6,"The Courier":15,"Guardian:PocketSentry":5,"sneckomod:SneckoSoul":0,"White Beast Statue":17,"downfall:HeartBlessingBlue":6,"MutagenicStrength":13,"Snecko Eye":10,"Tiny Chest":7,"Toy Ornithopter":15},{"Tiny House":0,"downfall:HeartBlessingRed":33,"sneckomod:LoadedDie":98,"Oddly Smooth Stone":68,"Vajra":93,"downfall:HeartBlessingGreen":25,"The Courier":74,"Guardian:PocketSentry":19,"sneckomod:SneckoSoul":0,"White Beast Statue":86,"downfall:HeartBlessingBlue":25,"MutagenicStrength":61,"Snecko Eye":45,"Tiny Chest":33,"Toy Ornithopter":74}]},"card_choices":[{"not_picked":["sneckomod:DiceBlock","sneckomod:UnknownCommonSkill"],"picked":"sneckomod:RainOfDice","floor":0},{"not_picked":["sneckomod:ImprovisedAttack","sneckomod:RainOfDice"],"picked":"sneckomod:UnknownX","floor":2},{"not_picked":["sneckomod:QuickMove","sneckomod:UnknownCommonSkill"],"picked":"sneckomod:UnendingSupply","floor":3},{"not_picked":["sneckomod:UnknownUncommonAttack","sneckomod:ImprovisedGuard"],"picked":"sneckomod:UnknownBlock","floor":4},{"not_picked":["sneckomod:UnknownUncommonPower","sneckomod:RainOfDice"],"picked":"sneckomod:UnknownDexterity","floor":5},{"not_picked":["sneckomod:UnknownX","sneckomod:UnknownBlock"],"picked":"sneckomod:MasterEye","floor":6},{"not_picked":["sneckomod:ImprovisedGuard","sneckomod:UnknownCommonSkill"],"picked":"sneckomod:WideSting","floor":8},{"not_picked":["sneckomod:MasterEye","sneckomod:UnknownVulnerable"],"picked":"sneckomod:PureSnecko","floor":11},{"not_picked":["sneckomod:MasterEye","sneckomod:UnknownCommonSkill"],"picked":"sneckomod:Restock","floor":13},{"not_picked":["sneckomod:UnknownExhaust","sneckomod:WideSting"],"picked":"sneckomod:UnknownVulnerable","floor":15},{"not_picked":["sneckomod:Mudshield","sneckomod:SoulExchange"],"picked":"sneckomod:Transmogrify","floor":16},{"not_picked":["sneckomod:UnknownCommonAttack","sneckomod:UnknownUncommonPower"],"picked":"sneckomod:QuickMove+1","floor":19},{"not_picked":["sneckomod:QuickBite","sneckomod:UnknownColorless"],"picked":"sneckomod:UnknownDraw+1","floor":20},{"not_picked":["sneckomod:UnknownClassGREEN","sneckomod:UnknownRarePower"],"picked":"sneckomod:UnknownX","floor":21},{"not_picked":["sneckomod:Unknown0Cost","sneckomod:PureSnecko"],"picked":"sneckomod:UnknownColorless","floor":22},{"not_picked":["sneckomod:Rotation","sneckomod:UnknownUncommonPower"],"picked":"sneckomod:UnknownClassRED","floor":26},{"not_picked":["sneckomod:RainOfDice","sneckomod:DiceBlock"],"picked":"sneckomod:Restock","floor":27},{"not_picked":["sneckomod:DiceCrush+1","sneckomod:UnknownExhaust"],"picked":"sneckomod:UnknownClassBLUE","floor":28},{"not_picked":["sneckomod:UnknownCommonAttack","sneckomod:UnknownDexterity"],"picked":"sneckomod:Nope","floor":29},{"not_picked":["sneckomod:DiceBlock","sneckomod:SoulDraw+1"],"picked":"sneckomod:GlitteringGambit","floor":31},{"not_picked":["sneckomod:SoulRoll","sneckomod:TrashToTreasure"],"picked":"sneckomod:UnknownWeak+1","floor":32}],"player_experience":562144,"relics_obtained":[{"floor":6,"key":"Guardian:PocketSentry"},{"floor":11,"key":"Tiny Chest"},{"floor":20,"key":"Guardian:PocketSentry"},{"floor":21,"key":"MutagenicStrength"},{"floor":21,"key":"Guardian:PocketSentry"},{"floor":22,"key":"Guardian:PocketSentry"},{"floor":24,"key":"Oddly Smooth Stone"},{"floor":26,"key":"The Courier"},{"floor":26,"key":"Toy Ornithopter"},{"floor":27,"key":"The Courier"},{"floor":28,"key":"The Courier"},{"floor":28,"key":"White Beast Statue"},{"floor":29,"key":"White Beast Statue"},{"floor":31,"key":"Vajra"},{"floor":31,"key":"Toy Ornithopter"},{"floor":32,"key":"sneckomod:LoadedDie"}],"event_choices":[],"is_beta":false,"boss_relics":[{"not_picked":["Cursed Key","Astrolabe"],"picked":"Snecko Eye"}],"items_purged_floors":[],"is_endless":false,"potions_floor_spawned":[3,6,8,13,15,16,20,22,27,31,32],"killed_by":"DF_ARCHETYPE_CLAW","ascension_level":1}}