{"host":"i4d8tgqbnmcnjm0a","time":1613176914,"event":{"mods":["BaseMod","Keyboard Shortcuts","Minty Spire (QoL Compilation)"],"gold_per_floor":[13,25,37,57,74,88,88,123,171,201,201,238,265,282,282,389,389,415,340,69,97,97,135,163,194,206,218,255,308,320,332,344,356,356],"floor_reached":33,"language":"ENG","playtime":2629,"items_purged":[],"score":389,"play_id":"bfa4dcf8-f403-4b0b-a516-1eac15df297a","local_time":"20210212194154","is_ascension_mode":true,"campfire_choices":[{"data":"Berserk","floor":7,"key":"SMITH"},{"data":"Flex","floor":15,"key":"SMITH"},{"floor":27,"key":"REST"},{"floor":30,"key":"RECALL"},{"data":"Warcry","floor":32,"key":"SMITH"}],"circlet_count":0,"master_deck":["Strike_R","Strike_R","Defend_R+1","Defend_R+1","Bash","Clash","Berserk+1","Warcry+1","Clash","Thunderclap","Reaper","Flex+1","Double Tap","Burning Pact","Thunderclap","Swift Strike","Warcry+1","Anger+1","Iron Wave+1","Flex+1","Iron Wave"],"relics":["Burning Blood","Potion Belt","CeramicFish","War Paint","Ornamental Fan","Empty Cage","Pen Nib","MawBank","Blue Candle","Peace Pipe"],"acts_visited":["Exordium","TheCity"],"potions_floor_usage":[8,16,23,24,29,33],"damage_taken":[{"damage":7,"enemies":"Small Slimes","floor":1,"turns":3},{"damage":2,"enemies":"Jaw Worm","floor":2,"turns":2},{"damage":0,"enemies":"2 Louse","floor":3,"turns":2},{"damage":6,"enemies":"Looter","floor":4,"turns":2},{"damage":1,"enemies":"2 Fungi Beasts","floor":5,"turns":3},{"damage":23,"enemies":"Exordium Wildlife","floor":6,"turns":4},{"damage":8,"enemies":"Gremlin Nob","floor":8,"turns":3},{"damage":35,"enemies":"Lagavulin","floor":12,"turns":4},{"damage":5,"enemies":"Red Slaver","floor":14,"turns":3},{"damage":37,"enemies":"The Guardian","floor":16,"turns":9},{"damage":8,"enemies":"Chosen","floor":18,"turns":2},{"damage":22,"enemies":"3 Byrds","floor":21,"turns":4},{"damage":48,"enemies":"Book of Stabbing","floor":23,"turns":4},{"damage":14,"enemies":"Snake Plant","floor":24,"turns":3},{"damage":18,"enemies":"3 Cultists","floor":25,"turns":3},{"damage":11,"enemies":"Centurion and Healer","floor":28,"turns":5},{"damage":0,"enemies":"Gremlin Leader","floor":29,"turns":4},{"damage":94,"enemies":"Automaton","floor":33,"turns":8}],"seed_played":"-2375753331468126474","potions_obtained":[{"floor":2,"key":"Weak Potion"},{"floor":3,"key":"SpeedPotion"},{"floor":4,"key":"GamblersBrew"},{"floor":5,"key":"BloodPotion"},{"floor":21,"key":"SneckoOil"},{"floor":25,"key":"BlessingOfTheForge"},{"floor":28,"key":"ElixirPotion"},{"floor":29,"key":"SkillPotion"}],"is_trial":false,"path_per_floor":["M","M","M","M","M","M","R","E","T","?","?","E","T","M","R","B",null,"M","?","$","M","?","E","M","M","T","R","M","E","R","?","R","B"],"character_chosen":"IRONCLAD","items_purchased":["Pen Nib","Thunderclap","Swift Strike"],"campfire_rested":1,"item_purchase_floors":[20,20,20],"current_hp_per_floor":[79,80,80,80,80,63,63,61,61,61,61,38,38,45,45,20,80,78,78,78,64,64,34,48,54,54,78,75,80,80,80,80,0,0],"gold":356,"neow_bonus":"REMOVE_TWO","is_daily":false,"chose_seed":false,"campfire_upgraded":3,"win_rate":0.0,"timestamp":1613176914,"path_taken":["M","M","M","M","M","M","R","E","T","?","?","E","?","M","R","BOSS","M","?","$","M","?","E","M","M","T","R","M","E","R","?","R","BOSS"],"items_purchased_type":["Relic","Card","Card"],"build_version":"2020-12-22","purchased_purges":0,"victory":false,"max_hp_per_floor":[80,80,80,80,80,80,80,80,80,80,80,80,80,80,80,80,80,80,80,80,80,80,80,80,80,80,80,80,80,80,80,80,80,80],"card_choices":[{"not_picked":["Body Slam","Pommel Strike"],"picked":"Clash","floor":1},{"not_picked":["Heavy Blade","Power Through"],"picked":"Berserk","floor":2},{"not_picked":["Pommel Strike","Evolve"],"picked":"Warcry","floor":3},{"not_picked":["Havoc","True Grit"],"picked":"Clash","floor":4},{"not_picked":["Limit Break","Whirlwind","Warcry"],"picked":"SKIP","floor":5},{"not_picked":["Feel No Pain","Dark Embrace"],"picked":"Thunderclap","floor":6},{"not_picked":["Whirlwind","Shockwave"],"picked":"Reaper","floor":8},{"not_picked":["Hemokinesis","Armaments"],"picked":"Flex","floor":12},{"not_picked":["True Grit","Whirlwind","Pommel Strike"],"picked":"SKIP","floor":14},{"not_picked":["Fiend Fire","Corruption"],"picked":"Double Tap","floor":16},{"not_picked":["Second Wind","Heavy Blade+1"],"picked":"Burning Pact","floor":18},{"not_picked":["Flame Barrier","Clothesline"],"picked":"Warcry+1","floor":21},{"not_picked":["Armaments+1","Clothesline"],"picked":"Anger+1","floor":23},{"not_picked":["Havoc","Twin Strike","Clothesline"],"picked":"SKIP","floor":24},{"not_picked":["Hemokinesis","Armaments"],"picked":"Iron Wave+1","floor":25},{"not_picked":["Bloodletting+1","Double Tap"],"picked":"Flex+1","floor":28},{"not_picked":["Havoc","Hemokinesis"],"picked":"Iron Wave","floor":29}],"player_experience":291767,"relics_obtained":[{"floor":8,"key":"Potion Belt"},{"floor":9,"key":"CeramicFish"},{"floor":12,"key":"Ornamental Fan"},{"floor":23,"key":"MawBank"},{"floor":26,"key":"Blue Candle"},{"floor":29,"key":"Peace Pipe"}],"event_choices":[{"damage_healed":0,"gold_gain":30,"player_choice":"Searched \u00272\u0027 times","damage_taken":0,"relics_obtained":["War Paint"],"max_hp_gain":0,"max_hp_loss":0,"event_name":"Dead Adventurer","floor":10,"gold_loss":0},{"damage_healed":0,"gold_gain":0,"player_choice":"Ignored","damage_taken":0,"max_hp_gain":0,"max_hp_loss":0,"event_name":"Liars Game","floor":11,"gold_loss":0},{"cards_removed":["Defend_R"],"damage_healed":0,"gold_gain":0,"player_choice":"Gave Gold","damage_taken":0,"max_hp_gain":0,"max_hp_loss":0,"event_name":"Beggar","floor":19,"gold_loss":75},{"damage_healed":0,"gold_gain":0,"player_choice":"Ignored","damage_taken":0,"max_hp_gain":0,"max_hp_loss":0,"event_name":"Vampires","floor":22,"gold_loss":0},{"damage_healed":0,"gold_gain":0,"player_choice":"Ignored","damage_taken":0,"max_hp_gain":0,"max_hp_loss":0,"event_name":"Ghosts","floor":31,"gold_loss":0}],"is_beta":false,"boss_relics":[{"not_picked":["Ectoplasm","Mark of Pain"],"picked":"Empty Cage"}],"items_purged_floors":[],"is_endless":false,"potions_floor_spawned":[2,3,4,5,21,25,28,29],"killed_by":"Automaton","ascension_level":4}}