{"host":"ya94u95moedzeoqz","time":1613183988,"event":{"mods":["100% Spire Juice","2.2 Compatiblity","Abigail Mod","Act Like it!","Aspiration","Bartender","BaseMod","Better Altar","Better Match","Better Note","Better Sensory Stone","Better Skull","Better Third Choice","BetterRewards","Bossed Relics","Energized Spire","Evolution","GifTheSpireLib","KinomotoSakuraMod(????)","Minty Spire (QoL Compilation)","Permanent Neow","Railgun Mod","Reliquary","Replay The Spire","Spicy Shops","Spire Arcade","StSLib","The Alterego","The Forsaken","The Marked","The Senshi","TheSurvivalist","TheVelvet","Yuri Mod"],"gold_per_floor":[114,126,126,141,159,187,394,21,21,21,41,41,41,71,71,168,168,188,201,201,201,201],"floor_reached":21,"language":"ENG","playtime":1918,"items_purged":[],"score":208,"play_id":"91cd5f8f-6ce4-460c-84fd-5a69de3ddeb6","local_time":"20210212213948","is_ascension_mode":true,"campfire_choices":[{"floor":10,"key":"REST"},{"floor":12,"key":"REST"},{"floor":15,"key":"REST"}],"circlet_count":0,"master_deck":["AbbyMod:Keyblade","AbbyMod:Ab_Strike","AbbyMod:Ab_Strike","AbbyMod:Ab_Strike","AbbyMod:Ab_Defend","AbbyMod:Ab_Defend","AbbyMod:Ab_Defend","AbbyMod:FleetingSanity","AbbyMod:ForeheadBeam","AbbyMod:AceInTheHole","AbbyMod:ExposedCore","AbbyMod:Hitomi","AbbyMod:SanityCheck","AbbyMod:FatalEntropy","AbbyMod:InsaneStrike","AbbyMod:ConsumeFlesh","ReplayTheSpireMod:Brewmster","AbbyMod:HolidayWishes","AbbyMod:Takeuchi","AbbyMod:VoidHeretic","AbbyMod:LossOfSanity+1","AbbyMod:PreciousMemories"],"relics":["AbbyMod:Salem_Diary","EVO:Axolotl","aspiration:DSix","ReplayTheSpireMod:Lightbulb","Membership Card","Bag of Preparation","Tiny Chest","aspiration:PoetsPen_weak","Enchiridion"],"acts_visited":["Exordium","TheCity"],"potions_floor_usage":[5,6,14,14,16,16,16,18,18,18],"damage_taken":[{"damage":0,"enemies":"2 Louse","floor":1,"turns":3},{"damage":0,"enemies":"Small Slimes","floor":2,"turns":3},{"damage":1,"enemies":"Jaw Worm","floor":4,"turns":3},{"damage":7,"enemies":"Exordium Wildlife","floor":5,"turns":4},{"damage":11,"enemies":"Replay:BlueRogue","floor":6,"turns":5},{"damage":13,"enemies":"3 Louse","floor":11,"turns":4},{"damage":33,"enemies":"3 Sentries","floor":14,"turns":7},{"damage":8,"enemies":"The Guardian","floor":16,"turns":11},{"damage":10,"enemies":"2 Thieves","floor":18,"turns":4},{"damage":14,"enemies":"Spheric Guardian","floor":19,"turns":3},{"damage":30,"enemies":"Shelled Parasite and Fungi","floor":21,"turns":2}],"seed_played":"-3844872821959725032","potions_obtained":[{"floor":2,"key":"PowerPotion"},{"floor":5,"key":"Weak Potion"},{"floor":11,"key":"Milkshake"}],"is_trial":false,"path_per_floor":["M","M","?","M","M","E","?","$","T","R","M","R","?","E","R","B",null,"M","M","?","M"],"character_chosen":"Ab_Foreigner","items_purchased":["AbbyMod:ConsumeFlesh","Membership Card","Bag of Preparation","ReplayTheSpireMod:Brewmster"],"campfire_rested":3,"item_purchase_floors":[8,8,8,8],"current_hp_per_floor":[60,60,60,59,52,41,17,17,17,35,23,41,47,15,33,26,63,54,41,25,0,0],"gold":201,"neow_bonus":"DSIX","is_daily":false,"chose_seed":false,"campfire_upgraded":0,"win_rate":0.0,"timestamp":1613183988,"path_taken":["M","M","?","M","M","E","?","?","T","R","?","R","?","E","R","BOSS","M","M","?","M"],"items_purchased_type":["Card","Relic","Relic","Card"],"build_version":"2020-12-22","purchased_purges":0,"victory":false,"max_hp_per_floor":[60,60,60,60,60,60,60,60,60,60,61,61,61,62,62,63,63,64,65,65,65,65],"card_choices":[{"not_picked":["AbbyMod:LossOfSanity","AbbyMod:LargeTentacle"],"picked":"AbbyMod:AceInTheHole","floor":1},{"not_picked":["AbbyMod:CloneArmy","AbbyMod:SavingThrow"],"picked":"AbbyMod:ExposedCore","floor":2},{"not_picked":["AbbyMod:TeddyBear","AbbyMod:EyesOfMadness"],"picked":"AbbyMod:Hitomi","floor":4},{"not_picked":["AbbyMod:CloneArmy","AbbyMod:LifeSentence"],"picked":"AbbyMod:SanityCheck","floor":5},{"not_picked":["AbbyMod:ChocoKey","AbbyMod:AceInTheHole"],"picked":"AbbyMod:FatalEntropy","floor":6},{"not_picked":["AbbyMod:Keyblade","AbbyMod:SuperMuscular"],"picked":"AbbyMod:InsaneStrike","floor":7},{"not_picked":["AbbyMod:PreciousMemories","AbbyMod:Kinoko"],"picked":"AbbyMod:HolidayWishes","floor":11},{"not_picked":["AbbyMod:SavingThrow","AbbyMod:WorldStrongest"],"picked":"AbbyMod:Takeuchi","floor":14},{"not_picked":["AbbyMod:Ab_PuppyEyes","AbbyMod:BlackKey"],"picked":"AbbyMod:VoidHeretic","floor":16},{"not_picked":["AbbyMod:AttoSecond","AbbyMod:AdultWords+1"],"picked":"AbbyMod:LossOfSanity+1","floor":18},{"not_picked":["AbbyMod:AlignStars+1","AbbyMod:HeroCreationA+1"],"picked":"AbbyMod:PreciousMemories","floor":19}],"player_experience":540345,"relics_obtained":[{"floor":6,"key":"ReplayTheSpireMod:Lightbulb"},{"floor":14,"key":"Tiny Chest"},{"floor":20,"key":"Enchiridion"}],"event_choices":[{"damage_healed":0,"gold_gain":0,"player_choice":"Obtained Book","damage_taken":16,"max_hp_gain":0,"max_hp_loss":0,"event_name":"Cursed Tome","floor":20,"gold_loss":0}],"is_beta":false,"boss_relics":[{"not_picked":["energizedSpire:SpiderWeb","Fusion Hammer"],"picked":"aspiration:PoetsPen_weak"}],"items_purged_floors":[],"is_endless":false,"potions_floor_spawned":[2,5,11,16],"killed_by":"Shelled Parasite and Fungi","ascension_level":2}}