{"host":"oigynbtg272c19pw","time":1613208484,"event":{"mods":["BaseMod","Colored Map","Minty Spire (QoL Compilation)","Relic Stats","Slay the Relics Exporter","StSLib"],"gold_per_floor":[118,43,43,58,1,28,28,62,62,76,76,93,93,120,120,198,198,198,198],"floor_reached":18,"playtime":1070,"items_purged":["Strike_P"],"score":386,"play_id":"ccaa3a97-54b2-4905-baf0-473590c7882e","local_time":"20210213102804","is_ascension_mode":true,"campfire_choices":[{"data":"WheelKick","floor":7.0,"key":"SMITH"},{"floor":11.0,"key":"DIG"},{"floor":13.0,"key":"DIG"},{"data":"Worship","floor":15.0,"key":"SMITH"}],"circlet_count":0,"master_deck":["AscendersBane","Strike_P","Strike_P","Defend_P","Defend_P","Defend_P","Defend_P","Eruption","Vigilance","CrushJoints","Worship+1","WheelKick+1","ThirdEye","WaveOfTheHand","ClearTheMind","JustLucky","Scrawl"],"relics":["PureWater","Centennial Puzzle","Shovel","Akabeko","Kunai","Lizard Tail","Omamori","Regal Pillow","Odd Mushroom","Black Star"],"acts_visited":["Exordium","TheCity"],"potions_floor_usage":[],"damage_taken":[{"damage":4.0,"enemies":"2 Louse","floor":1.0,"turns":4.0},{"damage":1.0,"enemies":"Cultist","floor":4.0,"turns":3.0},{"damage":28.0,"enemies":"Gremlin Nob","floor":6.0,"turns":4.0},{"damage":0.0,"enemies":"Lagavulin","floor":8.0,"turns":4.0},{"damage":0.0,"enemies":"Jaw Worm","floor":10.0,"turns":2.0},{"damage":0.0,"enemies":"Blue Slaver","floor":12.0,"turns":2.0},{"damage":0.0,"enemies":"The Mushroom Lair","floor":14.0,"turns":3.0},{"damage":21,"enemies":"The Guardian","floor":16,"turns":13},{"damage":0,"enemies":"Shell Parasite","floor":18,"turns":3}],"seed_played":"1720161833256432025","potions_obtained":[{"floor":6.0,"key":"FearPotion"},{"floor":8.0,"key":"DuplicationPotion"},{"floor":10.0,"key":"AttackPotion"},{"floor":16,"key":"Explosive Potion"}],"is_trial":false,"path_per_floor":["M","$","?","M","?","E","R","E","T","M","R","M","R","?","R","B",null,"M"],"character_chosen":"WATCHER","items_purchased":[],"campfire_rested":0,"item_purchase_floors":[],"current_hp_per_floor":[57,57,57,56,56,28,28,28,28,28,28,28,28,28,28,7,53,53,53],"gold":198,"neow_bonus":"RANDOM_COMMON_RELIC","is_daily":false,"chose_seed":false,"campfire_upgraded":2,"win_rate":0.0,"timestamp":1613208484,"path_taken":["M","$","?","M","?","E","R","E","T","?","R","M","R","?","R","BOSS","M"],"items_purchased_type":[],"build_version":"2020-12-13","purchased_purges":1,"victory":false,"max_hp_per_floor":[68,68,68,68,68,68,68,68,68,68,68,68,68,68,68,68,68,68,68],"relic_stats":{"Centennial Puzzle":[12],"Lizard Tail":0,"Regal Pillow":0,"Shovel":2,"counters":[9,38],"Black Star":0,"Kunai":[5],"obtain_stats":[{"Centennial Puzzle":0,"Lizard Tail":9,"Regal Pillow":13,"Shovel":5,"Omamori":11,"Black Star":17,"Kunai":8,"PureWater":0,"Odd Mushroom":14,"Akabeko":6},{"Centennial Puzzle":0,"Lizard Tail":4,"Regal Pillow":6,"Shovel":2,"Omamori":5,"Black Star":8,"Kunai":4,"PureWater":0,"Odd Mushroom":7,"Akabeko":3},{"Centennial Puzzle":0,"Lizard Tail":15,"Regal Pillow":19,"Shovel":7,"Omamori":17,"Black Star":35,"Kunai":15,"PureWater":0,"Odd Mushroom":22,"Akabeko":11}]},"card_choices":[{"not_picked":["EmptyBody","Evaluate"],"picked":"CrushJoints","floor":1.0},{"not_picked":["PathToVictory","Protect"],"picked":"WheelKick","floor":4.0},{"not_picked":["ReachHeaven","WindmillStrike"],"picked":"ThirdEye","floor":6.0},{"not_picked":["FlyingSleeves","Ragnarok"],"picked":"WaveOfTheHand","floor":8.0},{"not_picked":["Indignation","FlyingSleeves","WindmillStrike"],"picked":"SKIP","floor":10.0},{"not_picked":["BowlingBash","WaveOfTheHand"],"picked":"ClearTheMind","floor":12.0},{"not_picked":["Halt","CutThroughFate"],"picked":"JustLucky","floor":14.0},{"not_picked":["Ragnarok","MasterReality"],"picked":"Scrawl","floor":16}],"player_experience":1589619,"relics_obtained":[{"floor":6.0,"key":"Akabeko"},{"floor":8.0,"key":"Kunai"},{"floor":9.0,"key":"Lizard Tail"},{"floor":11.0,"key":"Omamori"},{"floor":13.0,"key":"Regal Pillow"},{"floor":14.0,"key":"Odd Mushroom"}],"event_choices":[{"damage_healed":0.0,"max_hp_gain":0.0,"max_hp_loss":0.0,"gold_gain":0.0,"cards_transformed":["Strike_P"],"event_name":"Living Wall","player_choice":"Change","floor":3.0,"gold_loss":0.0,"damage_taken":0.0,"cards_obtained":["Worship"]},{"damage_healed":0.0,"max_hp_gain":0.0,"max_hp_loss":0.0,"gold_gain":0.0,"event_name":"WeMeetAgain","player_choice":"Paid Gold","floor":5.0,"gold_loss":57.0,"damage_taken":0.0,"relics_obtained":["Shovel"]},{"damage_healed":0.0,"max_hp_gain":0.0,"max_hp_loss":0.0,"gold_gain":0.0,"event_name":"Mushrooms","player_choice":"Fought Mushrooms","floor":14.0,"gold_loss":0.0,"damage_taken":0.0}],"is_beta":false,"boss_relics":[{"not_picked":["Runic Pyramid","Coffee Dripper"],"picked":"Black Star"}],"items_purged_floors":[2],"is_endless":false,"potions_floor_spawned":[6,8,10,12,16],"killed_by":"Shell Parasite","ascension_level":20}}