{"host":"k7udt7atmcuzf6l0","time":1613185734,"event":{"mods":["AchievementEnabler","BaseMod","BetterRewards","Colored Map","Colored Powertips","Highlight Path","Minty Spire (QoL Compilation)","Quick Restart","Rare Cards Sparkle","StSLib","UnlockEverythingMod"],"gold_per_floor":[115,115,133,50,67,93,93,113,113,129,139,139,139,139,139,243,243,263,178,193,48,64,64,77,77,102,102,122,132,144,5,5,106,156,167,11,30,80,80,111,111,130,130,130,150,150,75,0,0,0],"floor_reached":51,"language":"ZHS","playtime":1781,"items_purged":["Strike_R"],"score":754,"play_id":"2eb10860-d1f7-416c-a5af-530adbab469f","local_time":"20210213110854","is_ascension_mode":false,"campfire_choices":[{"data":"Inflame","floor":7.0,"key":"SMITH"},{"data":"Body Slam","floor":12.0,"key":"SMITH"},{"data":"Second Wind","floor":15.0,"key":"SMITH"},{"data":"Corruption","floor":23.0,"key":"SMITH"},{"data":"Feed","floor":25.0,"key":"SMITH"},{"data":"Jack Of All Trades","floor":27.0,"key":"SMITH"},{"data":"Feel No Pain","floor":32.0,"key":"SMITH"},{"data":"Brutality","floor":41,"key":"SMITH"},{"data":"Infernal Blade","floor":44,"key":"SMITH"},{"data":"Deep Breath","floor":46,"key":"SMITH"},{"data":"Twin Strike","floor":49,"key":"SMITH"}],"circlet_count":0,"master_deck":["Strike_R","Strike_R","Strike_R","Strike_R","Defend_R","Defend_R","Defend_R","Defend_R","Bash","Inflame+1","Thunderclap","Jack Of All Trades+1","Second Wind+1","Shrug It Off","Flex+1","Body Slam+1","Feed+1","Clash","Armaments+1","Intimidate+1","Bloodletting","Flame Barrier","Corruption+1","Second Wind+1","Limit Break+1","Twin Strike+1","Feel No Pain+1","Sword Boomerang+1","Deep Breath+1","Brutality+1","Spot Weakness","True Grit+1","Infernal Blade+1","Warcry+1","Sword Boomerang+1","Havoc+1","Battle Trance+1","Sever Soul+1","Blood for Blood+1"],"relics":["Burning Blood","NeowsBlessing","Blue Candle","Mummified Hand","Meat on the Bone","Runic Pyramid","Vajra","Orrery","Juzu Bracelet","Tiny House","Pen Nib","Prayer Wheel","Bag of Marbles","White Beast Statue","Red Mask"],"acts_visited":["Exordium","TheCity","TheBeyond"],"potions_floor_usage":[38,40,45,50,50],"damage_taken":[{"damage":0.0,"enemies":"Small Slimes","floor":1.0,"turns":1.0},{"damage":0.0,"enemies":"Jaw Worm","floor":3.0,"turns":1.0},{"damage":0.0,"enemies":"2 Louse","floor":5.0,"turns":2.0},{"damage":17.0,"enemies":"Gremlin Nob","floor":6.0,"turns":4.0},{"damage":8.0,"enemies":"Red Slaver","floor":8.0,"turns":4.0},{"damage":1.0,"enemies":"Large Slime","floor":10.0,"turns":5.0},{"damage":7.0,"enemies":"Blue Slaver","floor":11.0,"turns":4.0},{"damage":2.0,"enemies":"Slime Boss","floor":16.0,"turns":8.0},{"damage":13.0,"enemies":"2 Thieves","floor":18.0,"turns":4.0},{"damage":8.0,"enemies":"3 Byrds","floor":20.0,"turns":5.0},{"damage":4.0,"enemies":"3 Cultists","floor":22.0,"turns":5.0},{"damage":15.0,"enemies":"Centurion and Healer","floor":24.0,"turns":6.0},{"damage":5.0,"enemies":"Snecko","floor":28.0,"turns":5.0},{"damage":70.0,"enemies":"Cultist and Chosen","floor":29.0,"turns":9.0},{"damage":13.0,"enemies":"Centurion and Healer","floor":30.0,"turns":5.0},{"damage":49.0,"enemies":"Collector","floor":33.0,"turns":7.0},{"damage":10.0,"enemies":"Orb Walker","floor":35.0,"turns":3.0},{"damage":23,"enemies":"3 Shapes","floor":37,"turns":5},{"damage":7,"enemies":"Mind Bloom Boss Battle","floor":38,"turns":5},{"damage":16,"enemies":"Nemesis","floor":40,"turns":7},{"damage":4,"enemies":"Transient","floor":42,"turns":5},{"damage":37,"enemies":"Sphere and 2 Shapes","floor":45,"turns":8},{"damage":38,"enemies":"Donu and Deca","floor":50,"turns":6}],"seed_played":"6816973169927482623","potions_obtained":[{"floor":1.0,"key":"Fire Potion"},{"floor":6.0,"key":"Weak Potion"},{"floor":8.0,"key":"AttackPotion"},{"floor":10.0,"key":"DuplicationPotion"},{"floor":22.0,"key":"FairyPotion"},{"floor":24.0,"key":"Explosive Potion"},{"floor":28.0,"key":"BloodPotion"},{"floor":30.0,"key":"BlessingOfTheForge"},{"floor":34.0,"key":"Strength Potion"},{"floor":37,"key":"Block Potion"},{"floor":40,"key":"SkillPotion"},{"floor":42,"key":"Explosive Potion"},{"floor":45,"key":"Energy Potion"}],"is_trial":false,"path_per_floor":["M","?","M","$","M","E","R","M","T","M","M","R","$","?","R","B",null,"M","?","M","$","M","R","M","R","T","R","M","M","M","$","R","B",null,"M","$","M","?","?","E","R","M","T","R","M","R","$","?","R","B",null],"character_chosen":"IRONCLAD","items_purchased":["Jack Of All Trades","Orrery","Sword Boomerang","Deep Breath","Pen Nib"],"campfire_rested":0,"item_purchase_floors":[4,21,31,31,36],"current_hp_per_floor":[80,68,74,74,80,69,69,67,67,72,71,71,71,71,71,75,80,76,76,77,77,82,82,77,77,77,77,82,54,63,63,63,32,110,106,106,93,96,96,90,90,92,92,92,77,77,77,77,77,61],"gold":0,"neow_bonus":"THREE_ENEMY_KILL","is_daily":false,"chose_seed":false,"campfire_upgraded":11,"win_rate":0.0,"timestamp":1613185734,"path_taken":["M","?","M","$","M","E","R","M","T","M","M","R","$","?","R","BOSS","M","?","M","$","M","R","M","R","T","R","M","M","M","$","R","BOSS","M","$","M","?","?","E","R","M","T","R","M","R","$","?","R","BOSS"],"items_purchased_type":["Card","Relic","Card","Card","Relic"],"build_version":"2020-12-22","purchased_purges":1,"victory":true,"max_hp_per_floor":[80,80,80,80,80,80,80,80,80,80,80,80,80,80,80,80,80,83,83,86,86,89,89,93,93,93,93,97,101,105,105,105,105,110,110,110,114,118,118,122,122,122,122,122,126,126,126,126,126,130],"card_choices":[{"not_picked":["Battle Trance","Heavy Blade"],"picked":"Inflame","floor":1.0},{"not_picked":["Cleave","Shrug It Off"],"picked":"Thunderclap","floor":3.0},{"not_picked":["True Grit","Shrug It Off"],"picked":"Second Wind","floor":5.0},{"not_picked":["Bludgeon","Second Wind","Shrug It Off"],"picked":"SKIP","floor":6.0},{"not_picked":["Warcry","Battle Trance"],"picked":"Shrug It Off","floor":8.0},{"not_picked":["Warcry","Burning Pact"],"picked":"Flex","floor":10.0},{"not_picked":["Impervious","Sever Soul"],"picked":"Body Slam","floor":11.0},{"not_picked":["Offering","Juggernaut"],"picked":"Feed","floor":16.0},{"not_picked":["Spot Weakness","Thunderclap+1"],"picked":"Clash","floor":18.0},{"not_picked":["Twin Strike","Wild Strike"],"picked":"Armaments+1","floor":20.0},{"not_picked":["Body Slam","Clothesline"],"picked":"Intimidate+1","floor":21.0},{"not_picked":["Thunderclap","Spot Weakness"],"picked":"Bloodletting","floor":21.0},{"not_picked":["Headbutt","Perfected Strike"],"picked":"Flame Barrier","floor":21.0},{"not_picked":["Intimidate","Blood for Blood+1"],"picked":"Corruption","floor":21.0},{"not_picked":["Spot Weakness","Uppercut"],"picked":"Second Wind+1","floor":21.0},{"not_picked":["Headbutt","Pommel Strike","Perfected Strike"],"picked":"SKIP","floor":22.0},{"not_picked":["Twin Strike","Cleave","Wild Strike+1"],"picked":"SKIP","floor":24.0},{"not_picked":["Flex","Anger+1"],"picked":"Limit Break","floor":28.0},{"not_picked":["Rage","Flex"],"picked":"Twin Strike","floor":29.0},{"not_picked":["Anger","Bloodletting+1"],"picked":"Feel No Pain","floor":30.0},{"not_picked":["Double Tap","Demon Form"],"picked":"Brutality","floor":33.0},{"not_picked":["Iron Wave","Perfected Strike"],"picked":"Spot Weakness","floor":34.0},{"not_picked":["Anger+1","Spot Weakness"],"picked":"True Grit+1","floor":35.0},{"not_picked":["Rampage","Blood for Blood"],"picked":"Infernal Blade","floor":37},{"not_picked":["Anger","Ghostly Armor+1"],"picked":"Warcry+1","floor":38},{"not_picked":["Carnage","Burning Pact"],"picked":"Sword Boomerang+1","floor":40},{"not_picked":["Sword Boomerang+1","Ghostly Armor+1"],"picked":"Havoc+1","floor":42},{"not_picked":["Flame Barrier","Pummel"],"picked":"Battle Trance+1","floor":42},{"not_picked":["Ghostly Armor+1","Wild Strike"],"picked":"Sever Soul+1","floor":45},{"not_picked":["Intimidate+1","Whirlwind"],"picked":"Blood for Blood+1","floor":45}],"player_experience":113059,"relics_obtained":[{"floor":6.0,"key":"Mummified Hand"},{"floor":9.0,"key":"Meat on the Bone"},{"floor":26.0,"key":"Juzu Bracelet"},{"floor":38,"key":"Prayer Wheel"},{"floor":40,"key":"Bag of Marbles"},{"floor":43,"key":"White Beast Statue"}],"event_choices":[{"damage_healed":0.0,"max_hp_gain":0.0,"max_hp_loss":0.0,"gold_gain":0.0,"event_name":"Scrap Ooze","player_choice":"Success","floor":2.0,"gold_loss":0.0,"damage_taken":12.0,"relics_obtained":["Blue Candle"]},{"damage_healed":0.0,"max_hp_gain":0.0,"max_hp_loss":0.0,"gold_gain":0.0,"event_name":"Living Wall","player_choice":"Grow","floor":14.0,"gold_loss":0.0,"damage_taken":0.0,"cards_upgraded":["Flex"]},{"damage_healed":0.0,"max_hp_gain":0.0,"max_hp_loss":0.0,"gold_gain":0.0,"event_name":"Addict","player_choice":"Obtained Relic","floor":19.0,"gold_loss":85.0,"damage_taken":0.0,"relics_obtained":["Vajra"]},{"damage_healed":0,"gold_gain":0,"player_choice":"Fight","damage_taken":0,"max_hp_gain":0,"max_hp_loss":0,"event_name":"MindBloom","floor":38,"gold_loss":0},{"damage_healed":0,"gold_gain":0,"player_choice":"Upgraded","damage_taken":0,"max_hp_gain":0,"max_hp_loss":0,"event_name":"Upgrade Shrine","floor":39,"gold_loss":0,"cards_upgraded":["Limit Break"]},{"damage_healed":0,"gold_gain":0,"player_choice":"Paid","damage_taken":0,"relics_obtained":["Red Mask"],"max_hp_gain":0,"max_hp_loss":0,"event_name":"Tomb of Lord Red Mask","floor":48,"gold_loss":75}],"is_beta":false,"boss_relics":[{"not_picked":["SlaversCollar","Empty Cage"],"picked":"Runic Pyramid"},{"not_picked":["Fusion Hammer","Cursed Key"],"picked":"Tiny House"}],"items_purged_floors":[47],"is_endless":false,"potions_floor_spawned":[1,6,8,10,22,24,28,30,37,40,42,45],"ascension_level":0}}