{"host":"cfqfeqi6u2qx5u0e","time":1613222566,"event":{"mods":["AchievementEnabler","BaseMod","Minty Spire (QoL Compilation)","Quick Restart","StSLib"],"gold_per_floor":[116,116,47,65,85,85,114,114,139,157,177,202,212,225,225,327,377,392,417,417,342,14,14,14,14,14],"floor_reached":25,"language":"ENG","playtime":1250,"items_purged":[],"score":247,"play_id":"e96e48dd-82ac-43f4-b4f3-5895ade2c6a4","local_time":"20210213052246","is_ascension_mode":true,"campfire_choices":[{"floor":6,"key":"RECALL"},{"floor":8,"key":"REST"},{"floor":15,"key":"REST"},{"floor":23,"key":"REST"}],"circlet_count":0,"master_deck":["Strike_B","Strike_B+1","Strike_B","Defend_B","Defend_B","Defend_B","Defend_B","Zap","Dualcast","Chaos","Genetic Algorithm","Redo","Ball Lightning","FTL+1","Reinforced Body+1","Ball Lightning","FTL","Redo","Thunder Strike","Darkness","Tempest","Compile Driver+1","Defragment+1"],"relics":["Cracked Core","Strawberry","Sundial","Whetstone","Tiny House","Red Mask","Frozen Egg 2","Molten Egg 2"],"acts_visited":["Exordium","TheCity"],"potions_floor_usage":[7,12,12,12,12,12,16,16,17],"damage_taken":[{"damage":1,"enemies":"Cultist","floor":1,"turns":3},{"damage":7,"enemies":"2 Louse","floor":4,"turns":2},{"damage":6,"enemies":"Jaw Worm","floor":5,"turns":3},{"damage":31,"enemies":"Lagavulin","floor":7,"turns":6},{"damage":5,"enemies":"Large Slime","floor":10,"turns":4},{"damage":0,"enemies":"Blue Slaver","floor":11,"turns":2},{"damage":6,"enemies":"3 Sentries","floor":12,"turns":3},{"damage":10,"enemies":"Looter","floor":13,"turns":2},{"damage":0,"enemies":"Large Slime","floor":14,"turns":2},{"damage":19,"enemies":"Slime Boss","floor":16,"turns":7},{"damage":24,"enemies":"Spheric Guardian","floor":18,"turns":4},{"damage":57,"enemies":"Masked Bandits","floor":19,"turns":5},{"damage":48,"enemies":"Gremlin Leader","floor":25,"turns":6}],"seed_played":"-566443806516900429","potions_obtained":[{"floor":5,"key":"Swift Potion"},{"floor":7,"key":"GamblersBrew"},{"floor":11,"key":"EntropicBrew"},{"floor":13,"key":"Fire Potion"},{"floor":14,"key":"DistilledChaos"},{"floor":17,"key":"Fruit Juice"},{"floor":19,"key":"Strength Potion"}],"is_trial":false,"path_per_floor":["M","?","?","M","M","R","E","R","T","M","M","E","M","M","R","B",null,"M","?","?","?","$","R","$","E"],"character_chosen":"DEFECT","items_purchased":["Molten Egg 2","Defragment+1"],"campfire_rested":3,"item_purchase_floors":[22,22],"current_hp_per_floor":[81,81,88,81,75,75,44,70,70,65,65,59,49,49,75,56,99,75,18,18,18,18,47,47,0,0],"gold":14,"neow_bonus":"TEN_PERCENT_HP_BONUS","is_daily":false,"chose_seed":false,"campfire_upgraded":0,"win_rate":0.0,"timestamp":1613222566,"path_taken":["M","?","?","M","M","R","E","R","T","M","M","E","M","?","R","BOSS","M","?","?","?","?","R","?","E"],"items_purchased_type":["Relic","Card"],"build_version":"2020-12-22","purchased_purges":0,"victory":false,"max_hp_per_floor":[82,82,89,89,89,89,89,89,89,89,89,89,89,89,89,89,99,99,99,99,99,99,99,99,99,99],"card_choices":[{"not_picked":["Steam","Redo"],"picked":"Chaos","floor":1},{"not_picked":["Ball Lightning","Barrage"],"picked":"Genetic Algorithm","floor":4},{"not_picked":["Coolheaded","Gash"],"picked":"Redo","floor":5},{"not_picked":["Steam","Coolheaded"],"picked":"Ball Lightning","floor":7},{"not_picked":["Cold Snap","Compile Driver"],"picked":"FTL","floor":10},{"not_picked":["All For One","Go for the Eyes"],"picked":"Reinforced Body","floor":11},{"not_picked":["Rip and Tear","Steam"],"picked":"Ball Lightning","floor":12},{"not_picked":["Leap","Darkness"],"picked":"FTL","floor":13},{"not_picked":["Compile Driver","Rebound"],"picked":"Redo","floor":14},{"not_picked":["Amplify","Seek"],"picked":"Thunder Strike","floor":16},{"not_picked":["Force Field","Hologram"],"picked":"Darkness","floor":17},{"not_picked":["Coolheaded+1","Steam"],"picked":"Tempest","floor":18},{"not_picked":["Reprogram","Undo"],"picked":"Compile Driver+1","floor":19}],"player_experience":54697,"relics_obtained":[{"floor":7,"key":"Sundial"},{"floor":12,"key":"Whetstone"},{"floor":19,"key":"Red Mask"}],"event_choices":[{"damage_healed":0,"gold_gain":0,"player_choice":"Ignored","damage_taken":0,"max_hp_gain":0,"max_hp_loss":0,"event_name":"Golden Wing","floor":2,"gold_loss":0},{"damage_healed":0,"gold_gain":0,"player_choice":"Paid Gold","damage_taken":0,"relics_obtained":["Strawberry"],"max_hp_gain":0,"max_hp_loss":0,"event_name":"WeMeetAgain","floor":3,"gold_loss":69},{"damage_healed":0,"gold_gain":0,"player_choice":"Fought Bandits","damage_taken":0,"max_hp_gain":0,"max_hp_loss":0,"event_name":"Masked Bandits","floor":19,"gold_loss":0},{"damage_healed":0,"gold_gain":0,"player_choice":"Opened","damage_taken":0,"relics_obtained":["Frozen Egg 2"],"max_hp_gain":0,"max_hp_loss":0,"event_name":"The Mausoleum","floor":20,"gold_loss":0},{"cards_removed":["Strike_B"],"damage_healed":0,"gold_gain":0,"player_choice":"Gave Gold","damage_taken":0,"max_hp_gain":0,"max_hp_loss":0,"event_name":"Beggar","floor":21,"gold_loss":75}],"is_beta":false,"boss_relics":[{"not_picked":["Cursed Key","Ectoplasm"],"picked":"Tiny House"}],"items_purged_floors":[],"is_endless":false,"potions_floor_spawned":[5,7,11,13,14,19],"killed_by":"Gremlin Leader","ascension_level":1}}