{"host":"f2zkc2gsfwbibc34","time":1613239148,"event":{"mods":["AchievementEnabler","BaseMod","Better Note","Colored Map","Colored Powertips","Defuse TimeMaze Blight","Minty Spire (QoL Compilation)","Permanent Neow","StSLib","SuperFastMode","The Servant 0.9.4"],"gold_per_floor":[118,118,118,118,139,139,139,139,189,214,214,287,287,115,115,115,115],"floor_reached":16,"language":"ENG","playtime":295,"items_purged":[],"score":99,"play_id":"35427d2b-995c-446a-b205-0e8fd8297738","local_time":"20210213185908","is_ascension_mode":true,"campfire_choices":[{"data":"Exchange","floor":6,"key":"SMITH"},{"data":"Potential","floor":8,"key":"SMITH"},{"data":"KidneyShot","floor":11,"key":"SMITH"},{"data":"MurderousAura","floor":15,"key":"SMITH"}],"circlet_count":0,"master_deck":["Strike_S","Strike_S","Strike_S","Strike_S","Defend_S","Defend_S","Defend_S","Defend_S","KidneyShot+1","Exchange+1","Rearm","ShatteredReality+1","Potential+1","TimeWarp","Contraction","MurderousAura+1","ShatteredReality"],"relics":["Uniform","Pen Nib","Golden Idol","Strawberry","Blue Candle"],"acts_visited":["Exordium"],"potions_floor_usage":[12,16],"damage_taken":[{"damage":12,"enemies":"Jaw Worm","floor":1,"turns":6},{"damage":0,"enemies":"2 Louse","floor":5,"turns":3},{"damage":5,"enemies":"Small Slimes","floor":10,"turns":3},{"damage":7,"enemies":"Gremlin Nob","floor":12,"turns":4},{"damage":55,"enemies":"Slime Boss","floor":16,"turns":8}],"seed_played":"-8096765261584357506","potions_obtained":[{"floor":10,"key":"Block Potion"},{"floor":12,"key":"Strength Potion"}],"is_trial":false,"path_per_floor":["M","?","?","?","M","R","?","R","T","M","R","?","?","$","R","B"],"character_chosen":"THE_SERVANT","items_purchased":["MurderousAura","ShatteredReality"],"campfire_rested":0,"item_purchase_floors":[14,14],"current_hp_per_floor":[53,53,46,30,30,30,30,30,37,32,32,25,49,49,49,0,0],"gold":115,"neow_bonus":"THREE_CARDS","is_daily":false,"chose_seed":false,"campfire_upgraded":4,"win_rate":0.0,"timestamp":1613239148,"path_taken":["M","?","?","?","M","R","?","R","T","?","R","?","?","$","R","BOSS"],"items_purchased_type":["Card","Card"],"build_version":"2020-12-22","purchased_purges":0,"victory":false,"max_hp_per_floor":[65,65,65,65,65,65,65,65,72,72,72,72,72,72,72,72,72],"card_choices":[{"not_picked":["Unruled","FastForward"],"picked":"Rearm","floor":0},{"not_picked":["Rearm","Unruled"],"picked":"ShatteredReality","floor":1},{"not_picked":["StarChef","FastForward"],"picked":"Potential","floor":5},{"not_picked":["Manipulate","Unruled"],"picked":"TimeWarp","floor":10},{"not_picked":["Starlight","Potential"],"picked":"Contraction","floor":12}],"player_experience":110546,"relics_obtained":[{"floor":9,"key":"Strawberry"}],"event_choices":[{"damage_healed":0,"gold_gain":0,"player_choice":"Grow","damage_taken":0,"max_hp_gain":0,"max_hp_loss":0,"event_name":"Living Wall","floor":2,"gold_loss":0,"cards_upgraded":["ShatteredReality"]},{"damage_healed":0,"gold_gain":0,"player_choice":"Success","damage_taken":7,"relics_obtained":["Pen Nib"],"max_hp_gain":0,"max_hp_loss":0,"event_name":"Scrap Ooze","floor":3,"gold_loss":0},{"damage_healed":0,"gold_gain":0,"player_choice":"Take Damage","damage_taken":16,"relics_obtained":["Golden Idol"],"max_hp_gain":0,"max_hp_loss":0,"event_name":"Golden Idol","floor":4,"gold_loss":0},{"damage_healed":0,"gold_gain":0,"player_choice":"Ignored","damage_taken":0,"max_hp_gain":0,"max_hp_loss":0,"event_name":"Liars Game","floor":7,"gold_loss":0},{"damage_healed":0,"gold_gain":0,"player_choice":"Searched \u00273\u0027 times","damage_taken":0,"relics_obtained":["Blue Candle"],"max_hp_gain":0,"max_hp_loss":0,"event_name":"Dead Adventurer","floor":12,"gold_loss":0},{"damage_healed":24,"gold_gain":0,"player_choice":"Banana","damage_taken":0,"max_hp_gain":0,"max_hp_loss":0,"event_name":"Big Fish","floor":13,"gold_loss":0}],"is_beta":false,"boss_relics":[],"items_purged_floors":[],"is_endless":false,"potions_floor_spawned":[10,12],"killed_by":"Slime Boss","ascension_level":3}}