{"host":"mcdusr64esz012l0","time":1613181320,"event":{"mods":["BaseMod","Minty Spire (QoL Compilation)","Relic Stats"],"gold_per_floor":[12,12,33,57,22,63,63,113,113,113,126,150,171,214,214,310,310,324,9,22,42,42,42,66,66,66],"floor_reached":25,"language":"ENG","playtime":1364,"items_purged":["Strike_G"],"score":530,"play_id":"1cbda1b1-781f-4af5-b29f-ff8fed29982a","local_time":"20210212205520","is_ascension_mode":true,"campfire_choices":[{"floor":7,"key":"REST"},{"floor":10,"key":"REST"},{"data":"Night Terror","floor":15,"key":"SMITH"},{"floor":23,"key":"REST"}],"circlet_count":0,"master_deck":["AscendersBane","Strike_G","Strike_G","Defend_G","Defend_G","Defend_G","Defend_G","Defend_G","Survivor","Neutralize","Adrenaline","Leg Sweep","Flying Knee","Deadly Poison","Crippling Poison","Noxious Fumes","Night Terror+1","Backflip","Malaise","Wraith Form v2","Corpse Explosion","Bouncing Flask","Dodge and Roll"],"relics":["Ring of the Snake","Golden Idol","Thread and Needle","HornCleat","Regal Pillow","Empty Cage"],"acts_visited":["Exordium","TheCity"],"potions_floor_usage":[6,16,16,20,25,25],"damage_taken":[{"damage":1,"enemies":"Cultist","floor":1,"turns":4},{"damage":6,"enemies":"Jaw Worm","floor":3,"turns":7},{"damage":0,"enemies":"2 Louse","floor":4,"turns":3},{"damage":49,"enemies":"Lagavulin","floor":6,"turns":10},{"damage":0,"enemies":"Red Slaver","floor":11,"turns":6},{"damage":1,"enemies":"Lots of Slimes","floor":12,"turns":3},{"damage":0,"enemies":"Blue Slaver","floor":13,"turns":4},{"damage":0,"enemies":"3 Sentries","floor":14,"turns":8},{"damage":45,"enemies":"Slime Boss","floor":16,"turns":12},{"damage":2,"enemies":"Chosen","floor":18,"turns":9},{"damage":5,"enemies":"Shell Parasite","floor":20,"turns":7},{"damage":20,"enemies":"Centurion and Healer","floor":21,"turns":8},{"damage":24,"enemies":"Shelled Parasite and Fungi","floor":24,"turns":7},{"damage":31,"enemies":"Gremlin Leader","floor":25,"turns":8}],"seed_played":"7595561069322818482","potions_obtained":[{"floor":3,"key":"SkillPotion"},{"floor":6,"key":"BlessingOfTheForge"},{"floor":11,"key":"LiquidBronze"},{"floor":14,"key":"Fire Potion"},{"floor":16,"key":"Poison Potion"},{"floor":18,"key":"Regen Potion"},{"floor":20,"key":"EssenceOfSteel"}],"is_trial":false,"path_per_floor":["M","?","M","M","?","E","R","?","T","R","M","M","M","E","R","B",null,"M","$","M","M","?","R","M","E"],"character_chosen":"THE_SILENT","items_purchased":["Wraith Form v2","Corpse Explosion"],"campfire_rested":3,"item_purchase_floors":[19,19],"current_hp_per_floor":[58,58,52,52,60,11,29,29,29,47,47,46,46,46,46,1,45,43,43,53,33,33,60,36,5,5],"gold":66,"neow_bonus":"THREE_RARE_CARDS","is_daily":false,"chose_seed":false,"campfire_upgraded":1,"win_rate":0.0,"timestamp":1613181320,"path_taken":["M","?","M","M","?","E","R","?","T","R","M","?","M","E","R","BOSS","M","$","M","?","?","R","M","E"],"items_purchased_type":["Card","Card"],"build_version":"2020-12-22","purchased_purges":1,"victory":false,"max_hp_per_floor":[66,60,60,60,60,60,60,60,60,60,60,60,60,60,60,60,60,60,60,60,60,60,60,60,60,60],"relic_stats":{"Regal Pillow":9,"counters":[14,96],"Golden Idol":72,"obtain_stats":[{"Regal Pillow":14,"HornCleat":9,"Golden Idol":2,"Thread and Needle":6,"Empty Cage":17,"Ring of the Snake":0},{"Regal Pillow":8,"HornCleat":4,"Golden Idol":1,"Thread and Needle":4,"Empty Cage":9,"Ring of the Snake":0},{"Regal Pillow":45,"HornCleat":24,"Golden Idol":4,"Thread and Needle":24,"Empty Cage":57,"Ring of the Snake":0}],"Ring of the Snake":[28]},"card_choices":[{"not_picked":["A Thousand Cuts","Night Terror"],"picked":"Adrenaline","floor":0},{"not_picked":["Backflip","Distraction"],"picked":"Leg Sweep","floor":1},{"not_picked":["Calculated Gamble","PiercingWail"],"picked":"Flying Knee","floor":3},{"not_picked":["Reflex","Sucker Punch"],"picked":"Deadly Poison","floor":4},{"not_picked":["Riddle With Holes","Dagger Spray"],"picked":"Crippling Poison","floor":6},{"not_picked":["Predator","Dodge and Roll"],"picked":"Noxious Fumes","floor":11},{"not_picked":["Blade Dance","Bane"],"picked":"Night Terror","floor":12},{"not_picked":["Backstab","Dagger Spray","Prepared"],"picked":"SKIP","floor":13},{"not_picked":["Leg Sweep","PiercingWail"],"picked":"Backflip","floor":14},{"not_picked":["Unload","A Thousand Cuts"],"picked":"Malaise","floor":16},{"not_picked":["Endless Agony","Dagger Spray","Flechettes+1"],"picked":"SKIP","floor":18},{"not_picked":["Dodge and Roll+1","Quick Slash"],"picked":"Bouncing Flask","floor":20},{"not_picked":["Setup","Underhanded Strike","Quick Slash"],"picked":"SKIP","floor":21},{"not_picked":["Setup","Underhanded Strike","Quick Slash"],"picked":"SKIP","floor":21},{"not_picked":["Caltrops","Riddle With Holes"],"picked":"Dodge and Roll","floor":24}],"player_experience":1056183,"relics_obtained":[{"floor":6,"key":"Thread and Needle"},{"floor":9,"key":"HornCleat"},{"floor":14,"key":"Regal Pillow"}],"event_choices":[{"damage_healed":0,"gold_gain":0,"player_choice":"Lose Max HP","damage_taken":0,"relics_obtained":["Golden Idol"],"max_hp_gain":0,"max_hp_loss":6,"event_name":"Golden Idol","floor":2,"gold_loss":0},{"damage_healed":15,"gold_gain":0,"player_choice":"Healed","damage_taken":0,"max_hp_gain":0,"max_hp_loss":0,"event_name":"The Cleric","floor":5,"gold_loss":35},{"damage_healed":0,"gold_gain":50,"player_choice":"Pray","damage_taken":0,"max_hp_gain":0,"max_hp_loss":0,"event_name":"Golden Shrine","floor":8,"gold_loss":0},{"damage_healed":0,"gold_gain":0,"player_choice":"Ignored","damage_taken":0,"max_hp_gain":0,"max_hp_loss":0,"event_name":"The Mausoleum","floor":22,"gold_loss":0}],"is_beta":false,"boss_relics":[{"not_picked":["Sozu","Coffee Dripper"],"picked":"Empty Cage"}],"items_purged_floors":[19],"is_endless":false,"potions_floor_spawned":[3,6,11,14,16,18,20,24],"killed_by":"Gremlin Leader","ascension_level":20}}