{"host":"19r1ww88x2tc73i0","time":1613208981,"event":{"mods":["BaseMod","BetterRewards","Colored Map","Minty Spire (QoL Compilation)","Relic Stats","StSLib","SuperFastMode","slay the spire mod where everything is the same but ironclad has a cowboy hat"],"gold_per_floor":[212,212,224,242,261,261,288,288,288,320,340,15,42,42,42,116,116,126,142,159,159,109,109,124,134,160,192,117,145,70,83,83,160,160,175,175,189,240,164,198,198,210,210,244,260,291,291,124,124,124,124,124],"floor_reached":51,"language":"ENG","playtime":2742,"items_purged":["Strike_G"],"score":1765,"play_id":"92d9e1c3-e15d-4f50-a6a8-7c511bd89a0c","local_time":"25640213163621","is_ascension_mode":true,"campfire_choices":[{"data":"Deadly Poison","floor":6.0,"key":"SMITH"},{"floor":8.0,"key":"REST"},{"data":"Caltrops","floor":15.0,"key":"SMITH"},{"data":"Phantasmal Killer","floor":23.0,"key":"SMITH"},{"floor":32.0,"key":"REST"},{"floor":41.0,"key":"REST"},{"data":"Leg Sweep","floor":47,"key":"SMITH"},{"floor":49,"key":"RECALL"}],"circlet_count":0,"master_deck":["AscendersBane","Strike_G","Strike_G","Defend_G","Defend_G","Defend_G","Defend_G","Defend_G","Survivor","Neutralize+1","Leg Sweep+1","Adrenaline+1","Deadly Poison+1","Caltrops+1","Phantasmal Killer+1","Outmaneuver+1","Dagger Spray","Crippling Poison+1","Venomology+1","Catalyst+1","Expertise+1","PiercingWail+1","Acrobatics+1","Corpse Explosion+1","Calculated Gamble+1","Adrenaline+1","Tools of the Trade+1","Cloak And Dagger+1","Footwork+1","Burst+1","PiercingWail+1","Deflect+1","Bouncing Flask+1","Deflect+1","Backflip+1","Caltrops+1","Dodge and Roll+1","Bullet Time+1"],"relics":["Ring of the Serpent","FossilizedHelix","Toxic Egg 2","Frozen Egg 2","Ice Cream","Bottled Lightning","Snake Skull","HornCleat","Bag of Marbles","Black Star","StoneCalendar","Gambling Chip","White Beast Statue","Unceasing Top","Anchor","Bottled Tornado","Oddly Smooth Stone","Orrery"],"acts_visited":["Exordium","TheCity","TheBeyond"],"potions_floor_usage":[44,44,45,46,50,51,51,51],"damage_taken":[{"damage":4.0,"enemies":"Small Slimes","floor":1.0,"turns":5.0},{"damage":6.0,"enemies":"Cultist","floor":3.0,"turns":7.0},{"damage":0.0,"enemies":"2 Louse","floor":4.0,"turns":5.0},{"damage":13.0,"enemies":"Gremlin Gang","floor":5.0,"turns":9.0},{"damage":28.0,"enemies":"Gremlin Nob","floor":7.0,"turns":4.0},{"damage":9.0,"enemies":"Lagavulin","floor":10.0,"turns":8.0},{"damage":0.0,"enemies":"Looter","floor":11.0,"turns":4.0},{"damage":5.0,"enemies":"3 Sentries","floor":13.0,"turns":5.0},{"damage":2.0,"enemies":"Hexaghost","floor":16.0,"turns":9.0},{"damage":0.0,"enemies":"Chosen","floor":18.0,"turns":6.0},{"damage":8.0,"enemies":"Spheric Guardian","floor":19.0,"turns":4.0},{"damage":0.0,"enemies":"Cultist and Chosen","floor":20.0,"turns":5.0},{"damage":2.0,"enemies":"Centurion and Healer","floor":24.0,"turns":7.0},{"damage":0.0,"enemies":"Snecko","floor":25.0,"turns":3.0},{"damage":13.0,"enemies":"Slavers","floor":27.0,"turns":3.0},{"damage":4.0,"enemies":"Gremlin Leader","floor":29.0,"turns":4.0},{"damage":0.0,"enemies":"Snake Plant","floor":31.0,"turns":2.0},{"damage":22.0,"enemies":"Automaton","floor":33.0,"turns":8.0},{"damage":0.0,"enemies":"Orb Walker","floor":35.0,"turns":3.0},{"damage":0.0,"enemies":"3 Darklings","floor":37.0,"turns":3.0},{"damage":12.0,"enemies":"2 Orb Walkers","floor":38.0,"turns":3.0},{"damage":11.0,"enemies":"Nemesis","floor":40.0,"turns":7.0},{"damage":8.0,"enemies":"Sphere and 2 Shapes","floor":42.0,"turns":3.0},{"damage":0,"enemies":"Reptomancer","floor":44,"turns":5},{"damage":0,"enemies":"Transient","floor":45,"turns":6},{"damage":0,"enemies":"Giant Head","floor":46,"turns":7},{"damage":0,"enemies":"Time Eater","floor":50,"turns":4},{"damage":65,"enemies":"Awakened One","floor":51,"turns":13}],"seed_played":"7255185285925643125","potions_obtained":[{"floor":1.0,"key":"CunningPotion"},{"floor":7.0,"key":"SneckoOil"},{"floor":13.0,"key":"Explosive Potion"},{"floor":18.0,"key":"GamblersBrew"},{"floor":20.0,"key":"SpeedPotion"},{"floor":29.0,"key":"PowerPotion"},{"floor":33.0,"key":"SkillPotion"},{"floor":38.0,"key":"ColorlessPotion"},{"floor":42.0,"key":"GamblersBrew"},{"floor":44,"key":"PowerPotion"}],"is_trial":false,"path_per_floor":["M","?","M","M","M","R","E","R","T","E","M","$","E","?","R","B",null,"M","M","M","?","?","R","M","M","T","E","?","E","$","M","R","B",null,"M","?","M","?","$","E","R","M","T","E","M","E","R","$","R","B","B"],"character_chosen":"THE_SILENT","items_purchased":["Ice Cream","Footwork+1","Orrery"],"campfire_rested":3,"item_purchase_floors":[12,39,48],"current_hp_per_floor":[55,55,49,49,36,36,8,27,27,18,18,18,13,13,13,11,52,52,44,44,44,44,44,42,42,42,29,29,25,25,25,44,22,55,55,55,55,43,43,32,50,42,42,42,42,42,42,42,42,54,0,0],"gold":124,"neow_bonus":"HUNDRED_GOLD","is_daily":false,"chose_seed":false,"campfire_upgraded":4,"win_rate":0.0,"timestamp":1613208981,"path_taken":["M","?","M","M","M","R","E","R","T","E","?","$","E","?","R","BOSS","M","M","?","?","?","R","?","M","T","E","?","E","$","M","R","BOSS","M","?","M","?","?","E","R","M","T","E","M","E","R","$","R","BOSS","BOSS"],"items_purchased_type":["Relic","Card","Relic"],"build_version":"2020-12-22","purchased_purges":1,"victory":false,"max_hp_per_floor":[66,66,66,66,66,66,66,66,66,66,66,66,66,66,66,66,66,66,66,66,66,66,66,66,66,66,66,66,66,66,66,66,66,66,66,63,63,63,63,63,63,63,63,63,63,63,63,63,63,63,63,63],"relic_stats":{"counters":[28,152],"Gambling Chip":[22],"StoneCalendar":[100],"Snake Skull":[118],"Black Star":3,"obtain_stats":[{"Ice Cream":12,"Oddly Smooth Stone":46,"StoneCalendar":38,"Snake Skull":26,"Frozen Egg 2":10,"Bottled Tornado":46,"White Beast Statue":40,"Anchor":44,"HornCleat":27,"Gambling Chip":40,"Orrery":48,"Bag of Marbles":29,"Black Star":34,"Bottled Lightning":13,"Toxic Egg 2":9,"FossilizedHelix":7,"Ring of the Serpent":17,"Unceasing Top":44,"Ring of the Snake":0},{"Ice Cream":7,"Oddly Smooth Stone":26,"StoneCalendar":21,"Snake Skull":14,"Frozen Egg 2":6,"Bottled Tornado":26,"White Beast Statue":22,"Anchor":24,"HornCleat":15,"Gambling Chip":22,"Orrery":26,"Bag of Marbles":16,"Black Star":18,"Bottled Lightning":8,"Toxic Egg 2":5,"FossilizedHelix":5,"Ring of the Serpent":9,"Unceasing Top":24,"Ring of the Snake":0},{"Ice Cream":42,"Oddly Smooth Stone":135,"StoneCalendar":107,"Snake Skull":81,"Frozen Egg 2":38,"Bottled Tornado":135,"White Beast Statue":114,"Anchor":122,"HornCleat":84,"Gambling Chip":114,"Orrery":135,"Bag of Marbles":88,"Black Star":98,"Bottled Lightning":47,"Toxic Egg 2":30,"FossilizedHelix":30,"Ring of the Serpent":56,"Unceasing Top":122,"Ring of the Snake":0}],"Unceasing Top":[5]},"card_choices":[{"not_picked":["Escape Plan","Outmaneuver"],"picked":"Leg Sweep","floor":1.0},{"not_picked":["Underhanded Strike","PiercingWail"],"picked":"Adrenaline","floor":3.0},{"not_picked":["Bane","Deflect"],"picked":"Deadly Poison","floor":4.0},{"not_picked":["Outmaneuver","Backflip"],"picked":"Caltrops","floor":5.0},{"not_picked":["Outmaneuver","Dagger Spray"],"picked":"Phantasmal Killer","floor":7.0},{"not_picked":["Dagger Throw","Infinite Blades+1"],"picked":"Outmaneuver+1","floor":10.0},{"not_picked":["Heel Hook","Quick Slash"],"picked":"Dagger Spray","floor":11.0},{"not_picked":["Grand Finale","Choke"],"picked":"Crippling Poison+1","floor":13.0},{"not_picked":["Storm of Steel+1","Tools of the Trade+1"],"picked":"Venomology+1","floor":16.0},{"not_picked":["Predator","Bane"],"picked":"Catalyst+1","floor":18.0},{"not_picked":["Outmaneuver+1","Slice"],"picked":"Expertise+1","floor":19.0},{"not_picked":["Sucker Punch","Reflex+1"],"picked":"PiercingWail+1","floor":20.0},{"not_picked":["Escape Plan+1","PiercingWail+1"],"picked":"Acrobatics+1","floor":24.0},{"not_picked":["Finisher","Prepared+1"],"picked":"Corpse Explosion+1","floor":25.0},{"not_picked":["Flechettes","Underhanded Strike"],"picked":"Calculated Gamble+1","floor":27.0},{"not_picked":["Reflex+1","Slice"],"picked":"Adrenaline+1","floor":29.0},{"not_picked":["Deadly Poison+1","Eviscerate","Backstab"],"picked":"SKIP","floor":31.0},{"not_picked":["Corpse Explosion+1","Die Die Die"],"picked":"Tools of the Trade+1","floor":33.0},{"not_picked":["Outmaneuver+1","Expertise+1","Flying Knee"],"picked":"SKIP","floor":35.0},{"not_picked":["Slice","Deadly Poison+1"],"picked":"Cloak And Dagger+1","floor":37.0},{"not_picked":["Deadly Poison+1","Terror+1"],"picked":"Burst+1","floor":40.0},{"not_picked":["Dash","Poisoned Stab"],"picked":"PiercingWail+1","floor":42.0},{"not_picked":["Dagger Throw","Riddle With Holes"],"picked":"Deflect+1","floor":44},{"not_picked":["Bane","Dagger Throw+1"],"picked":"Bouncing Flask+1","floor":45},{"not_picked":["Blade Dance+1","Underhanded Strike","Poisoned Stab"],"picked":"SKIP","floor":46},{"not_picked":["Reflex+1","Dagger Throw"],"picked":"Deflect+1","floor":48},{"not_picked":["Outmaneuver+1","Eviscerate+1"],"picked":"Backflip+1","floor":48},{"not_picked":["Dagger Spray","Predator+1"],"picked":"Caltrops+1","floor":48},{"not_picked":["Deadly Poison+1","Outmaneuver+1"],"picked":"Dodge and Roll+1","floor":48},{"not_picked":["Flying Knee","Sucker Punch"],"picked":"Bullet Time+1","floor":48}],"player_experience":1077700,"relics_obtained":[{"floor":7.0,"key":"FossilizedHelix"},{"floor":9.0,"key":"Toxic Egg 2"},{"floor":10.0,"key":"Frozen Egg 2"},{"floor":13.0,"key":"Bottled Lightning"},{"floor":26.0,"key":"Snake Skull"},{"floor":27.0,"key":"HornCleat"},{"floor":29.0,"key":"Bag of Marbles"},{"floor":38.0,"key":"StoneCalendar"},{"floor":40.0,"key":"Gambling Chip"},{"floor":40.0,"key":"White Beast Statue"},{"floor":44,"key":"Unceasing Top"},{"floor":44,"key":"Anchor"},{"floor":46,"key":"Bottled Tornado"},{"floor":46,"key":"Oddly Smooth Stone"}],"event_choices":[{"damage_healed":0.0,"max_hp_gain":0.0,"max_hp_loss":0.0,"gold_gain":0.0,"event_name":"Accursed Blacksmith","player_choice":"Forge","floor":2.0,"gold_loss":0.0,"damage_taken":0.0,"cards_upgraded":["Neutralize"]},{"cards_removed":["Strike_G"],"damage_healed":0.0,"max_hp_gain":0.0,"max_hp_loss":0.0,"gold_gain":0.0,"event_name":"Bonfire Elementals","player_choice":"Offered Basic","floor":14.0,"gold_loss":0.0,"damage_taken":0.0},{"damage_healed":0.0,"max_hp_gain":0.0,"max_hp_loss":0.0,"gold_gain":0.0,"event_name":"Vampires","player_choice":"Ignored","floor":21.0,"gold_loss":0.0,"damage_taken":0.0},{"damage_healed":0.0,"max_hp_gain":0.0,"max_hp_loss":0.0,"gold_gain":0.0,"event_name":"Designer","player_choice":"Upgrade","floor":22.0,"gold_loss":50.0,"damage_taken":0.0,"cards_upgraded":["Adrenaline"]},{"cards_removed":["Strike_G"],"damage_healed":0.0,"max_hp_gain":0.0,"max_hp_loss":0.0,"gold_gain":0.0,"event_name":"Beggar","player_choice":"Gave Gold","floor":28.0,"gold_loss":75.0,"damage_taken":0.0},{"damage_healed":0.0,"max_hp_gain":0.0,"max_hp_loss":3.0,"gold_gain":0.0,"event_name":"Winding Halls","player_choice":"Max HP","floor":36.0,"gold_loss":0.0,"damage_taken":0.0},{"damage_healed":0.0,"max_hp_gain":0.0,"max_hp_loss":0.0,"gold_gain":0.0,"event_name":"Mysterious Sphere","player_choice":"Fight","floor":38.0,"gold_loss":0.0,"damage_taken":0.0}],"is_beta":false,"boss_relics":[{"not_picked":["WristBlade","Ectoplasm"],"picked":"Ring of the Serpent"},{"not_picked":["Cursed Key","Sozu"],"picked":"Black Star"}],"items_purged_floors":[30],"is_endless":false,"potions_floor_spawned":[1,7,13,18,20,24,29,33,37,38,42,44,45,46],"killed_by":"Awakened One","ascension_level":20}}