{"host":"y76clbnovzmw9ubx","time":1613253138,"event":{"mods":["AchievementEnabler","BaseMod","Minty Spire (QoL Compilation)","Permanent Neow","Relic Stats"],"gold_per_floor":[360,285,285,285,305,337,337,337,337],"floor_reached":8,"language":"ENG","playtime":279,"items_purged":[],"score":108,"play_id":"0ab57b12-d9af-49bb-b2cb-1bef9568c27a","local_time":"20210213165218","is_ascension_mode":true,"campfire_choices":[{"floor":7,"key":"REST"}],"circlet_count":0,"master_deck":["AscendersBane","Strike_G","Strike_G","Strike_G","Strike_G","Defend_G","Defend_G","Defend_G","Defend_G","Defend_G","Survivor","Neutralize","Dagger Spray","Masterful Stab"],"relics":["Ring of the Snake","Ice Cream","Kunai"],"acts_visited":["Exordium"],"potions_floor_usage":[8],"damage_taken":[{"damage":0,"enemies":"Cultist","floor":1,"turns":4},{"damage":0,"enemies":"Small Slimes","floor":5,"turns":4},{"damage":37,"enemies":"3 Sentries","floor":6,"turns":12},{"damage":27,"enemies":"Gremlin Nob","floor":8,"turns":3}],"seed_played":"-2298613094182233400","potions_obtained":[{"floor":5,"key":"Strength Potion"}],"is_trial":false,"path_per_floor":["M","?","?","?","M","E","R","E"],"character_chosen":"THE_SILENT","items_purchased":[],"campfire_rested":1,"item_purchase_floors":[],"current_hp_per_floor":[59,59,24,44,44,7,25,0,0],"gold":337,"neow_bonus":"TWO_FIFTY_GOLD","is_daily":false,"chose_seed":false,"campfire_upgraded":0,"win_rate":0.0,"timestamp":1613253138,"path_taken":["M","?","?","?","M","E","R","E"],"items_purchased_type":[],"build_version":"2020-12-22","purchased_purges":0,"victory":false,"max_hp_per_floor":[60,60,60,60,60,60,60,60,60],"relic_stats":{"counters":[4,23],"Kunai":[1],"obtain_stats":[{"Ice Cream":3,"Kunai":6,"Ring of the Snake":0},{"Ice Cream":1,"Kunai":3,"Ring of the Snake":0},{"Ice Cream":4,"Kunai":20,"Ring of the Snake":0}],"Ring of the Snake":[8]},"card_choices":[{"not_picked":["Infinite Blades","Well Laid Plans"],"picked":"Dagger Spray","floor":1},{"not_picked":["Dash","Catalyst"],"picked":"Masterful Stab","floor":5},{"not_picked":["Tools of the Trade","Crippling Poison","Acrobatics"],"picked":"SKIP","floor":6}],"player_experience":3233990,"relics_obtained":[{"floor":6,"key":"Kunai"}],"event_choices":[{"cards_removed":["Strike_G"],"damage_healed":0,"gold_gain":0,"player_choice":"Card Removal","damage_taken":0,"max_hp_gain":0,"max_hp_loss":0,"event_name":"The Cleric","floor":2,"gold_loss":75},{"damage_healed":0,"gold_gain":0,"player_choice":"Success","damage_taken":35,"relics_obtained":["Ice Cream"],"max_hp_gain":0,"max_hp_loss":0,"event_name":"Scrap Ooze","floor":3,"gold_loss":0},{"damage_healed":20,"gold_gain":0,"player_choice":"Banana","damage_taken":0,"max_hp_gain":0,"max_hp_loss":0,"event_name":"Big Fish","floor":4,"gold_loss":0}],"is_beta":false,"boss_relics":[],"items_purged_floors":[],"is_endless":false,"potions_floor_spawned":[5],"killed_by":"Gremlin Nob","ascension_level":20}}