{"host":"d39t2qzp2z2irjsy","time":1613218291,"event":{"mods":["BaseMod","Marisa£®ÏF”Í°°ƒß¿Ì…≥£©","Minty Spire (QoL Compilation)","StSLib","The Bug Knight","The Cursed","The Servant 0.9.4"],"gold_per_floor":[109,124,140,140,158,158,233,250,250,250,270,62,94,94,94,195,195,207,207,222,222,242,242,242,242],"floor_reached":24,"language":"ZHS","playtime":608,"items_purged":["Strike_R"],"score":198,"play_id":"deaee7f1-518e-414c-a0da-0d3fd968e303","local_time":"20210213201131","is_ascension_mode":false,"campfire_choices":[{"data":"Uppercut","floor":6,"key":"SMITH"},{"floor":15,"key":"REST"},{"floor":23,"key":"REST"}],"circlet_count":0,"master_deck":["Strike_R","Strike_R","Strike_R","Strike_R","Defend_R","Defend_R","Defend_R","Defend_R","Bash","Immolate+1","Whirlwind","Thunderclap","Heavy Blade","Uppercut+1","Twin Strike","Reaper","Cleave","Bludgeon","Limit Break+1","Sword Boomerang","Writhe","Twin Strike"],"relics":["Burning Blood","Nunchaku","Matryoshka","Lantern","Philosopher\u0027s Stone","Toxic Egg 2"],"acts_visited":["Exordium","TheCity"],"potions_floor_usage":[],"damage_taken":[{"damage":3,"enemies":"Small Slimes","floor":1,"turns":2},{"damage":6,"enemies":"Jaw Worm","floor":2,"turns":3},{"damage":0,"enemies":"Cultist","floor":3,"turns":2},{"damage":14,"enemies":"Blue Slaver","floor":5,"turns":3},{"damage":0,"enemies":"2 Fungi Beasts","floor":8,"turns":1},{"damage":11,"enemies":"Lots of Slimes","floor":11,"turns":2},{"damage":27,"enemies":"3 Sentries","floor":13,"turns":3},{"damage":56,"enemies":"The Guardian","floor":16,"turns":7},{"damage":23,"enemies":"Spheric Guardian","floor":18,"turns":4},{"damage":22,"enemies":"2 Thieves","floor":20,"turns":2},{"damage":33,"enemies":"Sentry and Sphere","floor":22,"turns":4},{"damage":47,"enemies":"Slavers","floor":24,"turns":2}],"seed_played":"-669955061857478388","potions_obtained":[{"floor":1,"key":"Explosive Potion"},{"floor":2,"key":"Fire Potion"},{"floor":8,"key":"SteroidPotion"}],"is_trial":false,"path_per_floor":["M","M","M","?","M","R","?","M","T","T","M","$","E","$","R","B",null,"M","?","M","?","M","R","E"],"character_chosen":"IRONCLAD","items_purchased":["Reaper","Cleave"],"campfire_rested":2,"item_purchase_floors":[12,12],"current_hp_per_floor":[59,59,65,65,57,57,46,52,52,52,47,47,38,38,62,12,80,63,63,47,47,20,44,0,0],"gold":242,"neow_bonus":"THREE_RARE_CARDS","is_daily":false,"chose_seed":false,"campfire_upgraded":1,"win_rate":0.0,"timestamp":1613218291,"path_taken":["M","M","M","?","M","R","?","M","T","?","?","$","E","?","R","BOSS","M","?","M","?","M","R","E"],"items_purchased_type":["Card","Card"],"build_version":"2020-12-22","purchased_purges":1,"victory":false,"max_hp_per_floor":[80,80,80,80,80,80,80,80,80,80,80,80,80,80,80,80,80,80,80,80,80,80,80,80,80],"card_choices":[{"not_picked":["Reaper","Double Tap"],"picked":"Immolate","floor":0},{"not_picked":["Hemokinesis","Body Slam"],"picked":"Whirlwind","floor":1},{"not_picked":["Disarm","Sword Boomerang"],"picked":"Thunderclap","floor":2},{"not_picked":["Warcry","Searing Blow"],"picked":"Heavy Blade","floor":3},{"not_picked":["Battle Trance","Headbutt"],"picked":"Uppercut","floor":5},{"not_picked":["Combust","Body Slam","Clothesline"],"picked":"SKIP","floor":8},{"not_picked":["Flame Barrier","Searing Blow"],"picked":"Twin Strike","floor":11},{"not_picked":["Iron Wave","Spot Weakness"],"picked":"Bludgeon","floor":13},{"not_picked":["Offering","Feed"],"picked":"Limit Break","floor":16},{"not_picked":["Warcry","Dropkick+1"],"picked":"Sword Boomerang","floor":18},{"not_picked":["Blood for Blood","Pommel Strike"],"picked":"Twin Strike","floor":20},{"not_picked":["Iron Wave+1","Warcry+1","Dropkick"],"picked":"SKIP","floor":22}],"player_experience":17353,"relics_obtained":[{"floor":9,"key":"Nunchaku"},{"floor":10,"key":"Matryoshka"},{"floor":13,"key":"Lantern"}],"event_choices":[{"damage_healed":0,"gold_gain":0,"player_choice":"Grow","damage_taken":0,"max_hp_gain":0,"max_hp_loss":0,"event_name":"Living Wall","floor":4,"gold_loss":0,"cards_upgraded":["Immolate"]},{"damage_healed":0,"gold_gain":75,"player_choice":"Gather Gold","damage_taken":11,"max_hp_gain":0,"max_hp_loss":0,"event_name":"World of Goop","floor":7,"gold_loss":0},{"damage_healed":0,"gold_gain":0,"player_choice":"Opened","damage_taken":0,"relics_obtained":["Toxic Egg 2"],"max_hp_gain":0,"max_hp_loss":0,"event_name":"The Mausoleum","floor":19,"gold_loss":0,"cards_obtained":["Writhe"]},{"damage_healed":0,"gold_gain":0,"player_choice":"Upgraded","damage_taken":0,"max_hp_gain":0,"max_hp_loss":0,"event_name":"Upgrade Shrine","floor":21,"gold_loss":0,"cards_upgraded":["Limit Break"]}],"is_beta":false,"boss_relics":[{"not_picked":["Coffee Dripper","SacredBark"],"picked":"Philosopher\u0027s Stone"}],"items_purged_floors":[12],"is_endless":false,"potions_floor_spawned":[1,2,8,20],"killed_by":"Slavers","ascension_level":0}}