{"host":"xi9hztp74zq5zdao","time":1613191528,"event":{"mods":["BaseMod","Colored Map","Downfall","Googly Eyes","Hermit","Minty Spire (QoL Compilation)","Relic Sorter","StSLib","The Gatherer","The Hierophant","everything is the same but u backflip on backflip"],"gold_per_floor":[99,118,132,147,163,197,221,221,254,271,171,183,208,308,321,420,420,320,339,415,433,483,483,530,555,555,567,21,41,65,91,103,207,207,207,266,286,296,359,359,385,435,335,385,414,491,553,0,16,16,16,131,31,31,31,31],"floor_reached":57,"language":"ENG","playtime":4315,"items_purged":["Slimebound:Strike_Slimebound","Slimebound:Strike_Slimebound"],"score":1441,"play_id":"677098b5-620a-4327-bea6-975a9765bc72","local_time":"20210212234528","is_ascension_mode":true,"campfire_choices":[{"floor":1,"key":"RECALL"},{"data":"Slimebound:GoopSpray","floor":11,"key":"SMITH"},{"data":"Slimebound:Split","floor":18,"key":"SMITH"},{"data":"Slimebound:Darklings","floor":23,"key":"SMITH"},{"floor":26,"key":"REST"},{"data":"Slimebound:CheckThePlaybook","floor":35,"key":"SMITH"},{"data":"Slimebound:FirmFortitude","floor":40,"key":"SMITH"},{"data":"Slimebound:OozeBath","floor":43,"key":"SMITH"},{"data":"Slimebound:FinishingTackle","floor":54,"key":"SMITH"}],"circlet_count":0,"master_deck":["Slimebound:Strike_Slimebound","Slimebound:Tackle","Slimebound:Defend_Slimebound","Slimebound:Defend_Slimebound","Slimebound:Defend_Slimebound","Slimebound:Defend_Slimebound","Slimebound:Split+1","Slimebound:CorrosiveSpit+1","CurseOfTheBell","Slimebound:ViciousTackle","Slimebound:GoopSpray+1","Slimebound:OozeBath+1","Slimebound:Prepare","Slimebound:FinishingTackle+1","Slimebound:Prepare","Slimebound:Darklings+1","Slimebound:LeadByExample+1","Slimebound:ComboTackle+1","Slimebound:Nibble+1","Slimebound:ForwardTackle+1","Slimebound:CheckThePlaybook+1","Slimebound:ComboTackle+1","Slimebound:PressTheAttack+1","Slimebound:PressTheAttack+1","Slimebound:RallyTheTroops+1","Slimebound:FirmFortitude+1","Slimebound:Prepare+1","Slimebound:HungryTackle+1","Slimebound:MassFeed+1","Slimebound:Prepare","Slimebound:Darklings+1"],"relics":["Calling Bell","Letter Opener","Omamori","Pocketwatch","Calipers","HornCleat","CaptainsWheel","downfall:HeartBlessingGreen","downfall:HeartBlessingRed","downfall:HeartBlessingBlue","Orichalcum","Tiny Chest","White Beast Statue","Blood Vial","MealTicket","Singing Bowl","downfall:CloakOfManyFaces","CultistMask","FaceOfCleric","NlothsMask","GremlinMask","SsserpentHead","Philosopher\u0027s Stone","downfall:KnowingSkull","Molten Egg 2","Slimebound:SelfDamagePreventRelic","Eternal Feather","Mango","Coffee Dripper","MawBank","FossilizedHelix","Bottled Tornado"],"acts_visited":["Exordium","TheCity","TheBeyond","TheEnding"],"potions_floor_usage":[5,5,9,13,21,25,37,37,56,56,56,56],"damage_taken":[{"damage":0,"enemies":"Cultist","floor":2,"turns":3},{"damage":6,"enemies":"2 Louse","floor":3,"turns":2},{"damage":3,"enemies":"Small Slimes","floor":4,"turns":3},{"damage":2,"enemies":"Gremlin Gang","floor":5,"turns":4},{"damage":15,"enemies":"3 Sentries","floor":6,"turns":6},{"damage":0,"enemies":"Gremlin Nob","floor":9,"turns":4},{"damage":3,"enemies":"Exordium Wildlife","floor":10,"turns":3},{"damage":10,"enemies":"Exordium Thugs","floor":12,"turns":4},{"damage":14,"enemies":"3 Sentries","floor":13,"turns":6},{"damage":21,"enemies":"downfall:FaceTrader","floor":14,"turns":8},{"damage":0,"enemies":"3 Louse","floor":15,"turns":2},{"damage":13,"enemies":"SI_SHIV_ARCHETYPE","floor":16,"turns":9},{"damage":0,"enemies":"Shell Parasite","floor":19,"turns":4},{"damage":8,"enemies":"3 Byrds","floor":21,"turns":5},{"damage":39,"enemies":"Slavers","floor":25,"turns":5},{"damage":19,"enemies":"Sentry and Sphere","floor":27,"turns":4},{"damage":6,"enemies":"downfall:FleeingMerchant","floor":28,"turns":4},{"damage":0,"enemies":"3 Cultists","floor":29,"turns":4},{"damage":3,"enemies":"downfall:FleeingMerchant","floor":30,"turns":4},{"damage":8,"enemies":"Gremlin Leader","floor":31,"turns":4},{"damage":0,"enemies":"Snake Plant","floor":32,"turns":2},{"damage":39,"enemies":"DF_ARCHETYPE_CLAW","floor":33,"turns":6},{"damage":3,"enemies":"Orb Walker","floor":36,"turns":2},{"damage":10,"enemies":"3 Darklings","floor":37,"turns":4},{"damage":0,"enemies":"Jaw Worm Horde","floor":38,"turns":2},{"damage":0,"enemies":"Spire Growth","floor":39,"turns":3},{"damage":47,"enemies":"Reptomancer","floor":45,"turns":4},{"damage":0,"enemies":"3 Darklings","floor":46,"turns":4},{"damage":0,"enemies":"Transient","floor":49,"turns":5},{"damage":6,"enemies":"IC_BLOCK_ARCHETYPE","floor":50,"turns":7},{"damage":52,"enemies":"downfall:CharBossMerchant","floor":52,"turns":6},{"damage":4,"enemies":"downfall:NeowBoss","floor":55,"turns":9},{"damage":69,"enemies":"downfall:NeowBossFinal","floor":56,"turns":7}],"seed_played":"-2731191936218543515","potions_obtained":[{"floor":2,"key":"Block Potion"},{"floor":3,"key":"EntropicBrew"},{"floor":9,"key":"Strength Potion"},{"floor":14,"key":"FairyPotion"},{"floor":15,"key":"SpeedPotion"},{"floor":27,"key":"SmokeBomb"},{"floor":29,"key":"EntropicBrew"},{"floor":31,"key":"LiquidBronze"},{"floor":37,"key":"FearPotion"},{"floor":38,"key":"champ:CounterPotion"}],"is_trial":false,"path_per_floor":["R","M","M","M","M","E","T","T","E","M","R","M","E","?","M","B",null,"R","M","T","M","?","R","T","E","R","M","$","M","$","E","M","B",null,"R","M","M","M","M","R","T","?","R","T","E","M","?","$","M","B",null,"E","$","R","B","B",null],"character_chosen":"SLIMEBOUND","items_purchased":["Slimebound:SelfDamagePreventRelic","Slimebound:CheckThePlaybook","Eternal Feather","White Beast Statue","FossilizedHelix","Letter Opener"],"campfire_rested":1,"item_purchase_floors":[28,28,28,30,48,48],"current_hp_per_floor":[65,65,59,58,58,45,45,45,47,46,46,38,28,11,14,4,71,71,72,72,67,61,61,61,25,47,31,43,46,61,70,73,37,97,97,95,90,93,96,103,103,103,113,113,69,72,72,87,92,89,121,72,87,105,104,38],"gold":31,"neow_bonus":"BOSS_RELIC","is_daily":false,"chose_seed":false,"campfire_upgraded":7,"win_rate":0.0,"timestamp":1613191528,"path_taken":["R","M","?","M","M","E","T","?","E","?","R","M","E","?","M","BOSS","R","M","?","M","?","R","T","E","R","M","$","M","$","E","M","BOSS","R","M","M","M","?","R","T","?","R","?","E","?","?","$","M","BOSS","E","$","R","BOSS","BOSS"],"items_purchased_type":["Relic","Card","Relic","Relic","Relic","Relic"],"build_version":"2020-12-22","purchased_purges":2,"victory":true,"max_hp_per_floor":[65,65,65,65,65,65,65,65,65,65,65,65,67,69,70,71,71,71,72,72,75,75,75,75,76,76,77,78,79,80,95,96,97,97,97,98,101,102,103,103,103,103,113,113,116,117,117,117,120,121,121,124,124,124,125,126],"card_choices":[{"not_picked":["Slimebound:SplitMire","Slimebound:RollThrough","Slimebound:SplitBruiser"],"picked":"SKIP","floor":2},{"not_picked":["Slimebound:Replication","Slimebound:FinishingTackle"],"picked":"Slimebound:ViciousTackle","floor":3},{"not_picked":["Slimebound:ProtectTheBoss","Slimebound:LevelUp"],"picked":"Slimebound:GoopSpray","floor":4},{"not_picked":["Slimebound:HauntingLick","Slimebound:SplitMire","Slimebound:ItLooksTasty"],"picked":"SKIP","floor":5},{"not_picked":["Slimebound:SplitAcid","Slimebound:LeechingTouch"],"picked":"Slimebound:OozeBath","floor":6},{"not_picked":["Slimebound:SplitBruiser","Slimebound:TongueLash","Slimebound:GoopTackle"],"picked":"SKIP","floor":9},{"not_picked":["Slimebound:ItLooksTasty","Slimebound:SamplingLick"],"picked":"Slimebound:Prepare","floor":10},{"not_picked":["Slimebound:ComboTackle","Slimebound:SplitMire"],"picked":"Slimebound:FinishingTackle","floor":12},{"not_picked":["Slimebound:ProtectTheBoss","Slimebound:RejuvenatingLick","Slimebound:GoopTackle"],"picked":"Singing Bowl","floor":13},{"not_picked":["Slimebound:SlimeSpikes","Slimebound:RollThrough","Slimebound:ForwardTackle"],"picked":"Singing Bowl","floor":14},{"not_picked":["Slimebound:SplitMire","Slimebound:LevelUp"],"picked":"Slimebound:Prepare","floor":15},{"not_picked":["Slimebound:Recycling","Slimebound:DuplicatedForm"],"picked":"Slimebound:Darklings","floor":16},{"not_picked":["Slimebound:GrowthPunch","Slimebound:SplitAcid"],"picked":"Slimebound:LeadByExample+1","floor":19},{"not_picked":["Slimebound:FinishingTackle","Slimebound:SplitMire","Slimebound:SlimeBarrage"],"picked":"Singing Bowl","floor":21},{"not_picked":["Slimebound:SamplingLick+1","Slimebound:SlimeBarrage+1"],"picked":"Slimebound:ComboTackle+1","floor":25},{"not_picked":["Slimebound:RollThrough+1","Slimebound:ItLooksTasty+1"],"picked":"Slimebound:Nibble+1","floor":27},{"not_picked":["Slimebound:SlimeSpikes","Slimebound:LevelUp"],"picked":"Slimebound:ForwardTackle+1","floor":28},{"not_picked":["Slimebound:FinishingTackle+1","Slimebound:HauntingLick"],"picked":"Slimebound:ComboTackle+1","floor":29},{"not_picked":["Slimebound:ProtectTheBoss","Slimebound:LeechEnergy+1"],"picked":"Slimebound:PressTheAttack+1","floor":30},{"not_picked":["Slimebound:SplitSpecialist+1","Slimebound:Schlurp+1"],"picked":"Slimebound:PressTheAttack+1","floor":31},{"not_picked":["Slimebound:Nibble+1","Slimebound:FinishingTackle+1"],"picked":"Slimebound:RallyTheTroops+1","floor":32},{"not_picked":["Slimebound:PrepareCrush","Slimebound:CheckThePlaybook"],"picked":"Slimebound:FirmFortitude","floor":33},{"not_picked":["Slimebound:ForwardTackle+1","Slimebound:LeechingTouch+1"],"picked":"Slimebound:Prepare+1","floor":36},{"not_picked":["Slimebound:PressTheAttack+1","Slimebound:SlimeSpikes","Slimebound:SpikyOuterGoop+1"],"picked":"Singing Bowl","floor":37},{"not_picked":["Slimebound:ItLooksTasty+1","Slimebound:RollThrough+1"],"picked":"Slimebound:HungryTackle+1","floor":38},{"not_picked":["Slimebound:LeechingTouch+1","Slimebound:RejuvenatingLick"],"picked":"Slimebound:MassFeed+1","floor":39},{"not_picked":["Slimebound:LeechingTouch+1","Slimebound:LivingWall","Slimebound:SplitBruiser+1"],"picked":"Singing Bowl","floor":45},{"not_picked":["Slimebound:SlimeSpikes+1","Slimebound:DivideAndConquer+1"],"picked":"Slimebound:Prepare","floor":46},{"not_picked":["Slimebound:SplitMire","Slimebound:GoopTackle+1","Slimebound:SamplingLick"],"picked":"Singing Bowl","floor":49},{"not_picked":["Slimebound:GoopTackle+1","Slimebound:ProtectTheBoss","Slimebound:Replication"],"picked":"Singing Bowl","floor":52}],"player_experience":1287415,"relics_obtained":[{"floor":0,"key":"Blood Vial"},{"floor":0,"key":"HornCleat"},{"floor":0,"key":"Pocketwatch"},{"floor":6,"key":"Tiny Chest"},{"floor":7,"key":"Omamori"},{"floor":8,"key":"Calipers"},{"floor":9,"key":"MealTicket"},{"floor":13,"key":"Singing Bowl"},{"floor":14,"key":"downfall:CloakOfManyFaces"},{"floor":24,"key":"Orichalcum"},{"floor":25,"key":"Molten Egg 2"},{"floor":31,"key":"Mango"},{"floor":44,"key":"CaptainsWheel"},{"floor":45,"key":"MawBank"},{"floor":52,"key":"Bottled Tornado"}],"event_choices":[{"damage_healed":0,"gold_gain":0,"player_choice":"Forge","damage_taken":0,"max_hp_gain":0,"max_hp_loss":0,"event_name":"Accursed Blacksmith","floor":42,"gold_loss":0,"cards_upgraded":["Slimebound:CorrosiveSpit"]}],"is_beta":false,"boss_relics":[{"not_picked":["Fusion Hammer","SacredBark"],"picked":"Philosopher\u0027s Stone"},{"not_picked":["Runic Pyramid","Slimebound:TarBlob"],"picked":"Coffee Dripper"}],"items_purged_floors":[30,53],"is_endless":false,"potions_floor_spawned":[2,3,9,14,15,16,27,29,31,32,33,36,37,38,39,45,46,49,52],"ascension_level":2}}