{"host":"qxeepl7ydvsgmfdb","time":1613222044,"event":{"mods":["AchievementEnabler","BaseMod","Colored Powertips","Minty Spire (QoL Compilation)","Quick Restart","slay the spire mod where everything is the same but ironclad has a cowboy hat"],"gold_per_floor":[109,58,8,8,8,8,8,42,42,42,55,55,82,82,82,213,213,232,157,157,190,209,240,259,259,314,314,314],"floor_reached":27,"language":"ENG","playtime":766,"items_purged":[],"score":260,"play_id":"2b1913a4-fbf8-44e6-bb07-7212935d100a","local_time":"20210213081404","is_ascension_mode":false,"campfire_choices":[{"floor":6.0,"key":"RECALL"},{"data":"Poisoned Stab","floor":10.0,"key":"SMITH"},{"data":"Deflect","floor":12.0,"key":"SMITH"},{"floor":15.0,"key":"REST"},{"floor":25,"key":"REST"}],"circlet_count":0,"master_deck":["Strike_G","Strike_G+1","Strike_G","Defend_G","Defend_G","Defend_G","Defend_G","Defend_G","Survivor+1","Neutralize","Deflect+1","Dagger Spray+1","Poisoned Stab+1","Slice","Deadly Poison","Blade Dance+1","Poisoned Stab","Blade Dance"],"relics":["Ring of the Snake","NeowsBlessing","Sundial","White Beast Statue","Girya","Golden Idol","SacredBark","Red Mask","Happy Flower"],"acts_visited":["Exordium","TheCity"],"potions_floor_usage":[24,24],"damage_taken":[{"damage":0.0,"enemies":"2 Louse","floor":1.0,"turns":1.0},{"damage":0.0,"enemies":"Gremlin Nob","floor":8.0,"turns":1.0},{"damage":0.0,"enemies":"Small Slimes","floor":11.0,"turns":1.0},{"damage":10.0,"enemies":"3 Sentries","floor":13.0,"turns":4.0},{"damage":42.0,"enemies":"Hexaghost","floor":16.0,"turns":10.0},{"damage":5.0,"enemies":"Chosen","floor":18.0,"turns":5.0},{"damage":33.0,"enemies":"Masked Bandits","floor":21.0,"turns":5.0},{"damage":5.0,"enemies":"Shell Parasite","floor":22.0,"turns":5.0},{"damage":17.0,"enemies":"Slavers","floor":23.0,"turns":6.0},{"damage":6,"enemies":"Centurion and Healer","floor":24,"turns":7},{"damage":29,"enemies":"Chosen and Byrds","floor":27,"turns":5}],"seed_played":"-1328594459038289125","potions_obtained":[{"floor":11.0,"key":"Poison Potion"},{"floor":13.0,"key":"BlessingOfTheForge"},{"floor":16.0,"key":"PowerPotion"},{"floor":18.0,"key":"Dexterity Potion"},{"floor":21.0,"key":"CultistPotion"},{"floor":22.0,"key":"SkillPotion"},{"floor":23.0,"key":"Swift Potion"},{"floor":24,"key":"Energy Potion"}],"is_trial":false,"path_per_floor":["M","$","?","?","?","R","$","E","T","R","M","R","E","?","R","B",null,"M","?","?","?","M","E","M","R","T","M"],"character_chosen":"THE_SILENT","items_purchased":["Dagger Spray"],"campfire_rested":2,"item_purchase_floors":[2],"current_hp_per_floor":[70,70,70,70,56,56,56,56,56,56,56,56,46,29,50,8,70,65,65,65,32,27,10,4,25,25,0,0],"gold":314,"neow_bonus":"THREE_ENEMY_KILL","is_daily":false,"chose_seed":false,"campfire_upgraded":2,"win_rate":0.0,"timestamp":1613222044,"path_taken":["M","$","?","?","?","R","$","E","T","R","M","R","E","?","R","BOSS","M","?","?","?","M","E","M","R","T","?"],"items_purchased_type":["Card"],"build_version":"2020-12-22","purchased_purges":0,"victory":false,"max_hp_per_floor":[70,70,70,70,70,70,70,70,70,70,70,70,70,70,70,70,70,70,70,70,70,70,70,70,70,70,70,70],"card_choices":[{"not_picked":["Quick Slash","Bouncing Flask"],"picked":"Deflect","floor":1.0},{"not_picked":["Deflect","Masterful Stab"],"picked":"Poisoned Stab","floor":8.0},{"not_picked":["Skewer","Flying Knee","Caltrops"],"picked":"SKIP","floor":11.0},{"not_picked":["Dodge and Roll","Eviscerate"],"picked":"Slice","floor":13.0},{"not_picked":["Dagger Throw+1","Bouncing Flask","Setup+1"],"picked":"SKIP","floor":18.0},{"not_picked":["PiercingWail","Catalyst+1"],"picked":"Deadly Poison","floor":21.0},{"not_picked":["Deadly Poison","Concentrate"],"picked":"Blade Dance+1","floor":22.0},{"not_picked":["Bouncing Flask","Terror"],"picked":"Poisoned Stab","floor":23.0},{"not_picked":["Backstab","Sucker Punch"],"picked":"Blade Dance","floor":24}],"player_experience":137017,"relics_obtained":[{"floor":8.0,"key":"Sundial"},{"floor":9.0,"key":"White Beast Statue"},{"floor":13.0,"key":"Girya"},{"floor":21.0,"key":"Red Mask"},{"floor":23.0,"key":"Happy Flower"}],"event_choices":[{"cards_removed":["Strike_G"],"damage_healed":0.0,"max_hp_gain":0.0,"max_hp_loss":0.0,"gold_gain":0.0,"event_name":"The Cleric","player_choice":"Card Removal","floor":3.0,"gold_loss":50.0,"damage_taken":0.0},{"damage_healed":0.0,"max_hp_gain":0.0,"max_hp_loss":0.0,"gold_gain":0.0,"event_name":"Living Wall","player_choice":"Grow","floor":4.0,"gold_loss":0.0,"damage_taken":0.0,"cards_upgraded":["Dagger Spray"]},{"damage_healed":0.0,"max_hp_gain":0.0,"max_hp_loss":0.0,"gold_gain":0.0,"event_name":"Shining Light","player_choice":"Entered Light","floor":5.0,"gold_loss":0.0,"damage_taken":14.0,"cards_upgraded":["Survivor","Strike_G"]},{"damage_healed":0.0,"max_hp_gain":0.0,"max_hp_loss":0.0,"gold_gain":0.0,"event_name":"Golden Idol","player_choice":"Take Damage","floor":14.0,"gold_loss":0.0,"damage_taken":17.0,"relics_obtained":["Golden Idol"]},{"cards_removed":["Strike_G"],"damage_healed":0.0,"max_hp_gain":0.0,"max_hp_loss":0.0,"gold_gain":0.0,"event_name":"Beggar","player_choice":"Gave Gold","floor":19.0,"gold_loss":75.0,"damage_taken":0.0},{"damage_healed":0.0,"max_hp_gain":0.0,"max_hp_loss":0.0,"gold_gain":0.0,"event_name":"Ghosts","player_choice":"Ignored","floor":20.0,"gold_loss":0.0,"damage_taken":0.0},{"damage_healed":0.0,"max_hp_gain":0.0,"max_hp_loss":0.0,"gold_gain":0.0,"event_name":"Masked Bandits","player_choice":"Fought Bandits","floor":21.0,"gold_loss":0.0,"damage_taken":0.0}],"is_beta":false,"boss_relics":[{"not_picked":["HoveringKite","Velvet Choker"],"picked":"SacredBark"}],"items_purged_floors":[],"is_endless":false,"potions_floor_spawned":[11,13,16,18,21,22,23,24],"killed_by":"Chosen and Byrds","ascension_level":0}}