{"host":"0v07cr0k93jhgkpm","time":1613241328,"event":{"mods":["BaseMod","Colored Map","DeckTracker","Minty Spire (QoL Compilation)","Quick Restart","SuperFastMode"],"gold_per_floor":[112,112,125,125,137,137,12,12,38,69,144,158,173,206,206,285,285,301,319,319,331,331,331,341,341,341],"floor_reached":25,"language":"KOR","playtime":884,"items_purged":["Defend_B"],"score":476,"play_id":"8c3790d5-3a71-4b70-9392-4b895fe25455","local_time":"20210214033528","is_ascension_mode":true,"campfire_choices":[{"data":"Defragment","floor":6.0,"key":"SMITH"},{"data":"Dualcast","floor":8.0,"key":"SMITH"},{"data":"Hologram","floor":15.0,"key":"SMITH"},{"data":"Steam Power","floor":23.0,"key":"SMITH"}],"circlet_count":0,"master_deck":["AscendersBane","Strike_B","Strike_B","Strike_B","Strike_B","Defend_B","Defend_B","Defend_B","Zap+1","Dualcast+1","Rainbow","Defragment+1","Steam Power+1","Beam Cell","Streamline","Hologram+1","Defragment","Seek","Sweeping Beam","Reboot","Loop","Melter","FTL","Streamline"],"relics":["Cracked Core","Shuriken","Smiling Mask","Meat on the Bone","Cables","Nuclear Battery"],"acts_visited":["Exordium","TheCity"],"potions_floor_usage":[24],"damage_taken":[{"damage":0.0,"enemies":"2 Louse","floor":1.0,"turns":2.0},{"damage":3.0,"enemies":"Cultist","floor":3.0,"turns":3.0},{"damage":7.0,"enemies":"Small Slimes","floor":5.0,"turns":4.0},{"damage":16.0,"enemies":"3 Sentries","floor":10.0,"turns":6.0},{"damage":14.0,"enemies":"Exordium Thugs","floor":12.0,"turns":3.0},{"damage":7.0,"enemies":"Looter","floor":13.0,"turns":3.0},{"damage":10.0,"enemies":"Gremlin Nob","floor":14.0,"turns":3.0},{"damage":23.0,"enemies":"Hexaghost","floor":16.0,"turns":9.0},{"damage":0.0,"enemies":"Chosen","floor":18.0,"turns":3.0},{"damage":0.0,"enemies":"Spheric Guardian","floor":19.0,"turns":3.0},{"damage":28.0,"enemies":"Snake Plant","floor":21.0,"turns":4.0},{"damage":6,"enemies":"Centurion and Healer","floor":24,"turns":6},{"damage":30,"enemies":"Gremlin Leader","floor":25,"turns":2}],"seed_played":"7283824988283951922","potions_obtained":[{"floor":1.0,"key":"SkillPotion"},{"floor":3.0,"key":"FocusPotion"},{"floor":12.0,"key":"LiquidMemories"},{"floor":16.0,"key":"PotionOfCapacity"},{"floor":19.0,"key":"SpeedPotion"}],"is_trial":false,"path_per_floor":["M","?","M","?","M","R","$","R","T","E","?","M","M","E","R","B",null,"M","M","?","M","?","R","M","E"],"character_chosen":"DEFECT","items_purchased":["Streamline"],"campfire_rested":0,"item_purchase_floors":[7],"current_hp_per_floor":[64,64,61,61,54,54,54,54,54,38,27,25,30,32,32,21,59,59,59,59,43,23,23,29,0,0],"gold":341,"neow_bonus":"ONE_RANDOM_RARE_CARD","is_daily":false,"chose_seed":false,"campfire_upgraded":4,"win_rate":0.0,"timestamp":1613241328,"path_taken":["M","?","?","?","M","R","$","R","T","E","?","M","M","E","R","BOSS","M","M","?","M","?","R","?","E"],"items_purchased_type":["Card"],"build_version":"2020-12-22","purchased_purges":1,"victory":false,"max_hp_per_floor":[71,71,71,71,71,71,71,71,71,71,71,71,71,71,71,71,71,71,71,71,71,76,76,76,76,76],"card_choices":[{"not_picked":["Leap","Hello World"],"picked":"Defragment","floor":1.0},{"not_picked":["Stack","Cold Snap"],"picked":"Steam Power","floor":3.0},{"not_picked":["Ball Lightning","Coolheaded"],"picked":"Beam Cell","floor":5.0},{"not_picked":["Amplify","Barrage"],"picked":"Hologram","floor":10.0},{"not_picked":["Ball Lightning","Redo"],"picked":"Defragment","floor":12.0},{"not_picked":["Leap","Auto Shields"],"picked":"Seek","floor":13.0},{"not_picked":["Streamline","Storm"],"picked":"Sweeping Beam","floor":14.0},{"not_picked":["Thunder Strike","Fission"],"picked":"Reboot","floor":16.0},{"not_picked":["Rebound+1","Barrage"],"picked":"Loop","floor":18.0},{"not_picked":["Cold Snap","Sunder"],"picked":"Melter","floor":19.0},{"not_picked":["Cold Snap","Streamline"],"picked":"FTL","floor":21.0},{"not_picked":["Ball Lightning","Barrage"],"picked":"Streamline","floor":24}],"player_experience":2514158,"relics_obtained":[{"floor":9.0,"key":"Smiling Mask"},{"floor":10.0,"key":"Meat on the Bone"},{"floor":14.0,"key":"Cables"}],"event_choices":[{"damage_healed":0.0,"max_hp_gain":0.0,"max_hp_loss":0.0,"gold_gain":0.0,"event_name":"WeMeetAgain","player_choice":"Gave Potion","floor":2.0,"gold_loss":0.0,"damage_taken":0.0,"relics_obtained":["Shuriken"]},{"damage_healed":0.0,"max_hp_gain":0.0,"max_hp_loss":0.0,"gold_gain":0.0,"event_name":"Living Wall","player_choice":"Grow","floor":4.0,"gold_loss":0.0,"damage_taken":0.0,"cards_upgraded":["Zap"]},{"damage_healed":0.0,"max_hp_gain":0.0,"max_hp_loss":0.0,"gold_gain":75.0,"event_name":"World of Goop","player_choice":"Gather Gold","floor":11.0,"gold_loss":0.0,"damage_taken":11.0},{"damage_healed":0.0,"max_hp_gain":0.0,"max_hp_loss":0.0,"gold_gain":0.0,"event_name":"Cursed Tome","player_choice":"Ignored","floor":20.0,"gold_loss":0.0,"damage_taken":0.0},{"damage_healed":0.0,"max_hp_gain":5.0,"max_hp_loss":0.0,"gold_gain":0.0,"event_name":"Forgotten Altar","player_choice":"Shed Blood","floor":22.0,"gold_loss":0.0,"damage_taken":25.0}],"is_beta":false,"boss_relics":[{"not_picked":["Runic Pyramid","Philosopher\u0027s Stone"],"picked":"Nuclear Battery"}],"items_purged_floors":[7],"is_endless":false,"potions_floor_spawned":[1,3,12,16,19],"killed_by":"Gremlin Leader","ascension_level":20}}