{"host":"clf2hd4adhiiw0zf","time":1613252985,"event":{"mods":["AchievementEnabler","BaseMod","Beaked The Cultist","Bestiary","Dark Map","Downfall","Gremlin Mod","Hermit","Jorbs\u0027s Wanderer Trilogy","Marisa????????","Minty Spire (QoL Compilation)","Shop Mod","StSLib","The Cursed","The Servant 0.9.4","Wide Potions"],"gold_per_floor":[99,116,129,129,129,129,129,129,160,176,76,90,110,138,148,148,148,148],"floor_reached":16,"language":"ENG","playtime":644,"items_purged":[],"score":165,"play_id":"c46a8339-727b-4bc9-b25f-9aa12eac6341","local_time":"20210213144945","is_ascension_mode":true,"campfire_choices":[{"data":"champ:GladiatorForm","floor":1.0,"key":"SMITH"},{"data":"champ:SwordThrow","floor":11.0,"key":"SMITH"}],"circlet_count":0,"master_deck":["AscendersBane","champ:Strike","champ:Strike","champ:Strike+1","champ:Strike","champ:Defend+1","champ:Defend","champ:Defend","champ:Defend+1","champ:Execute","champ:Taunt","champ:GladiatorForm+1","champ:FaceSlap","champ:PerfectedStrike","champ:SwordThrow+1","champ:AdrenalArmor","champ:Endure","champ:EnchantCrown","champ:FocusedDefense","champ:BladeFlurry"],"relics":["champ:ChampionCrown","Bottled Flame","Lizard Tail","downfall:HeartBlessingBlue","Odd Mushroom","Darkstone Periapt"],"acts_visited":["Exordium"],"potions_floor_usage":[14],"damage_taken":[{"damage":12.0,"enemies":"Jaw Worm","floor":2.0,"turns":4.0},{"damage":17.0,"enemies":"Small Slimes","floor":3.0,"turns":4.0},{"damage":37.0,"enemies":"Gremlin Nob","floor":9.0,"turns":5.0},{"damage":0.0,"enemies":"2 Louse","floor":10.0,"turns":2.0},{"damage":5.0,"enemies":"Red Slaver","floor":12.0,"turns":3.0},{"damage":48.0,"enemies":"The Mushroom Lair","floor":13.0,"turns":5.0},{"damage":19,"enemies":"Lagavulin","floor":14,"turns":7},{"damage":4,"enemies":"3 Louse","floor":15,"turns":3},{"damage":86,"enemies":"SI_SHIV_ARCHETYPE","floor":16,"turns":16}],"seed_played":"7700410285535501238","potions_obtained":[{"floor":9.0,"key":"Weak Potion"},{"floor":12.0,"key":"SteroidPotion"}],"is_trial":false,"path_per_floor":["R","M","M","?","?","?","T","T","E","M","R","M","?","E","M","B"],"character_chosen":"THE_CHAMP","items_purchased":[],"campfire_rested":0,"item_purchase_floors":[],"current_hp_per_floor":[81,79,72,72,77,77,77,77,45,45,55,50,22,13,9,0,0,0],"gold":148,"neow_bonus":"THREE_RARE_CARDS","is_daily":false,"chose_seed":false,"campfire_upgraded":2,"win_rate":0.0,"timestamp":1613252985,"path_taken":["R","M","M","?","?","?","T","?","E","M","R","?","?","E","M","BOSS"],"items_purchased_type":[],"build_version":"2020-12-22","purchased_purges":0,"victory":false,"max_hp_per_floor":[81,81,81,81,86,86,86,86,86,86,96,96,96,96,96,96,96,96],"card_choices":[{"not_picked":["champ:StrikeOfGenius","champ:HeavySlash"],"picked":"champ:GladiatorForm","floor":0.0},{"not_picked":["champ:RisingSlash","champ:EnGarde"],"picked":"champ:FaceSlap","floor":2.0},{"not_picked":["champ:GutPunch","champ:RapidStrikes"],"picked":"champ:PerfectedStrike","floor":3.0},{"not_picked":["champ:RageSigil","champ:TornadoPunch"],"picked":"champ:SwordThrow","floor":9.0},{"not_picked":["champ:CrookedStrike","champ:ShieldSigil"],"picked":"champ:AdrenalArmor","floor":10.0},{"not_picked":["champ:GutPunch","champ:CrownThrow"],"picked":"champ:Endure","floor":12.0},{"not_picked":["champ:ShieldSigil","champ:EndlessRage"],"picked":"champ:EnchantCrown","floor":13.0},{"not_picked":["champ:IronFortress","champ:CrownThrow"],"picked":"champ:FocusedDefense","floor":14},{"not_picked":["champ:PerfectedStrike","champ:PreciseThrust"],"picked":"champ:BladeFlurry","floor":15}],"player_experience":274714,"relics_obtained":[{"floor":8.0,"key":"Bottled Flame"},{"floor":9.0,"key":"Lizard Tail"},{"floor":13.0,"key":"Odd Mushroom"},{"floor":14,"key":"Darkstone Periapt"}],"event_choices":[{"damage_healed":0.0,"max_hp_gain":5.0,"max_hp_loss":0.0,"gold_gain":0.0,"event_name":"Big Fish","player_choice":"Donut","floor":5.0,"gold_loss":0.0,"damage_taken":0.0},{"cards_removed":["downfall:Malfunctioning"],"damage_healed":0.0,"max_hp_gain":0.0,"max_hp_loss":0.0,"gold_gain":0.0,"event_name":"The Cleric","player_choice":"Card Removal","floor":6.0,"gold_loss":0.0,"damage_taken":0.0},{"damage_healed":0.0,"max_hp_gain":0.0,"max_hp_loss":0.0,"gold_gain":0.0,"event_name":"Mushrooms","player_choice":"Fought Mushrooms","floor":13.0,"gold_loss":0.0,"damage_taken":0.0}],"is_beta":false,"boss_relics":[],"items_purged_floors":[],"is_endless":false,"potions_floor_spawned":[9,12],"killed_by":"SI_SHIV_ARCHETYPE","ascension_level":10}}