{"host":"gnzlh62i2jn8yl8d","time":1613224557,"event":{"mods":["AchievementEnabler","BaseMod","Keyboard Shortcuts","Minty Spire (QoL Compilation)","SuperFastMode","everything is the same but u backflip on backflip"],"gold_per_floor":[365,25,39,57,57,57,85,85,85,35,54,86,106,106,106,203,203,218,317,328,60,60,60,77,112,112,212,237,252,19,19,19,121,121,138,155,201,201,201,234,3,53,79,79,94,94,55,71,71,71],"floor_reached":51,"language":"KOR","playtime":3870,"items_purged":["Strike_G","Strike_G","A Thousand Cuts+1","Strike_G"],"score":879,"play_id":"b25a737c-d45b-493d-a6dc-37bfdd918293","local_time":"20210213225557","is_ascension_mode":true,"campfire_choices":[{"data":"Accuracy","floor":6,"key":"SMITH"},{"data":"Blade Dance","floor":8,"key":"SMITH"},{"data":"Backflip","floor":15,"key":"SMITH"},{"data":"A Thousand Cuts","floor":23,"key":"SMITH"},{"data":"Infinite Blades","floor":32,"key":"SMITH"},{"data":"Backstab","floor":46,"key":"SMITH"},{"data":"Master of Strategy","floor":49,"key":"SMITH"}],"circlet_count":0,"master_deck":["Strike_G","Strike_G","Defend_G","Defend_G","Defend_G","Survivor","Neutralize","Blade Dance+1","Master of Strategy+1","Bandage Up","Backstab+1","Flying Knee","Accuracy+1","Acrobatics","Backflip+1","Calculated Gamble+1","Night Terror+1","Slice+1","Cloak And Dagger+1","Finesse+1","Terror+1","Accuracy+1","Backstab+1","Prepared+1","Distraction+1","Infinite Blades+1","Phantasmal Killer+1","CurseOfTheBell","Cloak And Dagger+1","Burst+1","Forethought+1","Concentrate+1","Tactician+1","Backflip+1","Cloak And Dagger+1","Distraction+1"],"relics":["Ring of the Snake","Question Card","Bronze Scales","Toxic Egg 2","WristBlade","Bag of Preparation","Snake Skull","Du-Vu Doll","Anchor","Calling Bell","Pen Nib","Ninja Scroll","Incense Burner","Torii","InkBottle","Gambling Chip","FossilizedHelix","Toy Ornithopter"],"acts_visited":["Exordium","TheCity","TheBeyond"],"potions_floor_usage":[16,25,25,42,50],"damage_taken":[{"damage":1,"enemies":"Cultist","floor":1,"turns":5},{"damage":2,"enemies":"2 Louse","floor":3,"turns":4},{"damage":0,"enemies":"Small Slimes","floor":4,"turns":2},{"damage":22,"enemies":"Lagavulin","floor":7,"turns":5},{"damage":0,"enemies":"Blue Slaver","floor":11,"turns":1},{"damage":7,"enemies":"Gremlin Nob","floor":12,"turns":3},{"damage":4,"enemies":"Exordium Thugs","floor":13,"turns":2},{"damage":38,"enemies":"Hexaghost","floor":16,"turns":5},{"damage":0,"enemies":"Chosen","floor":18,"turns":4},{"damage":0,"enemies":"Spheric Guardian","floor":20,"turns":1},{"damage":10,"enemies":"Shelled Parasite and Fungi","floor":24,"turns":4},{"damage":8,"enemies":"Slavers","floor":25,"turns":2},{"damage":0,"enemies":"Gremlin Leader","floor":28,"turns":3},{"damage":0,"enemies":"Centurion and Healer","floor":29,"turns":2},{"damage":22,"enemies":"Automaton","floor":33,"turns":5},{"damage":2,"enemies":"3 Shapes","floor":35,"turns":3},{"damage":0,"enemies":"Orb Walker","floor":36,"turns":1},{"damage":0,"enemies":"2 Orb Walkers","floor":37,"turns":2},{"damage":4,"enemies":"Nemesis","floor":40,"turns":3},{"damage":9,"enemies":"Mind Bloom Boss Battle","floor":42,"turns":3},{"damage":0,"enemies":"Jaw Worm Horde","floor":45,"turns":2},{"damage":0,"enemies":"Spire Growth","floor":48,"turns":2},{"damage":13,"enemies":"Awakened One","floor":50,"turns":5}],"seed_played":"-8523283390772335865","potions_obtained":[{"floor":3,"key":"Fire Potion"},{"floor":11,"key":"LiquidBronze"},{"floor":12,"key":"Energy Potion"},{"floor":20,"key":"Swift Potion"},{"floor":28,"key":"Weak Potion"},{"floor":29,"key":"AttackPotion"},{"floor":33,"key":"LiquidMemories"},{"floor":37,"key":"Energy Potion"}],"is_trial":false,"path_per_floor":["M","$","M","M","?","R","E","R","T","?","M","E","M","?","R","B",null,"M","?","M","$","?","R","M","E","T","?","E","M","$","T","R","B",null,"M","M","?","T","?","E","$","?","T","$","M","R","$","M","R","B",null],"character_chosen":"THE_SILENT","items_purchased":["Master of Strategy","Bandage Up","Finesse+1","Terror+1","Distraction+1","Infinite Blades","Tactician+1","Distraction+1"],"campfire_rested":0,"item_purchase_floors":[2,2,21,21,30,30,41,47],"current_hp_per_floor":[48,48,50,54,54,54,36,36,36,36,40,37,33,56,56,22,70,70,70,70,70,70,70,60,56,56,56,60,64,64,64,64,46,70,70,70,70,70,70,70,70,64,64,64,64,64,64,68,68,57],"gold":71,"neow_bonus":"TWO_FIFTY_GOLD","is_daily":false,"chose_seed":false,"campfire_upgraded":7,"win_rate":0.0,"timestamp":1613224557,"path_taken":["M","$","M","M","?","R","E","R","T","?","M","E","M","?","R","BOSS","M","?","M","$","?","R","M","E","T","?","E","?","$","?","R","BOSS","M","M","?","?","?","E","$","?","T","$","M","R","?","M","R","BOSS"],"items_purchased_type":["Card","Card","Card","Card","Card","Card","Card","Card"],"build_version":"2020-12-22","purchased_purges":4,"victory":true,"max_hp_per_floor":[70,70,70,70,70,70,70,70,70,70,70,70,70,70,70,70,70,70,70,70,70,70,70,70,70,70,70,70,70,70,70,70,70,70,70,70,70,70,70,70,70,70,70,70,70,70,70,70,70,70],"card_choices":[{"not_picked":["Sucker Punch","Finisher"],"picked":"Blade Dance","floor":1},{"not_picked":["Dodge and Roll","Eviscerate"],"picked":"Backstab","floor":3},{"not_picked":["Underhanded Strike","Poisoned Stab"],"picked":"Flying Knee","floor":4},{"not_picked":["Quick Slash","Endless Agony"],"picked":"Acrobatics","floor":7},{"not_picked":["Dagger Throw","Dagger Spray","Choke"],"picked":"Backflip","floor":11},{"not_picked":["Noxious Fumes","Deflect+1","Backflip+1"],"picked":"Calculated Gamble+1","floor":12},{"not_picked":["Bane","Poisoned Stab","Underhanded Strike"],"picked":"Night Terror+1","floor":13},{"not_picked":["Wraith Form v2","Corpse Explosion+1","Tools of the Trade"],"picked":"A Thousand Cuts","floor":16},{"not_picked":["Sucker Punch+1","Endless Agony","Dodge and Roll+1"],"picked":"Slice+1","floor":18},{"not_picked":["Slice","Poisoned Stab","Acrobatics+1"],"picked":"Cloak And Dagger+1","floor":20},{"not_picked":["Escape Plan+1","Well Laid Plans","Reflex+1"],"picked":"Accuracy+1","floor":24},{"not_picked":["Quick Slash+1","Flechettes","Bouncing Flask+1","Catalyst+1"],"picked":"SKIP","floor":25},{"not_picked":["Cloak And Dagger+1","Dagger Throw","Doppelganger+1"],"picked":"Backstab+1","floor":28},{"not_picked":["Underhanded Strike","Heel Hook","Poisoned Stab"],"picked":"Prepared+1","floor":29},{"not_picked":["Grand Finale","Adrenaline+1","Glass Knife"],"picked":"Phantasmal Killer+1","floor":33},{"not_picked":["Slice","Quick Slash+1","Skewer+1","Dagger Throw"],"picked":"SKIP","floor":35},{"not_picked":["Reflex+1","Prepared+1","Noxious Fumes+1"],"picked":"Cloak And Dagger+1","floor":36},{"not_picked":["Underhanded Strike+1","Eviscerate+1","Distraction+1"],"picked":"Burst+1","floor":37},{"not_picked":["Swift Strike","Discovery+1","PanicButton+1"],"picked":"Forethought+1","floor":39},{"not_picked":["Heel Hook+1","Dagger Spray+1","Outmaneuver+1"],"picked":"Concentrate+1","floor":40},{"not_picked":["Catalyst+1","Deflect+1","Crippling Poison+1"],"picked":"Backflip+1","floor":42},{"not_picked":["Bouncing Flask+1","Endless Agony","Footwork"],"picked":"Cloak And Dagger+1","floor":45},{"not_picked":["Well Laid Plans","Heel Hook","Expertise+1","Slice"],"picked":"SKIP","floor":48}],"player_experience":147828,"relics_obtained":[{"floor":7,"key":"Question Card"},{"floor":9,"key":"Bronze Scales"},{"floor":12,"key":"Toxic Egg 2"},{"floor":25,"key":"Bag of Preparation"},{"floor":26,"key":"Snake Skull"},{"floor":28,"key":"Du-Vu Doll"},{"floor":31,"key":"Anchor"},{"floor":34,"key":"Pen Nib"},{"floor":34,"key":"Ninja Scroll"},{"floor":34,"key":"Incense Burner"},{"floor":37,"key":"Torii"},{"floor":38,"key":"InkBottle"},{"floor":40,"key":"Gambling Chip"},{"floor":42,"key":"FossilizedHelix"},{"floor":43,"key":"Toy Ornithopter"}],"event_choices":[{"damage_healed":0,"gold_gain":0,"cards_transformed":["Defend_G"],"player_choice":"Change","damage_taken":0,"max_hp_gain":0,"max_hp_loss":0,"event_name":"Living Wall","floor":5,"gold_loss":0,"cards_obtained":["Accuracy"]},{"cards_removed":["Defend_G"],"damage_healed":0,"gold_gain":0,"player_choice":"Card Removal","damage_taken":0,"max_hp_gain":0,"max_hp_loss":0,"event_name":"The Cleric","floor":10,"gold_loss":50},{"damage_healed":23,"gold_gain":0,"player_choice":"Banana","damage_taken":0,"max_hp_gain":0,"max_hp_loss":0,"event_name":"Big Fish","floor":14,"gold_loss":0},{"damage_healed":0,"gold_gain":99,"player_choice":"Stole From Cult","damage_taken":0,"max_hp_gain":0,"max_hp_loss":0,"event_name":"Nest","floor":19,"gold_loss":0},{"damage_healed":0,"gold_gain":0,"player_choice":"Ignored","damage_taken":0,"max_hp_gain":0,"max_hp_loss":0,"event_name":"Ghosts","floor":22,"gold_loss":0},{"damage_healed":0,"gold_gain":100,"player_choice":"Pray","damage_taken":0,"max_hp_gain":0,"max_hp_loss":0,"event_name":"Golden Shrine","floor":27,"gold_loss":0},{"damage_healed":0,"gold_gain":0,"player_choice":"Fight","damage_taken":0,"max_hp_gain":0,"max_hp_loss":0,"event_name":"Mysterious Sphere","floor":37,"gold_loss":0},{"damage_healed":0,"gold_gain":0,"player_choice":"Memory 1","damage_taken":0,"max_hp_gain":0,"max_hp_loss":0,"event_name":"SensoryStone","floor":39,"gold_loss":0},{"damage_healed":0,"gold_gain":0,"player_choice":"Fight","damage_taken":0,"max_hp_gain":0,"max_hp_loss":0,"event_name":"MindBloom","floor":42,"gold_loss":0}],"is_beta":false,"boss_relics":[{"not_picked":["Empty Cage","Snecko Eye"],"picked":"WristBlade"},{"not_picked":["SacredBark","Ring of the Serpent"],"picked":"Calling Bell"}],"items_purged_floors":[2,21,30,41],"is_endless":false,"potions_floor_spawned":[3,11,12,13,20,28,29,33,36,37],"ascension_level":3}}