{"host":"t1puqh5lxz8sp6fn","time":1613248995,"event":{"mods":["AchievementEnabler","BaseMod","Colored Powertips","Minty Spire (QoL Compilation)","Rare Cards Sparkle","Relic Stats","StSLib"],"gold_per_floor":[115,135,145,163,163,190,190,221,221,60,135,100,19,32,32,109,109,121,53,53,53,53,53,87,98,98,146,168,212,239,251,263,275,275],"floor_reached":33,"playtime":1142,"items_purged":["Strike_B"],"score":513,"play_id":"27c12051-b6d8-444d-9c99-8f9a14c2b110","local_time":"20210213174315","is_ascension_mode":true,"campfire_choices":[{"data":"Doom and Gloom","floor":7.0,"key":"SMITH"},{"floor":15,"key":"REST"},{"data":"Trip","floor":23,"key":"SMITH"},{"floor":32,"key":"REST"}],"circlet_count":0,"master_deck":["AscendersBane","Strike_B","Strike_B","Strike_B+1","Defend_B","Defend_B","Defend_B","Defend_B","Zap","Dualcast","Blind+1","Ball Lightning","Self Repair","Lockon","Glacier","Doom and Gloom+1","Cold Snap+1","Trip+1","Undo","Leap","Electrodynamics","Compile Driver+1","Defragment","RitualDagger+1","Turbo","Barrage+1","Loop","Fission+1"],"relics":["Cracked Core","CaptainsWheel","Ornamental Fan","Molten Egg 2","Sozu","Enchiridion","Whetstone","Toxic Egg 2","MawBank","Boot","Pen Nib"],"acts_visited":["Exordium","TheCity"],"potions_floor_usage":[8,28],"damage_taken":[{"damage":0.0,"enemies":"Cultist","floor":1.0,"turns":3.0},{"damage":7.0,"enemies":"Jaw Worm","floor":2.0,"turns":3.0},{"damage":2.0,"enemies":"2 Louse","floor":3.0,"turns":2.0},{"damage":19.0,"enemies":"Large Slime","floor":4.0,"turns":5.0},{"damage":21.0,"enemies":"Lagavulin","floor":6.0,"turns":6.0},{"damage":19,"enemies":"3 Sentries","floor":8,"turns":7},{"damage":0,"enemies":"Blue Slaver","floor":14,"turns":2},{"damage":27,"enemies":"The Guardian","floor":16,"turns":13},{"damage":0,"enemies":"Spheric Guardian","floor":18,"turns":5},{"damage":38,"enemies":"Book of Stabbing","floor":24,"turns":6},{"damage":3,"enemies":"Shell Parasite","floor":25,"turns":4},{"damage":1,"enemies":"3 Cultists","floor":28,"turns":5},{"damage":2,"enemies":"Gremlin Leader","floor":29,"turns":7},{"damage":21,"enemies":"Shelled Parasite and Fungi","floor":30,"turns":4},{"damage":52,"enemies":"Collector","floor":33,"turns":6}],"seed_played":"-3542865126888117372","potions_obtained":[{"floor":2.0,"key":"DuplicationPotion"},{"floor":6.0,"key":"FocusPotion"},{"floor":8,"key":"Regen Potion"},{"floor":14,"key":"Ancient Potion"}],"is_trial":false,"path_per_floor":["M","M","M","M","?","E","R","E","T","$","?","?","$","M","R","B",null,"M","$","$","?","?","R","E","M","T","T","M","E","M","?","R","B"],"character_chosen":"DEFECT","items_purchased":["Trip","Undo","Defragment"],"campfire_rested":2,"item_purchase_floors":[10,13,19],"current_hp_per_floor":[64,57,55,43,43,29,29,17,17,17,6,23,23,23,44,24,59,66,66,66,45,39,39,8,12,12,12,32,37,16,16,37,0,0],"gold":275,"neow_bonus":"RANDOM_COLORLESS","is_daily":false,"chose_seed":false,"campfire_upgraded":2,"win_rate":0.0,"timestamp":1613248995,"path_taken":["M","M","?","M","?","E","R","E","T","$","?","?","?","?","R","BOSS","M","?","$","?","?","R","E","M","T","?","?","E","M","?","R","BOSS"],"items_purchased_type":["Card","Card","Card"],"build_version":"2020-12-13","purchased_purges":1,"victory":false,"max_hp_per_floor":[71,71,71,71,71,71,71,71,71,71,71,71,71,71,71,71,71,71,71,71,71,71,71,71,71,71,71,71,71,71,71,71,71,71],"relic_stats":{"Sozu":3,"counters":[15,78],"Ornamental Fan":[32],"Pen Nib":[0],"Whetstone":["Cold Snap","Strike_B"],"MawBank":72,"Boot":[3],"obtain_stats":[{"Sozu":17,"CaptainsWheel":6,"Ornamental Fan":8,"Enchiridion":21,"Molten Egg 2":9,"Pen Nib":31,"Whetstone":24,"Toxic Egg 2":26,"Cracked Core":0,"MawBank":27,"Boot":29},{"Sozu":8,"CaptainsWheel":5,"Ornamental Fan":6,"Enchiridion":9,"Molten Egg 2":6,"Pen Nib":14,"Whetstone":10,"Toxic Egg 2":11,"Cracked Core":0,"MawBank":11,"Boot":13},{"Sozu":41,"CaptainsWheel":19,"Ornamental Fan":26,"Enchiridion":46,"Molten Egg 2":26,"Pen Nib":72,"Whetstone":52,"Toxic Egg 2":56,"Cracked Core":0,"MawBank":56,"Boot":68}]},"card_choices":[{"not_picked":["Discovery","Trip"],"picked":"Blind","floor":0.0},{"not_picked":["Coolheaded","Beam Cell"],"picked":"Ball Lightning","floor":1.0},{"not_picked":["Gash","Compile Driver"],"picked":"Self Repair","floor":2.0},{"not_picked":["Ball Lightning","Turbo"],"picked":"Lockon","floor":3.0},{"not_picked":["Machine Learning","Ball Lightning"],"picked":"Glacier","floor":4.0},{"not_picked":["Redo","Sunder"],"picked":"Doom and Gloom","floor":6.0},{"not_picked":["Steam","Heatsinks"],"picked":"Cold Snap","floor":8},{"not_picked":["Cold Snap+1","Go for the Eyes+1"],"picked":"Leap","floor":14},{"not_picked":["Meteor Strike+1","Biased Cognition"],"picked":"Electrodynamics","floor":16},{"not_picked":["Beam Cell+1","Capacitor"],"picked":"Compile Driver+1","floor":18},{"not_picked":["Multi-Cast","Ball Lightning+1"],"picked":"Turbo","floor":24},{"not_picked":["Gash+1","Force Field+1"],"picked":"Barrage+1","floor":25},{"not_picked":["Go for the Eyes+1","Turbo+1"],"picked":"Loop","floor":28},{"not_picked":["Rebound+1","Beam Cell+1","Compile Driver+1"],"picked":"SKIP","floor":29},{"not_picked":["Hologram+1","Force Field+1"],"picked":"Fission+1","floor":30}],"player_experience":521424,"relics_obtained":[{"floor":6.0,"key":"CaptainsWheel"},{"floor":8,"key":"Ornamental Fan"},{"floor":9,"key":"Molten Egg 2"},{"floor":21,"key":"Enchiridion"},{"floor":24,"key":"Whetstone"},{"floor":26,"key":"Toxic Egg 2"},{"floor":27,"key":"MawBank"},{"floor":29,"key":"Boot"}],"event_choices":[{"damage_healed":0.0,"max_hp_gain":0.0,"max_hp_loss":0.0,"gold_gain":0.0,"event_name":"Living Wall","player_choice":"Grow","floor":5.0,"gold_loss":0.0,"damage_taken":0.0,"cards_upgraded":["Blind"]},{"damage_healed":0,"gold_gain":75,"player_choice":"Gather Gold","damage_taken":11,"max_hp_gain":0,"max_hp_loss":0,"event_name":"World of Goop","floor":11,"gold_loss":0},{"damage_healed":17,"gold_gain":0,"player_choice":"Healed","damage_taken":0,"max_hp_gain":0,"max_hp_loss":0,"event_name":"The Cleric","floor":12,"gold_loss":35},{"damage_healed":0,"gold_gain":0,"player_choice":"Obtained Book","damage_taken":21,"max_hp_gain":0,"max_hp_loss":0,"event_name":"Cursed Tome","floor":21,"gold_loss":0},{"damage_healed":0,"gold_gain":0,"player_choice":"Joined the Cult","damage_taken":6,"max_hp_gain":0,"max_hp_loss":0,"event_name":"Nest","floor":22,"gold_loss":0,"cards_obtained":["RitualDagger"]},{"damage_healed":0,"gold_gain":0,"player_choice":"Gave Potion","damage_taken":0,"relics_obtained":["Pen Nib"],"max_hp_gain":0,"max_hp_loss":0,"event_name":"WeMeetAgain","floor":31,"gold_loss":0}],"is_beta":false,"boss_relics":[{"not_picked":["Velvet Choker","Pandora\u0027s Box"],"picked":"Sozu"}],"items_purged_floors":[10],"is_endless":false,"potions_floor_spawned":[2,6,8,14,25,28,30],"killed_by":"Collector","ascension_level":15}}