{"host":"640uue19m79c7wbt","time":1613240035,"event":{"mods":["BaseMod","Colored Map","Googly Eyes","Highlight Path","Minty Spire (QoL Compilation)","Quick Restart","StSLib"],"gold_per_floor":[110,260,230,245,76,110,124,159,159,159,159,159],"floor_reached":11,"language":"ENG","playtime":313,"items_purged":["Doubt"],"score":212,"play_id":"7e324e38-7b8e-4c55-861f-985691e2cb7f","local_time":"20210213131355","is_ascension_mode":true,"campfire_choices":[{"data":"Cloak And Dagger","floor":10,"key":"SMITH"}],"circlet_count":0,"master_deck":["AscendersBane","Strike_G","Strike_G","Strike_G","Strike_G","Strike_G","Defend_G","Defend_G","Defend_G","Defend_G","Defend_G","Survivor","Neutralize","PiercingWail","Noxious Fumes","Escape Plan","Cloak And Dagger+1","Leg Sweep","Corpse Explosion"],"relics":["Ring of the Snake","NeowsBlessing","Ornamental Fan","Incense Burner","Gambling Chip"],"acts_visited":["Exordium"],"potions_floor_usage":[7,7,8,11],"damage_taken":[{"damage":0,"enemies":"Jaw Worm","floor":1,"turns":1},{"damage":0,"enemies":"Cultist","floor":4,"turns":1},{"damage":0,"enemies":"Lagavulin","floor":6,"turns":1},{"damage":2,"enemies":"Small Slimes","floor":7,"turns":4},{"damage":24,"enemies":"3 Sentries","floor":8,"turns":10},{"damage":38,"enemies":"Gremlin Nob","floor":11,"turns":5}],"seed_played":"-3902457343132682363","potions_obtained":[{"floor":3,"key":"Energy Potion"},{"floor":3,"key":"Ancient Potion"},{"floor":6,"key":"CunningPotion"},{"floor":7,"key":"Fruit Juice"},{"floor":8,"key":"ColorlessPotion"}],"is_trial":false,"path_per_floor":["M","?","?","M","$","E","M","E","T","R","E"],"character_chosen":"THE_SILENT","items_purchased":["Escape Plan","Cloak And Dagger"],"campfire_rested":0,"item_purchase_floors":[5,5],"current_hp_per_floor":[59,59,59,59,59,59,62,38,38,38,0,0],"gold":159,"neow_bonus":"THREE_ENEMY_KILL","is_daily":false,"chose_seed":false,"campfire_upgraded":1,"win_rate":0.0,"timestamp":1613240035,"path_taken":["M","?","?","?","$","E","M","E","T","R","E"],"items_purchased_type":["Card","Card"],"build_version":"2020-12-22","purchased_purges":1,"victory":false,"max_hp_per_floor":[66,66,66,66,66,66,71,71,71,71,71,71],"card_choices":[{"not_picked":["Bane","Outmaneuver"],"picked":"PiercingWail","floor":1},{"not_picked":["Poisoned Stab","Endless Agony"],"picked":"Noxious Fumes","floor":4},{"not_picked":["Acrobatics","Infinite Blades"],"picked":"Leg Sweep","floor":6},{"not_picked":["Poisoned Stab","Outmaneuver","Backflip"],"picked":"SKIP","floor":7},{"not_picked":["Blade Dance","Deflect"],"picked":"Corpse Explosion","floor":8}],"player_experience":682429,"relics_obtained":[{"floor":6,"key":"Ornamental Fan"},{"floor":8,"key":"Incense Burner"},{"floor":9,"key":"Gambling Chip"}],"event_choices":[{"damage_healed":0,"gold_gain":150,"player_choice":"AGREE","damage_taken":0,"max_hp_gain":0,"max_hp_loss":0,"event_name":"Liars Game","floor":2,"gold_loss":0,"cards_obtained":["Doubt"]},{"damage_healed":0,"gold_gain":0,"player_choice":"Bought 2 Potions","damage_taken":0,"max_hp_gain":0,"max_hp_loss":0,"event_name":"The Woman in Blue","floor":3,"gold_loss":0}],"is_beta":false,"boss_relics":[],"items_purged_floors":[5],"is_endless":false,"potions_floor_spawned":[6,7,8],"killed_by":"Gremlin Nob","ascension_level":20}}