{"host":"skr63qsdfgeey3it","time":1613200114,"event":{"mods":["BaseMod","Colored Map","Hubris","Minty Spire (QoL Compilation)","Monster B Gone","Reliquary","Replay The Spire","Spicy Shops","StSLib"],"gold_per_floor":[118,130,130,130,1,1,33,33,33,53,71,71,71,104,104,104,104],"floor_reached":16,"language":"ENG","playtime":413,"items_purged":["Spreading Infection"],"score":233,"play_id":"9b12ce7c-7e8b-412c-b08b-34c82da45d5b","local_time":"20210213010834","is_ascension_mode":true,"campfire_choices":[{"data":"Tempest","floor":6,"key":"SMITH"},{"data":"Zap","floor":12,"key":"SMITH"},{"floor":15,"key":"REST"}],"circlet_count":0,"master_deck":["AscendersBane","Strike_B","Strike_B","Strike_B","Defend_B","Defend_B","Defend_B+1","Defend_B","Zap+1","Dualcast","Conserve Battery","Tempest+1","Ball Lightning","Conserve Battery","hubris:DoWhile"],"relics":["Cracked Core","NeowsBlessing","ReplayTheSpireMod:Ring of Exchange","Ring of Shattering","reliquary:Aerogel","hubris:MysteriousPyramids","Ice Cream"],"acts_visited":["Exordium"],"potions_floor_usage":[14,16],"damage_taken":[{"damage":0,"enemies":"Small Slimes","floor":1,"turns":1},{"damage":0,"enemies":"Jaw Worm","floor":2,"turns":1},{"damage":0,"enemies":"Lagavulin","floor":7,"turns":1},{"damage":0,"enemies":"Cultist","floor":10,"turns":2},{"damage":12,"enemies":"Exordium Wildlife","floor":11,"turns":2},{"damage":16,"enemies":"3 Sentries","floor":14,"turns":4},{"damage":81,"enemies":"Fading Forest","floor":16,"turns":10}],"seed_played":"8617518648328242644","potions_obtained":[{"floor":7,"key":"SpeedPotion"},{"floor":11,"key":"Fire Potion"}],"is_trial":false,"path_per_floor":["M","M","?","?","$","R","E","$","T","M","M","R","?","E","R","B"],"character_chosen":"DEFECT","items_purchased":["Ball Lightning"],"campfire_rested":1,"item_purchase_floors":[5],"current_hp_per_floor":[64,64,64,64,64,64,64,64,64,64,52,52,52,36,57,0,0],"gold":104,"neow_bonus":"THREE_ENEMY_KILL","is_daily":false,"chose_seed":false,"campfire_upgraded":2,"win_rate":0.0,"timestamp":1613200114,"path_taken":["M","M","?","?","$","R","E","?","T","?","M","R","?","E","R","BOSS"],"items_purchased_type":["Card"],"build_version":"2020-12-22","purchased_purges":1,"victory":false,"max_hp_per_floor":[71,71,71,71,71,71,71,71,71,71,71,71,71,71,71,71,71],"card_choices":[{"not_picked":["Streamline","Compile Driver"],"picked":"Conserve Battery","floor":1},{"not_picked":["Leap","Redo"],"picked":"Tempest","floor":2},{"not_picked":["Blizzard","Compile Driver","Sweeping Beam"],"picked":"SKIP","floor":7},{"not_picked":["ReplayGash","Aggregate","Skim"],"picked":"SKIP","floor":10},{"not_picked":["Fusion","FTL"],"picked":"Conserve Battery","floor":11},{"not_picked":["Auto Shields","Reprogram"],"picked":"hubris:DoWhile","floor":14}],"player_experience":965535,"relics_obtained":[{"floor":3,"key":"ReplayTheSpireMod:Ring of Exchange"},{"floor":3,"key":"Ring of Shattering"},{"floor":7,"key":"reliquary:Aerogel"},{"floor":9,"key":"hubris:MysteriousPyramids"},{"floor":14,"key":"Ice Cream"}],"event_choices":[{"cards_removed":["Strike_B"],"damage_healed":0,"gold_gain":0,"player_choice":"Forget","damage_taken":0,"max_hp_gain":0,"max_hp_loss":0,"event_name":"Living Wall","floor":13,"gold_loss":0}],"is_beta":false,"boss_relics":[],"items_purged_floors":[5],"is_endless":false,"potions_floor_spawned":[7,11],"killed_by":"Fading Forest","ascension_level":15}}