{"host":"mwb0clku6crgv6yl","time":1613189121,"event":{"mods":["AchievementEnabler","BaseMod","Highlight Path","Koishi","Minty Spire (QoL Compilation)","Replay The Spire","StSLib","The Construct","The Cursed","The Gatherer","The Hierophant"],"gold_per_floor":[117,130,280,347,130,130,156,156,156,39,59,78,94,119,201,201,201],"floor_reached":16,"language":"ZHS","playtime":635,"items_purged":["Doubt","Strike_G"],"score":200,"play_id":"6cef640e-5103-46dc-8343-d4a19d40369c","local_time":"20210213120521","is_ascension_mode":true,"campfire_choices":[{"data":"Accuracy","floor":6,"key":"SMITH"},{"data":"Neutralize","floor":8,"key":"SMITH"}],"circlet_count":0,"master_deck":["AscendersBane","Strike_G","Strike_G","Strike_G","Strike_G","Defend_G","Defend_G","Defend_G","Defend_G","Defend_G","Survivor","Neutralize+1","Outmaneuver","Dash","Accuracy+1","Hidden Blade","Backstab","Slice","Cloak And Dagger","Backflip","Hidden Blade","Accuracy","Flying Knee"],"relics":["Ring of the Snake","NeowsBlessing","BargainBundle","Blue Doll","Juzu Bracelet","Orichalcum"],"acts_visited":["Exordium"],"potions_floor_usage":[14,16],"damage_taken":[{"damage":0,"enemies":"Jaw Worm","floor":1,"turns":1},{"damage":0,"enemies":"Small Slimes","floor":2,"turns":1},{"damage":0,"enemies":"2 Louse","floor":11,"turns":1},{"damage":3,"enemies":"Exordium Thugs","floor":12,"turns":4},{"damage":1,"enemies":"3 Louse","floor":13,"turns":3},{"damage":22,"enemies":"Lagavulin","floor":14,"turns":8},{"damage":33,"enemies":"Fading Forest","floor":16,"turns":10}],"seed_played":"-6195138158089340878","potions_obtained":[],"is_trial":false,"path_per_floor":["M","M","?","?","$","R","T","R","T","$","M","M","M","E","R","B"],"character_chosen":"THE_SILENT","items_purchased":["BargainBundle","Accuracy","Hidden Blade","Backstab","Energy Potion","SkillPotion","Slice","Cloak And Dagger"],"campfire_rested":0,"item_purchase_floors":[5,5,5,5,5,5,5,10],"current_hp_per_floor":[59,59,59,59,59,59,59,59,59,59,59,56,55,33,33,0,0],"gold":201,"neow_bonus":"THREE_ENEMY_KILL","is_daily":false,"chose_seed":false,"campfire_upgraded":2,"win_rate":0.0,"timestamp":1613189121,"path_taken":["M","M","?","?","$","R","?","R","T","$","M","M","M","E","R","BOSS"],"items_purchased_type":["Relic","Card","Card","Card","Potion","Potion","Card","Card"],"build_version":"2020-12-22","purchased_purges":2,"victory":false,"max_hp_per_floor":[66,66,66,66,66,66,66,66,66,66,66,66,66,66,66,66,66],"card_choices":[{"not_picked":["Distraction","Terror"],"picked":"Outmaneuver","floor":1},{"not_picked":["Bane","Poisoned Stab"],"picked":"Dash","floor":2},{"not_picked":["Bane","Deadly Poison"],"picked":"Backflip","floor":11},{"not_picked":["Skewer","Bane"],"picked":"Hidden Blade","floor":12},{"not_picked":["Footwork","Dagger Spray"],"picked":"Accuracy","floor":13},{"not_picked":["Caltrops","Predator"],"picked":"Flying Knee","floor":14}],"player_experience":308514,"relics_obtained":[{"floor":7,"key":"Blue Doll"},{"floor":9,"key":"Juzu Bracelet"},{"floor":14,"key":"Orichalcum"}],"event_choices":[{"damage_healed":0,"gold_gain":150,"player_choice":"AGREE","damage_taken":0,"max_hp_gain":0,"max_hp_loss":0,"event_name":"Liars Game","floor":3,"gold_loss":0,"cards_obtained":["Doubt"]},{"damage_healed":0,"gold_gain":67,"player_choice":"Gained Gold","damage_taken":0,"max_hp_gain":0,"max_hp_loss":0,"event_name":"Golden Wing","floor":4,"gold_loss":0}],"is_beta":false,"boss_relics":[],"items_purged_floors":[5,10],"is_endless":false,"potions_floor_spawned":[12],"killed_by":"Fading Forest","ascension_level":20}}