{"host":"m500rreartb26utt","time":1613248753,"event":{"mods":["100% Spire Juice","AchievementEnabler","BaseMod","Colored Powertips","GifTheSpireLib","Minty Spire (QoL Compilation)","StSLib"],"gold_per_floor":[119,24,11,86,113,156,156,19,19,19,19,19,47,47,47,160,40,69,91,91,100,100,100],"floor_reached":22,"language":"ENG","playtime":1671,"items_purged":[],"score":182,"play_id":"ade38c33-6e81-4f76-bf2c-d22b17942f59","local_time":"20210213143913","is_ascension_mode":false,"campfire_choices":[{"floor":7,"key":"REST"},{"floor":12,"key":"REST"},{"data":"Moonworks:Ambush","floor":15,"key":"SMITH"}],"circlet_count":0,"master_deck":["Moonworks:Strike","Moonworks:Strike","Moonworks:Strike","Moonworks:Strike","Moonworks:Defend","Moonworks:Defend+1","Moonworks:Defend","Moonworks:Defend","Moonworks:Ambush+1","Moonworks:LongDistanceShot","Moonworks:EvilSpyWorkPreparation","Moonworks:CloudOfSeagulls","Moonworks:JonathanRush","Moonworks:NicePresent+1","Moonworks:EvilSpyWorkPreparation","Moonworks:LulusLuckyEgg","Moonworks:ScrambledEve","Moonworks:PlushieMaster","Moonworks:EvilSpyWorkPreparation+1","Moonworks:CookingTime","Necronomicurse"],"relics":["Moonworks:SBBomb","Moonworks:Homemark","CeramicFish","Eternal Feather","Question Card","Pear","Unceasing Top","Necronomicon"],"acts_visited":["Exordium","TheCity"],"potions_floor_usage":[16,16],"damage_taken":[{"damage":1,"enemies":"Cultist","floor":1,"turns":3},{"damage":5,"enemies":"Jaw Worm","floor":2,"turns":4},{"damage":2,"enemies":"Small Slimes","floor":5,"turns":3},{"damage":40,"enemies":"Gremlin Nob","floor":6,"turns":5},{"damage":13,"enemies":"Exordium Wildlife","floor":13,"turns":3},{"damage":47,"enemies":"The Guardian","floor":16,"turns":11},{"damage":20,"enemies":"2 Thieves","floor":18,"turns":3},{"damage":14,"enemies":"Shell Parasite","floor":19,"turns":3},{"damage":24,"enemies":"Masked Bandits","floor":22,"turns":2}],"seed_played":"8418675672013318797","potions_obtained":[{"floor":2,"key":"CultistPotion"},{"floor":6,"key":"Swift Potion"},{"floor":13,"key":"LiquidBronze"},{"floor":18,"key":"SpeedPotion"},{"floor":19,"key":"Weak Potion"}],"is_trial":false,"path_per_floor":["M","M","$","?","M","E","R","$","T","$","?","R","M","?","R","B",null,"M","M","?","?","?"],"character_chosen":"THE_STARBREAKER","items_purchased":["Moonworks:JonathanRush","Moonworks:LulusLuckyEgg"],"campfire_rested":2,"item_purchase_floors":[3,8],"current_hp_per_floor":[59,54,54,43,41,1,28,28,28,28,16,43,30,40,49,2,70,50,36,36,20,0,0],"gold":100,"neow_bonus":"RANDOM_COMMON_RELIC","is_daily":false,"chose_seed":false,"campfire_upgraded":1,"win_rate":0.0,"timestamp":1613248753,"path_taken":["M","?","$","?","M","E","R","?","T","$","?","R","M","?","R","BOSS","M","M","?","?","?"],"items_purchased_type":["Card","Card"],"build_version":"2020-12-22","purchased_purges":0,"victory":false,"max_hp_per_floor":[60,60,60,60,60,60,60,60,60,60,60,60,60,70,70,70,70,70,70,70,70,70,70],"card_choices":[{"not_picked":["Moonworks:IndiscriminateFireSupport","Moonworks:SakisCookie"],"picked":"Moonworks:EvilSpyWorkPreparation","floor":1},{"not_picked":["Moonworks:BigMagnum","Moonworks:Assault"],"picked":"Moonworks:CloudOfSeagulls","floor":2},{"not_picked":["Moonworks:BigBangBell","Moonworks:Assault"],"picked":"Moonworks:NicePresent","floor":5},{"not_picked":["Moonworks:FinalBattle","Moonworks:SakisCookie"],"picked":"Moonworks:EvilSpyWorkPreparation","floor":6},{"not_picked":["Moonworks:IndiscriminateFireSupport","Moonworks:LulusLuckyEgg","Moonworks:NicePresent"],"picked":"Moonworks:ScrambledEve","floor":13},{"not_picked":["Moonworks:Encore","Moonworks:EvilMastermind","Moonworks:ShieldCounter"],"picked":"Moonworks:PlushieMaster","floor":16},{"not_picked":["Moonworks:SakisCookie","Moonworks:MixPhenomenon","Moonworks:Assault"],"picked":"Moonworks:EvilSpyWorkPreparation+1","floor":18},{"not_picked":["Moonworks:IndiscriminateFireSupport","Moonworks:SakisCookie","Moonworks:SweetBattle"],"picked":"Moonworks:CookingTime","floor":19}],"player_experience":83781,"relics_obtained":[{"floor":6,"key":"Eternal Feather"},{"floor":9,"key":"Question Card"},{"floor":21,"key":"Necronomicon"}],"event_choices":[{"damage_healed":0,"gold_gain":75,"player_choice":"Gather Gold","damage_taken":11,"max_hp_gain":0,"max_hp_loss":0,"event_name":"World of Goop","floor":4,"gold_loss":0},{"damage_healed":0,"gold_gain":0,"player_choice":"Entered Light","damage_taken":12,"max_hp_gain":0,"max_hp_loss":0,"event_name":"Shining Light","floor":11,"gold_loss":0,"cards_upgraded":["Moonworks:Defend","Moonworks:NicePresent"]},{"damage_healed":0,"gold_gain":0,"player_choice":"Searched \u00271\u0027 times","damage_taken":0,"relics_obtained":["Pear"],"max_hp_gain":0,"max_hp_loss":0,"event_name":"Dead Adventurer","floor":14,"gold_loss":0},{"damage_healed":0,"gold_gain":0,"player_choice":"Opened","damage_taken":0,"relics_obtained":["Unceasing Top"],"max_hp_gain":0,"max_hp_loss":0,"event_name":"The Mausoleum","floor":20,"gold_loss":0},{"damage_healed":0,"gold_gain":0,"player_choice":"Obtained Book","damage_taken":16,"max_hp_gain":0,"max_hp_loss":0,"event_name":"Cursed Tome","floor":21,"gold_loss":0},{"damage_healed":0,"gold_gain":0,"player_choice":"Fought Bandits","damage_taken":0,"max_hp_gain":0,"max_hp_loss":0,"event_name":"Masked Bandits","floor":22,"gold_loss":0}],"is_beta":false,"boss_relics":[{"not_picked":["Empty Cage","Runic Pyramid"],"picked":"Moonworks:SBBomb"}],"items_purged_floors":[],"is_endless":false,"potions_floor_spawned":[2,6,13,18,19],"killed_by":"Masked Bandits","ascension_level":0}}