{"host":"4epvxsx6d4oxmc67","time":1613247303,"event":{"mods":["AchievementEnabler","BaseMod","Colored Map","Highlight Path","Minty Spire (QoL Compilation)"],"gold_per_floor":[117,117,117,131,149,149,182,182,182,182,132,132,146,146,146,251,251,266,266,121,121,41,41,60,60,86,120,136,150,150,170,170,170,170],"floor_reached":33,"language":"ENG","playtime":1600,"items_purged":["Defend_G","Defend_G"],"score":302,"play_id":"a5994cd7-42c2-40a9-b476-c33ee166f209","local_time":"20210213201503","is_ascension_mode":true,"campfire_choices":[{"data":"Quick Slash","floor":6.0,"key":"SMITH"},{"floor":8.0,"key":"REST"},{"data":"Neutralize","floor":12.0,"key":"SMITH"},{"data":"Catalyst","floor":15.0,"key":"SMITH"},{"data":"Noxious Fumes","floor":23.0,"key":"SMITH"},{"data":"Blur","floor":25.0,"key":"SMITH"},{"floor":30,"key":"REST"},{"floor":32,"key":"REST"}],"circlet_count":0,"master_deck":["Strike_G","Strike_G","Strike_G","Defend_G+1","Defend_G","Defend_G","Survivor+1","Neutralize+1","Quick Slash+1","Leg Sweep","Poisoned Stab","Catalyst+1","After Image","Blur+1","Poisoned Stab","Noxious Fumes+1","PiercingWail","Blur","Backstab","Dagger Spray"],"relics":["Ring of the Serpent","Gremlin Horn","The Courier","Ice Cream","MutagenicStrength","PreservedInsect","Bottled Flame"],"acts_visited":["Exordium","TheCity"],"potions_floor_usage":[27,33],"damage_taken":[{"damage":1.0,"enemies":"Cultist","floor":1.0,"turns":5.0},{"damage":0.0,"enemies":"Jaw Worm","floor":4.0,"turns":4.0},{"damage":0.0,"enemies":"Small Slimes","floor":5.0,"turns":5.0},{"damage":13.0,"enemies":"3 Sentries","floor":7.0,"turns":15.0},{"damage":0.0,"enemies":"3 Louse","floor":13.0,"turns":3.0},{"damage":17.0,"enemies":"Slime Boss","floor":16.0,"turns":14.0},{"damage":9.0,"enemies":"Shell Parasite","floor":18.0,"turns":9.0},{"damage":21.0,"enemies":"3 Byrds","floor":24.0,"turns":5.0},{"damage":21,"enemies":"Gremlin Leader","floor":27,"turns":4},{"damage":2,"enemies":"Centurion and Healer","floor":28,"turns":8},{"damage":0,"enemies":"Snecko","floor":29,"turns":6},{"damage":0,"enemies":"3 Cultists","floor":31,"turns":6},{"damage":63,"enemies":"Champ","floor":33,"turns":14}],"seed_played":"-1406934262636400926","potions_obtained":[{"floor":1.0,"key":"Strength Potion"},{"floor":4.0,"key":"Energy Potion"},{"floor":16.0,"key":"Explosive Potion"},{"floor":24.0,"key":"Fire Potion"},{"floor":29,"key":"AttackPotion"},{"floor":31,"key":"SneckoOil"}],"is_trial":false,"path_per_floor":["M","?","?","M","M","R","E","R","T","?","?","R","M","?","R","B",null,"M","?","$","?","$","R","M","R","T","E","M","M","R","M","R","B"],"character_chosen":"THE_SILENT","items_purchased":["Noxious Fumes","PiercingWail"],"campfire_rested":3,"item_purchase_floors":[20,20],"current_hp_per_floor":[69,55,48,48,48,48,35,56,56,31,31,31,31,54,54,37,70,61,61,61,61,61,61,40,40,40,19,17,17,38,38,59,0,0],"gold":170,"neow_bonus":"REMOVE_CARD","is_daily":false,"chose_seed":false,"campfire_upgraded":5,"win_rate":0.0,"timestamp":1613247303,"path_taken":["M","?","?","M","M","R","E","R","T","?","?","R","M","?","R","BOSS","M","?","?","?","$","R","M","R","T","E","?","M","R","M","R","BOSS"],"items_purchased_type":["Card","Card"],"build_version":"2020-12-22","purchased_purges":2,"victory":false,"max_hp_per_floor":[70,70,70,70,70,70,70,70,70,70,70,70,70,70,70,70,70,70,70,70,70,70,70,70,70,70,70,70,70,70,70,70,70,70],"card_choices":[{"not_picked":["Expertise","Bane"],"picked":"Quick Slash","floor":1.0},{"not_picked":["Dodge and Roll","Well Laid Plans"],"picked":"Leg Sweep","floor":4.0},{"not_picked":["Bane","Slice"],"picked":"Wraith Form v2","floor":5.0},{"not_picked":["Slice","Doppelganger"],"picked":"Poisoned Stab","floor":7.0},{"not_picked":["Poisoned Stab","Outmaneuver"],"picked":"Catalyst","floor":13.0},{"not_picked":["A Thousand Cuts","Doppelganger"],"picked":"After Image","floor":16.0},{"not_picked":["Deflect+1","Slice"],"picked":"Blur","floor":18.0},{"not_picked":["Deadly Poison+1","Setup","PiercingWail+1"],"picked":"SKIP","floor":24.0},{"not_picked":["Dodge and Roll","Sucker Punch"],"picked":"Blur","floor":27},{"not_picked":["Heel Hook","Tactician"],"picked":"Backstab","floor":28},{"not_picked":["Tactician","Quick Slash"],"picked":"Dagger Spray","floor":29},{"not_picked":["Cloak And Dagger","Underhanded Strike","Sucker Punch+1"],"picked":"SKIP","floor":31}],"player_experience":114242,"relics_obtained":[{"floor":7.0,"key":"Gremlin Horn"},{"floor":9.0,"key":"The Courier"},{"floor":26.0,"key":"PreservedInsect"},{"floor":27,"key":"Bottled Flame"}],"event_choices":[{"damage_healed":0.0,"max_hp_gain":0.0,"max_hp_loss":0.0,"gold_gain":0.0,"event_name":"Shining Light","player_choice":"Entered Light","floor":2.0,"gold_loss":0.0,"damage_taken":14.0,"cards_upgraded":["Defend_G","Survivor"]},{"cards_removed":["Strike_G"],"damage_healed":0.0,"max_hp_gain":0.0,"max_hp_loss":0.0,"gold_gain":0.0,"event_name":"Golden Wing","player_choice":"Card Removal","floor":3.0,"gold_loss":0.0,"damage_taken":7.0},{"damage_healed":0.0,"max_hp_gain":0.0,"max_hp_loss":0.0,"gold_gain":0.0,"event_name":"Scrap Ooze","player_choice":"Success","floor":10.0,"gold_loss":0.0,"damage_taken":25.0,"relics_obtained":["Ice Cream"]},{"cards_removed":["Wraith Form v2"],"damage_healed":0.0,"max_hp_gain":0.0,"max_hp_loss":0.0,"gold_gain":0.0,"event_name":"The Cleric","player_choice":"Card Removal","floor":11.0,"gold_loss":50.0,"damage_taken":0.0},{"damage_healed":23.0,"max_hp_gain":0.0,"max_hp_loss":0.0,"gold_gain":0.0,"event_name":"Big Fish","player_choice":"Banana","floor":14.0,"gold_loss":0.0,"damage_taken":0.0},{"damage_healed":0.0,"max_hp_gain":0.0,"max_hp_loss":0.0,"gold_gain":0.0,"event_name":"Duplicator","player_choice":"Copied","floor":19.0,"gold_loss":0.0,"damage_taken":0.0,"cards_obtained":["Poisoned Stab"]},{"damage_healed":0.0,"max_hp_gain":0.0,"max_hp_loss":0.0,"gold_gain":0.0,"event_name":"Drug Dealer","player_choice":"Inject Mutagens","floor":21.0,"gold_loss":0.0,"damage_taken":0.0,"relics_obtained":["MutagenicStrength"]}],"is_beta":false,"boss_relics":[{"not_picked":["Velvet Choker","WristBlade"],"picked":"Ring of the Serpent"}],"items_purged_floors":[20,22],"is_endless":false,"potions_floor_spawned":[1,4,16,24,29,31],"killed_by":"Champ","ascension_level":3}}