{"host":"zlqt5v02sur1j944","time":1613204617,"event":{"mods":["BaseMod","Highlight Path","Minty Spire (QoL Compilation)","Relic Stats","StSLib"],"gold_per_floor":[119,119,44,144,164,191,191,221,221,221,221,221,221],"floor_reached":12,"language":"ENG","playtime":246,"items_purged":["Defend_G"],"score":218,"play_id":"9e57daf7-6fda-49ab-9bc6-e46ce57e21ae","local_time":"20210213002337","is_ascension_mode":true,"campfire_choices":[{"data":"Infinite Blades","floor":7,"key":"SMITH"},{"data":"Accuracy","floor":11,"key":"SMITH"}],"circlet_count":0,"master_deck":["AscendersBane","Strike_G","Strike_G","Strike_G","Defend_G","Defend_G","Defend_G","Defend_G","Survivor","Neutralize","Accuracy+1","Deadly Poison","Infinite Blades+1","Blade Dance"],"relics":["Ring of the Snake","NeowsBlessing","Singing Bowl","Matryoshka","InkBottle","Pen Nib"],"acts_visited":["Exordium"],"potions_floor_usage":[8],"damage_taken":[{"damage":0,"enemies":"Jaw Worm","floor":1,"turns":1},{"damage":0,"enemies":"Cultist","floor":5,"turns":1},{"damage":0,"enemies":"Lagavulin","floor":6,"turns":1},{"damage":29,"enemies":"Gremlin Nob","floor":8,"turns":4},{"damage":25,"enemies":"3 Sentries","floor":12,"turns":3}],"seed_played":"-8534326995487725587","potions_obtained":[{"floor":1,"key":"SteroidPotion"}],"is_trial":false,"path_per_floor":["M","?","$","?","M","E","R","E","T","?","R","E"],"character_chosen":"THE_SILENT","items_purchased":[],"campfire_rested":0,"item_purchase_floors":[],"current_hp_per_floor":[59,52,52,52,52,52,52,23,23,23,23,0,0],"gold":221,"neow_bonus":"THREE_ENEMY_KILL","is_daily":false,"chose_seed":false,"campfire_upgraded":2,"win_rate":0.0,"timestamp":1613204617,"path_taken":["M","?","$","?","?","E","R","E","T","?","R","E"],"items_purchased_type":[],"build_version":"2020-12-22","purchased_purges":1,"victory":false,"max_hp_per_floor":[66,66,66,66,66,66,66,66,66,66,66,66,66],"relic_stats":{"Singing Bowl":0,"counters":[5,10],"Pen Nib":[0],"obtain_stats":[{"Matryoshka":8,"NeowsBlessing":0,"Singing Bowl":6,"Pen Nib":9,"InkBottle":9,"Ring of the Snake":0},{"Matryoshka":4,"NeowsBlessing":0,"Singing Bowl":3,"Pen Nib":4,"InkBottle":4,"Ring of the Snake":0},{"Matryoshka":7,"NeowsBlessing":0,"Singing Bowl":3,"Pen Nib":7,"InkBottle":7,"Ring of the Snake":0}],"InkBottle":[1],"Ring of the Snake":[10]},"card_choices":[{"not_picked":["Eviscerate","Slice"],"picked":"Accuracy","floor":1},{"not_picked":["Slice","Catalyst"],"picked":"Deadly Poison","floor":5},{"not_picked":["Sucker Punch","Finisher"],"picked":"Infinite Blades","floor":6},{"not_picked":["Riddle With Holes","Eviscerate"],"picked":"Blade Dance","floor":8}],"player_experience":1241657,"relics_obtained":[{"floor":6,"key":"Singing Bowl"},{"floor":8,"key":"Matryoshka"},{"floor":9,"key":"InkBottle"},{"floor":9,"key":"Pen Nib"}],"event_choices":[{"cards_removed":["Strike_G"],"damage_healed":0,"gold_gain":0,"player_choice":"Card Removal","damage_taken":7,"max_hp_gain":0,"max_hp_loss":0,"event_name":"Golden Wing","floor":2,"gold_loss":0},{"damage_healed":0,"gold_gain":100,"player_choice":"Gold","damage_taken":0,"max_hp_gain":0,"max_hp_loss":0,"event_name":"Wheel of Change","floor":4,"gold_loss":0},{"cards_removed":["Strike_G"],"damage_healed":0,"gold_gain":0,"player_choice":"Offered Basic","damage_taken":0,"max_hp_gain":0,"max_hp_loss":0,"event_name":"Bonfire Elementals","floor":10,"gold_loss":0}],"is_beta":false,"boss_relics":[],"items_purged_floors":[3],"is_endless":false,"potions_floor_spawned":[1],"killed_by":"3 Sentries","ascension_level":20}}