{"host":"zlryddw6xv0ljf8b","time":1613194808,"event":{"mods":["AchievementEnabler","BaseMod","Colored Map","Colored Powertips","Highlight Path","Minty Spire (QoL Compilation)","Permanent Neow","Quick Restart","StSLib"],"gold_per_floor":[219,239,314,333,333,349,349,424,448,56,56,75,95,112,112,212,212,222,250,260,274,274,274,308,308,308,325,20,54,64,77,77,178,178,194,194,209,226,246,246,273,273,273,283,283,295,315,162,162,162,162,162,37,66,66],"floor_reached":56,"language":"ENG","playtime":3875,"items_purged":["Strike_B","Strike_B","Strike_B"],"score":1290,"play_id":"908e7747-3a8f-4017-a34c-b379e4e26c49","local_time":"20210212234008","is_ascension_mode":false,"campfire_choices":[{"data":"Zap","floor":7.0,"key":"SMITH"},{"floor":11.0,"key":"REST"},{"data":"Dualcast","floor":15.0,"key":"SMITH"},{"data":"Reboot","floor":23,"key":"SMITH"},{"data":"Cold Snap","floor":32,"key":"SMITH"},{"floor":40,"key":"RECALL"},{"data":"Echo Form","floor":42,"key":"SMITH"},{"data":"Echo Form","floor":45,"key":"SMITH"},{"floor":49,"key":"REST"},{"data":"Cold Snap","floor":52,"key":"SMITH"}],"circlet_count":0,"master_deck":["Defend_B","Defend_B","Defend_B","Defend_B","Zap+1","Dualcast+1","Cold Snap+1","Cold Snap","Cold Snap+1","Reboot+1","Consume+1","Coolheaded+1","Seek+1","Cold Snap+1","Redo+1","Leap+1","Shame","Coolheaded+1","Echo Form+1","Echo Form+1","Chill+1","Loop+1","Tempest+1","Capacitor+1","Blizzard+1","Double Energy+1","Double Energy+1","Seek+1","Coolheaded+1","Skim+1"],"relics":["FrozenCore","Akabeko","Toxic Egg 2","Philosopher\u0027s Stone","Red Mask","Anchor","White Beast Statue","Du-Vu Doll","Runic Capacitor","Ancient Tea Set","Bag of Marbles","Orrery","Centennial Puzzle"],"acts_visited":["Exordium","TheCity","TheBeyond","TheEnding"],"potions_floor_usage":[19,24,29,33,33,33,41,50,55,55,55,55,55,55],"damage_taken":[{"damage":1.0,"enemies":"Cultist","floor":1.0,"turns":4.0},{"damage":3.0,"enemies":"Jaw Worm","floor":2.0,"turns":4.0},{"damage":0.0,"enemies":"2 Louse","floor":4.0,"turns":2.0},{"damage":21.0,"enemies":"Large Slime","floor":6.0,"turns":8.0},{"damage":3.0,"enemies":"Blue Slaver","floor":12.0,"turns":3.0},{"damage":1.0,"enemies":"Looter","floor":13.0,"turns":3.0},{"damage":4.0,"enemies":"Red Slaver","floor":14.0,"turns":3.0},{"damage":0.0,"enemies":"Hexaghost","floor":16.0,"turns":12.0},{"damage":11.0,"enemies":"3 Byrds","floor":18.0,"turns":7.0},{"damage":2,"enemies":"Masked Bandits","floor":19,"turns":3},{"damage":0,"enemies":"Spheric Guardian","floor":20,"turns":4},{"damage":0,"enemies":"Snake Plant","floor":21,"turns":3},{"damage":15,"enemies":"Slavers","floor":24,"turns":9},{"damage":0,"enemies":"Chosen and Byrds","floor":27,"turns":7},{"damage":9,"enemies":"Gremlin Leader","floor":29,"turns":10},{"damage":1,"enemies":"Shelled Parasite and Fungi","floor":30,"turns":10},{"damage":0,"enemies":"Centurion and Healer","floor":31,"turns":6},{"damage":0,"enemies":"Champ","floor":33,"turns":17},{"damage":0,"enemies":"3 Darklings","floor":35,"turns":7},{"damage":0,"enemies":"Orb Walker","floor":37,"turns":3},{"damage":17,"enemies":"Transient","floor":38,"turns":5},{"damage":0,"enemies":"Sphere and 2 Shapes","floor":39,"turns":9},{"damage":17,"enemies":"Nemesis","floor":41,"turns":11},{"damage":0,"enemies":"Spire Growth","floor":44,"turns":4},{"damage":9,"enemies":"Transient","floor":46,"turns":5},{"damage":0,"enemies":"Maw","floor":47,"turns":9},{"damage":3,"enemies":"Awakened One","floor":50,"turns":9},{"damage":0,"enemies":"Shield and Spear","floor":54,"turns":6},{"damage":22,"enemies":"The Heart","floor":55,"turns":9}],"seed_played":"-7550498487331715304","potions_obtained":[{"floor":6.0,"key":"FocusPotion"},{"floor":13.0,"key":"FearPotion"},{"floor":16.0,"key":"BlessingOfTheForge"},{"floor":19,"key":"FearPotion"},{"floor":20,"key":"Dexterity Potion"},{"floor":21,"key":"PotionOfCapacity"},{"floor":24,"key":"GamblersBrew"},{"floor":29,"key":"EntropicBrew"},{"floor":31,"key":"FocusPotion"},{"floor":33,"key":"CultistPotion"},{"floor":35,"key":"DistilledChaos"},{"floor":38,"key":"Weak Potion"},{"floor":41,"key":"GamblersBrew"},{"floor":44,"key":"EntropicBrew"},{"floor":47,"key":"Block Potion"},{"floor":54,"key":"DuplicationPotion"}],"is_trial":false,"path_per_floor":["M","M","?","M","?","M","R","?","T","$","R","M","M","M","R","B",null,"M","?","M","M","?","R","E","?","T","M","$","E","M","M","R","B",null,"M","?","M","M","M","R","E","R","T","M","R","M","M","$","R","B",null,"R","$","E","B",null],"character_chosen":"DEFECT","items_purchased":["Toxic Egg 2","Consume+1","Runic Capacitor","Coolheaded+1","Orrery"],"campfire_rested":2,"item_purchase_floors":[10,10,28,28,48],"current_hp_per_floor":[74,71,64,64,57,36,36,25,25,25,47,44,43,39,39,39,75,64,62,62,62,62,62,47,47,47,47,47,38,37,37,37,37,75,75,75,75,58,58,58,41,41,41,41,41,32,32,32,54,51,75,75,75,75,53],"gold":66,"neow_bonus":"HUNDRED_GOLD","is_daily":false,"chose_seed":false,"campfire_upgraded":7,"win_rate":0.0,"timestamp":1613194808,"path_taken":["M","?","?","?","?","M","R","?","T","$","R","M","M","M","R","BOSS","M","?","M","M","?","R","E","?","T","M","$","E","M","M","R","BOSS","M","?","M","M","M","R","E","R","T","?","R","M","M","$","R","BOSS","R","$","E","BOSS"],"items_purchased_type":["Relic","Card","Relic","Card","Relic"],"build_version":"2020-12-22","purchased_purges":3,"victory":true,"max_hp_per_floor":[75,75,75,75,75,75,75,75,75,75,75,75,75,75,75,75,75,75,75,75,75,75,75,75,75,75,75,75,75,75,75,75,75,75,75,75,75,75,75,75,75,75,75,75,75,75,75,75,75,75,75,75,75,75,75],"card_choices":[{"not_picked":["Barrage","Conserve Battery"],"picked":"Cold Snap","floor":1.0},{"not_picked":["Leap","Hologram"],"picked":"Cold Snap","floor":2.0},{"not_picked":["Leap","Aggregate"],"picked":"Cold Snap","floor":4.0},{"not_picked":["Reinforced Body","Turbo"],"picked":"Reboot","floor":6.0},{"not_picked":["Self Repair","BootSequence+1","Steam+1"],"picked":"SKIP","floor":12.0},{"not_picked":["Recycle+1","Hologram+1"],"picked":"Coolheaded+1","floor":13.0},{"not_picked":["Gash","Sweeping Beam","Self Repair"],"picked":"SKIP","floor":14.0},{"not_picked":["Buffer","Biased Cognition"],"picked":"Seek+1","floor":16.0},{"not_picked":["Heatsinks","Leap+1"],"picked":"Cold Snap+1","floor":18.0},{"not_picked":["Conserve Battery+1","Stack+1"],"picked":"Redo+1","floor":20},{"not_picked":["Consume+1","Creative AI"],"picked":"Leap+1","floor":21},{"not_picked":["Fusion+1","Sweeping Beam","Rebound"],"picked":"SKIP","floor":24},{"not_picked":["Fusion+1","Sweeping Beam","Rebound"],"picked":"SKIP","floor":24},{"not_picked":["Fusion+1","Sweeping Beam","Rebound"],"picked":"SKIP","floor":24},{"not_picked":["Chaos+1","Consume+1","Gash"],"picked":"SKIP","floor":27},{"not_picked":["Self Repair+1","Hello World","Turbo+1"],"picked":"SKIP","floor":29},{"not_picked":["Force Field+1","Go for the Eyes+1","Aggregate+1"],"picked":"SKIP","floor":30},{"not_picked":["Turbo+1","Reinforced Body+1","Undo+1"],"picked":"SKIP","floor":31},{"not_picked":["Core Surge","Machine Learning"],"picked":"Echo Form","floor":33},{"not_picked":["Conserve Battery+1","Stack+1","Cold Snap+1"],"picked":"SKIP","floor":35},{"not_picked":["Rebound","Genetic Algorithm+1"],"picked":"Chill+1","floor":37},{"not_picked":["Hologram+1","Stack+1"],"picked":"Loop+1","floor":38},{"not_picked":["Cold Snap","Undo+1"],"picked":"Tempest+1","floor":39},{"not_picked":["Creative AI","Gash+1"],"picked":"Capacitor+1","floor":41},{"not_picked":["Compile Driver","Darkness+1"],"picked":"Blizzard+1","floor":44},{"not_picked":["Beam Cell","Go for the Eyes","Capacitor"],"picked":"SKIP","floor":46},{"not_picked":["Turbo+1","Chaos+1","Ball Lightning"],"picked":"SKIP","floor":47},{"not_picked":["Rip and Tear","Stack+1"],"picked":"Double Energy+1","floor":48},{"not_picked":["Steam+1","Turbo+1"],"picked":"Double Energy+1","floor":48},{"not_picked":["Stack+1","Tempest+1"],"picked":"Seek+1","floor":48},{"not_picked":["Chaos+1","Compile Driver+1"],"picked":"Coolheaded+1","floor":48},{"not_picked":["FTL+1","Sunder"],"picked":"Skim+1","floor":48},{"not_picked":["Beam Cell","Turbo+1","Gash"],"picked":"SKIP","floor":54}],"player_experience":86298,"relics_obtained":[{"floor":9.0,"key":"Akabeko"},{"floor":19,"key":"Red Mask"},{"floor":24,"key":"Anchor"},{"floor":26,"key":"Du-Vu Doll"},{"floor":29,"key":"Ancient Tea Set"},{"floor":41,"key":"Bag of Marbles"},{"floor":54,"key":"Centennial Puzzle"}],"event_choices":[{"damage_healed":0.0,"max_hp_gain":0.0,"max_hp_loss":0.0,"gold_gain":75.0,"event_name":"FaceTrader","player_choice":"Touch","floor":3.0,"gold_loss":0.0,"damage_taken":7.0},{"cards_removed":["Strike_B"],"damage_healed":0.0,"max_hp_gain":0.0,"max_hp_loss":0.0,"gold_gain":0.0,"event_name":"Golden Wing","player_choice":"Card Removal","floor":5.0,"gold_loss":0.0,"damage_taken":7.0},{"damage_healed":0.0,"max_hp_gain":0.0,"max_hp_loss":0.0,"gold_gain":75.0,"event_name":"World of Goop","player_choice":"Gather Gold","floor":8.0,"gold_loss":0.0,"damage_taken":11.0},{"damage_healed":0,"gold_gain":0,"player_choice":"Fought Bandits","damage_taken":0,"max_hp_gain":0,"max_hp_loss":0,"event_name":"Masked Bandits","floor":19,"gold_loss":0},{"damage_healed":0,"gold_gain":0,"player_choice":"Ignored","damage_taken":0,"max_hp_gain":0,"max_hp_loss":0,"event_name":"Vampires","floor":22,"gold_loss":0},{"damage_healed":0,"gold_gain":0,"player_choice":"Stole Relic","damage_taken":0,"relics_obtained":["White Beast Statue"],"max_hp_gain":0,"max_hp_loss":0,"event_name":"Addict","floor":25,"gold_loss":0,"cards_obtained":["Shame"]},{"damage_healed":0,"gold_gain":0,"player_choice":"Copied","damage_taken":0,"max_hp_gain":0,"max_hp_loss":0,"event_name":"Duplicator","floor":36,"gold_loss":0,"cards_obtained":["Echo Form"]}],"is_beta":false,"boss_relics":[{"not_picked":["Tiny House","Pandora\u0027s Box"],"picked":"Philosopher\u0027s Stone"},{"not_picked":["Astrolabe","Runic Dome"],"picked":"FrozenCore"}],"items_purged_floors":[10,28,53],"is_endless":false,"potions_floor_spawned":[6,13,16,19,20,21,24,27,29,30,31,33,35,37,38,39,41,44,46,47,54],"ascension_level":0}}