{"host":"rmsq46plbpwfbxcc","time":1613230217,"event":{"mods":["AchievementEnabler","BaseMod","Colored Map","Colored Powertips","DeckTracker","KOR Keyword Fix","Minty Spire (QoL Compilation)","Permanent Neow","Quick Restart","SuperFastMode"],"gold_per_floor":[118,118,132,57,69,97,97,130,130,160,177,177,77,88,88,188,188,200,210,210,223,240,274,149,149,149,149,176,194,226,244,244,349,349,367,382,392,66,66,66,116,135,135,135,170,170,170,203,203,203,203,203,6,34,34],"floor_reached":56,"language":"KOR","playtime":2470,"items_purged":["Storm of Steel","Tools of the Trade","Dagger Spray"],"score":1528,"play_id":"0d446c44-c329-4838-b383-87abb4ca8091","local_time":"20210214003017","is_ascension_mode":true,"campfire_choices":[{"data":"Envenom","floor":7.0,"key":"SMITH"},{"data":"Blade Dance","floor":12.0,"key":"SMITH"},{"data":"Bullet Time","floor":15.0,"key":"SMITH"},{"data":"After Image","floor":27.0,"key":"SMITH"},{"data":"Burst","floor":32.0,"key":"SMITH"},{"data":"Cloak And Dagger","floor":40,"key":"SMITH"},{"data":"A Thousand Cuts","floor":44,"key":"SMITH"},{"data":"Accuracy","floor":47,"key":"SMITH"},{"floor":49,"key":"RECALL"},{"data":"Choke","floor":52,"key":"SMITH"}],"circlet_count":0,"master_deck":["Survivor","Neutralize","Die Die Die","Dodge and Roll","Envenom+1","Choke+1","Burst+1","Acrobatics","Cloak And Dagger+1","Bullet Time+1","Adrenaline","Blade Dance+1","Escape Plan","After Image+1","Finisher+1","Footwork+1","A Thousand Cuts+1","PiercingWail+1","Flash of Steel+1","Accuracy+1","Well Laid Plans","Blur"],"relics":["Molten Egg 2","Paper Crane","Vajra","Sundial","Philosopher\u0027s Stone","Nloth\u0027s Gift","StrikeDummy","Mercury Hourglass","Empty Cage","Pantograph","Tough Bandages","Prayer Wheel","Calipers","Strawberry","Oddly Smooth Stone"],"acts_visited":["Exordium","TheCity","TheBeyond","TheEnding"],"potions_floor_usage":[41,45,55,55,55],"damage_taken":[{"damage":2.0,"enemies":"Cultist","floor":1.0,"turns":3.0},{"damage":12.0,"enemies":"Jaw Worm","floor":3.0,"turns":2.0},{"damage":0.0,"enemies":"Small Slimes","floor":5.0,"turns":2.0},{"damage":12.0,"enemies":"3 Sentries","floor":6.0,"turns":6.0},{"damage":6.0,"enemies":"Lagavulin","floor":8.0,"turns":5.0},{"damage":8.0,"enemies":"Red Slaver","floor":11.0,"turns":4.0},{"damage":0.0,"enemies":"Blue Slaver","floor":14.0,"turns":1.0},{"damage":0.0,"enemies":"Slime Boss","floor":16.0,"turns":8.0},{"damage":0.0,"enemies":"2 Thieves","floor":18.0,"turns":2.0},{"damage":0.0,"enemies":"3 Byrds","floor":19.0,"turns":3.0},{"damage":6.0,"enemies":"Centurion and Healer","floor":21.0,"turns":5.0},{"damage":0.0,"enemies":"Sentry and Sphere","floor":22.0,"turns":3.0},{"damage":0.0,"enemies":"Gremlin Leader","floor":23.0,"turns":4.0},{"damage":10.0,"enemies":"Slavers","floor":28.0,"turns":5.0},{"damage":7.0,"enemies":"3 Cultists","floor":29.0,"turns":4.0},{"damage":23.0,"enemies":"Gremlin Leader","floor":30.0,"turns":5.0},{"damage":0.0,"enemies":"Snake Plant","floor":31.0,"turns":4.0},{"damage":7.0,"enemies":"Automaton","floor":33.0,"turns":6.0},{"damage":2,"enemies":"Orb Walker","floor":35,"turns":2},{"damage":1,"enemies":"3 Shapes","floor":36,"turns":5},{"damage":0,"enemies":"Writhing Mass","floor":37,"turns":5},{"damage":0,"enemies":"Mind Bloom Boss Battle","floor":41,"turns":5},{"damage":4,"enemies":"Transient","floor":42,"turns":5},{"damage":14,"enemies":"Nemesis","floor":45,"turns":5},{"damage":5,"enemies":"Giant Head","floor":48,"turns":5},{"damage":28,"enemies":"Donu and Deca","floor":50,"turns":9},{"damage":24,"enemies":"Shield and Spear","floor":54,"turns":7},{"damage":70,"enemies":"The Heart","floor":55,"turns":10}],"seed_played":"637688845301020245","potions_obtained":[{"floor":6.0,"key":"Swift Potion"},{"floor":14.0,"key":"Poison Potion"},{"floor":16.0,"key":"AttackPotion"},{"floor":21.0,"key":"SpeedPotion"},{"floor":28.0,"key":"FearPotion"},{"floor":30.0,"key":"Dexterity Potion"},{"floor":31.0,"key":"Regen Potion"},{"floor":33.0,"key":"Explosive Potion"},{"floor":42,"key":"BlessingOfTheForge"}],"is_trial":false,"path_per_floor":["M","T","M","$","M","E","R","E","T","?","M","R","$","M","R","B",null,"M","M","?","M","M","E","$","?","T","R","E","M","E","M","R","B",null,"M","M","M","$","?","R","?","M","T","R","E","?","R","E","R","B",null,"R","$","E","B",null],"character_chosen":"THE_SILENT","items_purchased":["Flash of Steel+1","Pantograph","Well Laid Plans","Blur","FearPotion"],"campfire_rested":0,"item_purchase_floors":[38,38,53,53,53],"current_hp_per_floor":[68,68,56,56,56,44,44,38,38,38,30,30,30,30,30,30,70,70,70,70,64,64,64,64,64,64,64,54,47,24,24,24,32,70,68,67,67,67,67,67,70,66,66,66,52,52,52,54,54,45,73,73,73,49,3],"gold":34,"neow_bonus":"BOSS_RELIC","is_daily":false,"chose_seed":false,"campfire_upgraded":9,"win_rate":0.0,"timestamp":1613230217,"path_taken":["M","?","M","$","?","E","R","E","T","?","M","R","$","M","R","BOSS","M","M","?","M","M","E","$","?","T","R","E","M","E","M","R","BOSS","M","M","M","$","?","R","?","M","T","R","E","?","R","E","R","BOSS","R","$","E","BOSS"],"items_purchased_type":["Card","Relic","Card","Card","Potion"],"build_version":"2020-12-22","purchased_purges":3,"victory":true,"max_hp_per_floor":[70,70,70,70,70,70,70,70,70,70,70,70,70,70,70,70,70,70,70,70,70,70,70,70,70,70,70,70,70,70,70,70,70,70,70,70,70,70,70,70,70,70,70,70,70,66,66,73,73,73,73,73,73,73,73],"card_choices":[{"not_picked":["Quick Slash","Tactician"],"picked":"Acrobatics","floor":1.0},{"not_picked":["Slice+1","Skewer+1"],"picked":"Cloak And Dagger","floor":3.0},{"not_picked":["Dodge and Roll","Riddle With Holes+1"],"picked":"Bullet Time","floor":5.0},{"not_picked":["Outmaneuver","Eviscerate+1"],"picked":"Adrenaline","floor":6.0},{"not_picked":["Calculated Gamble","Acrobatics","Tools of the Trade"],"picked":"SKIP","floor":8.0},{"not_picked":["Sucker Punch+1","Deadly Poison"],"picked":"Blade Dance","floor":11.0},{"not_picked":["Deadly Poison","All Out Attack+1"],"picked":"Escape Plan","floor":14.0},{"not_picked":["Burst","Wraith Form v2"],"picked":"After Image","floor":16.0},{"not_picked":["Quick Slash+1","Outmaneuver+1","Bane+1"],"picked":"SKIP","floor":18.0},{"not_picked":["Riddle With Holes+1","Expertise","Deadly Poison"],"picked":"SKIP","floor":19.0},{"not_picked":["Concentrate","Dagger Spray+1","Prepared"],"picked":"SKIP","floor":21.0},{"not_picked":["Outmaneuver","Flechettes+1","Blade Dance+1"],"picked":"SKIP","floor":22.0},{"not_picked":["Finisher+1","Riddle With Holes+1","Flechettes+1"],"picked":"SKIP","floor":23.0},{"not_picked":["Tools of the Trade","Acrobatics"],"picked":"Footwork+1","floor":28.0},{"not_picked":["Dagger Throw+1","Poisoned Stab+1","Endless Agony+1"],"picked":"SKIP","floor":29.0},{"not_picked":["Expertise","Slice+1","Malaise"],"picked":"SKIP","floor":30.0},{"not_picked":["Deflect","Blade Dance","Footwork"],"picked":"SKIP","floor":31.0},{"not_picked":["Wraith Form v2","Adrenaline"],"picked":"A Thousand Cuts","floor":33.0},{"not_picked":["Slice+1","Endless Agony+1","Underhanded Strike+1"],"picked":"SKIP","floor":35},{"not_picked":["Slice+1","Endless Agony+1"],"picked":"PiercingWail+1","floor":36},{"not_picked":["Prepared+1","Bouncing Flask","Underhanded Strike+1"],"picked":"SKIP","floor":37},{"not_picked":["Predator+1","Tactician","Sucker Punch+1"],"picked":"SKIP","floor":42},{"not_picked":["Unload+1","Footwork+1"],"picked":"Accuracy","floor":45},{"not_picked":["Underhanded Strike+1","Finisher+1","Predator+1"],"picked":"SKIP","floor":48},{"not_picked":["Setup","Burst","Cloak And Dagger"],"picked":"SKIP","floor":54}],"player_experience":634802,"relics_obtained":[{"floor":2.0,"key":"Molten Egg 2"},{"floor":6.0,"key":"Paper Crane"},{"floor":8.0,"key":"Vajra"},{"floor":9.0,"key":"Sundial"},{"floor":28.0,"key":"StrikeDummy"},{"floor":30.0,"key":"Mercury Hourglass"},{"floor":41,"key":"Tough Bandages"},{"floor":43,"key":"Prayer Wheel"},{"floor":45,"key":"Calipers"},{"floor":48,"key":"Strawberry"},{"floor":54,"key":"Oddly Smooth Stone"}],"event_choices":[{"damage_healed":0.0,"max_hp_gain":0.0,"max_hp_loss":0.0,"gold_gain":30.0,"event_name":"Dead Adventurer","player_choice":"Searched \u00271\u0027 times","floor":10.0,"gold_loss":0.0,"damage_taken":0.0},{"damage_healed":0.0,"max_hp_gain":0.0,"max_hp_loss":0.0,"gold_gain":0.0,"event_name":"The Library","player_choice":"Read","floor":20.0,"gold_loss":0.0,"damage_taken":0.0,"cards_obtained":["Finisher"]},{"damage_healed":0.0,"max_hp_gain":0.0,"max_hp_loss":0.0,"gold_gain":0.0,"event_name":"N\u0027loth","player_choice":"Traded Relic","floor":25.0,"relics_lost":["Pandora\u0027s Box"],"gold_loss":0.0,"damage_taken":0.0,"relics_obtained":["Nloth\u0027s Gift"]},{"damage_healed":0,"gold_gain":0,"player_choice":"Memory 1","damage_taken":0,"max_hp_gain":0,"max_hp_loss":0,"event_name":"SensoryStone","floor":39,"gold_loss":0},{"damage_healed":0,"gold_gain":0,"player_choice":"Fight","damage_taken":0,"max_hp_gain":0,"max_hp_loss":0,"event_name":"MindBloom","floor":41,"gold_loss":0},{"damage_healed":0,"gold_gain":0,"player_choice":"Max HP","damage_taken":0,"max_hp_gain":0,"max_hp_loss":4,"event_name":"Winding Halls","floor":46,"gold_loss":0}],"is_beta":false,"boss_relics":[{"not_picked":["Runic Pyramid","SacredBark"],"picked":"Philosopher\u0027s Stone"},{"not_picked":["Velvet Choker","Sozu"],"picked":"Empty Cage"}],"items_purged_floors":[4,13,24],"is_endless":false,"potions_floor_spawned":[6,14,16,21,28,29,30,31,33,35,42],"ascension_level":2}}