{"host":"26mrfot5w7uj2ebc","time":1613224199,"event":{"mods":["AchievementEnabler","BaseMod","Colored Map","Curses Come First","Minty Spire (QoL Compilation)","StSLib"],"gold_per_floor":[118,135,135,135,152,152,162,172,172,172,183,358,358,27,27,132,182,193,193,204,57,33,68,83,83,83,83,113,127,127,151,151,151,151],"floor_reached":33,"language":"KOR","playtime":1067,"items_purged":["Doubt"],"score":375,"play_id":"fdcd560f-5277-4415-8b95-b67ab70ecc54","local_time":"20210213224959","is_ascension_mode":false,"campfire_choices":[{"data":"Neutralize","floor":6.0,"key":"SMITH"},{"floor":10.0,"key":"REST"},{"data":"Bouncing Flask","floor":15.0,"key":"SMITH"},{"floor":25.0,"key":"REST"},{"data":"Phantasmal Killer","floor":27.0,"key":"SMITH"},{"floor":32,"key":"REST"}],"circlet_count":0,"master_deck":["Strike_G","Strike_G","Strike_G","Strike_G","Defend_G","Defend_G","Defend_G+1","Defend_G","Defend_G","Survivor","Neutralize+1","Blade Dance+1","Predator","PiercingWail+1","Bouncing Flask+1","Cloak And Dagger","Phantasmal Killer+1","Accuracy+1","Terror+1","Writhe","Calculated Gamble+1","Prepared","Infinite Blades+1","Cloak And Dagger","Outmaneuver+1"],"relics":["SlaversCollar","Frozen Egg 2","Matryoshka","StrikeDummy","Tiny House","Paper Crane","PreservedInsect","Bottled Lightning","Toxic Egg 2","Mummified Hand","Anchor","War Paint"],"acts_visited":["Exordium","TheCity"],"potions_floor_usage":[33],"damage_taken":[{"damage":1.0,"enemies":"Cultist","floor":1.0,"turns":5.0},{"damage":5.0,"enemies":"Small Slimes","floor":2.0,"turns":3.0},{"damage":0.0,"enemies":"2 Louse","floor":5.0,"turns":2.0},{"damage":3.0,"enemies":"Large Slime","floor":7.0,"turns":6.0},{"damage":7.0,"enemies":"Exordium Thugs","floor":8.0,"turns":5.0},{"damage":5.0,"enemies":"Looter","floor":11.0,"turns":3.0},{"damage":26.0,"enemies":"Hexaghost","floor":16.0,"turns":8.0},{"damage":0.0,"enemies":"Chosen","floor":18.0,"turns":3.0},{"damage":5.0,"enemies":"3 Byrds","floor":20.0,"turns":6.0},{"damage":18.0,"enemies":"Book of Stabbing","floor":23.0,"turns":3.0},{"damage":19.0,"enemies":"Shelled Parasite and Fungi","floor":24.0,"turns":3.0},{"damage":22.0,"enemies":"Slavers","floor":28.0,"turns":3.0},{"damage":0.0,"enemies":"Cultist and Chosen","floor":29.0,"turns":5.0},{"damage":67,"enemies":"Automaton","floor":33,"turns":6}],"seed_played":"-1233944359619428165","potions_obtained":[{"floor":2.0,"key":"Poison Potion"},{"floor":16.0,"key":"GamblersBrew"},{"floor":17.0,"key":"Poison Potion"},{"floor":18.0,"key":"PowerPotion"},{"floor":24.0,"key":"Strength Potion"},{"floor":29.0,"key":"Swift Potion"}],"is_trial":false,"path_per_floor":["M","M","?","?","M","R","M","M","T","R","M","?","?","$","R","B",null,"M","?","M","$","$","E","M","R","T","R","E","M","?","T","R","B"],"character_chosen":"THE_SILENT","items_purchased":["StrikeDummy","PreservedInsect","Prepared"],"campfire_rested":3,"item_purchase_floors":[14,21,22],"current_hp_per_floor":[69,64,64,57,57,57,54,47,47,68,63,63,63,63,63,37,75,75,75,70,70,70,52,33,55,55,55,33,33,33,33,55,0,0],"gold":151,"neow_bonus":"BOSS_RELIC","is_daily":false,"chose_seed":false,"campfire_upgraded":3,"win_rate":0.0,"timestamp":1613224199,"path_taken":["M","M","?","?","M","R","M","M","T","R","M","?","?","$","R","BOSS","M","?","M","$","?","E","M","R","T","R","E","M","?","?","R","BOSS"],"items_purchased_type":["Relic","Relic","Card"],"build_version":"2020-12-22","purchased_purges":1,"victory":false,"max_hp_per_floor":[70,70,70,70,70,70,70,70,70,70,70,70,70,70,70,70,75,75,75,75,75,75,75,75,75,75,75,75,75,75,75,75,75,75],"card_choices":[{"not_picked":["Flying Knee","Deadly Poison"],"picked":"Blade Dance","floor":1.0},{"not_picked":["Dodge and Roll","Outmaneuver"],"picked":"Predator","floor":2.0},{"not_picked":["Calculated Gamble","Dagger Throw"],"picked":"PiercingWail","floor":5.0},{"not_picked":["Expertise","Setup","Skewer"],"picked":"SKIP","floor":7.0},{"not_picked":["Backflip","Predator"],"picked":"Bouncing Flask","floor":8.0},{"not_picked":["PiercingWail","Flying Knee"],"picked":"Cloak And Dagger","floor":11.0},{"not_picked":["Night Terror","Storm of Steel"],"picked":"Phantasmal Killer","floor":16.0},{"not_picked":["Choke","Dash"],"picked":"Accuracy+1","floor":17.0},{"not_picked":["Prepared","Slice"],"picked":"Terror+1","floor":18.0},{"not_picked":["Dodge and Roll","Noxious Fumes+1"],"picked":"Calculated Gamble+1","floor":20.0},{"not_picked":["Quick Slash","Calculated Gamble"],"picked":"Infinite Blades+1","floor":23.0},{"not_picked":["Tactician","Dagger Spray"],"picked":"Cloak And Dagger","floor":24.0},{"not_picked":["Infinite Blades+1","All Out Attack","Flying Knee"],"picked":"SKIP","floor":28.0},{"not_picked":["Flechettes","Bane"],"picked":"Outmaneuver+1","floor":29.0}],"player_experience":237009,"relics_obtained":[{"floor":9.0,"key":"Matryoshka"},{"floor":23.0,"key":"Bottled Lightning"},{"floor":26.0,"key":"Toxic Egg 2"},{"floor":26.0,"key":"Mummified Hand"},{"floor":28.0,"key":"Anchor"},{"floor":31,"key":"War Paint"}],"event_choices":[{"cards_removed":["Strike_G"],"damage_healed":0.0,"max_hp_gain":0.0,"max_hp_loss":0.0,"gold_gain":0.0,"event_name":"Living Wall","player_choice":"Forget","floor":3.0,"gold_loss":0.0,"damage_taken":0.0},{"damage_healed":0.0,"max_hp_gain":0.0,"max_hp_loss":0.0,"gold_gain":0.0,"event_name":"Scrap Ooze","player_choice":"Success","floor":4.0,"gold_loss":0.0,"damage_taken":7.0,"relics_obtained":["Frozen Egg 2"]},{"damage_healed":0.0,"max_hp_gain":0.0,"max_hp_loss":0.0,"gold_gain":175.0,"event_name":"Liars Game","player_choice":"AGREE","floor":12.0,"gold_loss":0.0,"damage_taken":0.0,"cards_obtained":["Doubt"]},{"damage_healed":0.0,"max_hp_gain":0.0,"max_hp_loss":0.0,"gold_gain":0.0,"event_name":"Dead Adventurer","player_choice":"Searched \u00270\u0027 times","floor":13.0,"gold_loss":0.0,"damage_taken":0.0},{"damage_healed":0.0,"max_hp_gain":0.0,"max_hp_loss":0.0,"gold_gain":0.0,"event_name":"The Mausoleum","player_choice":"Opened","floor":19.0,"gold_loss":0.0,"damage_taken":0.0,"relics_obtained":["Paper Crane"],"cards_obtained":["Writhe"]},{"damage_healed":0,"gold_gain":0,"player_choice":"Ignored","damage_taken":0,"max_hp_gain":0,"max_hp_loss":0,"event_name":"Cursed Tome","floor":30,"gold_loss":0}],"is_beta":false,"boss_relics":[{"not_picked":["Runic Pyramid","SacredBark"],"picked":"Tiny House"}],"items_purged_floors":[14],"is_endless":false,"potions_floor_spawned":[2,16,18,24,29],"killed_by":"Automaton","ascension_level":0}}