{"host":"hg84m31tmv6ik0mt","time":1613191302,"event":{"mods":["Act Like it!","Arknights","Astrologer","BaseMod","Challenge The Spire","Chen","Downfall","KinomotoSakuraMod(ƒæ÷Æ±æ”£)","Koishi","Lobotomy","Marisa£®ÏF”Í°°ƒß¿Ì…≥£©","Minty Spire (QoL Compilation)","Reimu£®≤©¿ˆ¡È√Œ£©","Remilia£®¿Ÿ√◊¿Ú—«£©","StSLib","Td1madao Mod","The Bug Knight","The Cursed","The Poker Player","The Servant 0.9.4","Yakumo Yukari mod","Youmu£®ªÍ∆«—˝√Œ£©"],"gold_per_floor":[99,112,112,125,125,25,70,103,103,103],"floor_reached":8,"language":"ZHS","playtime":531,"items_purged":[],"score":54,"play_id":"0c803e9c-5d5c-4969-a387-f9e350710594","local_time":"20210213124142","is_ascension_mode":false,"campfire_choices":[{"floor":1,"key":"RECALL"},{"data":"Guardian:TwinSlam","floor":6,"key":"SMITH"}],"circlet_count":0,"master_deck":["Guardian:Strike_Guardian","Guardian:Strike_Guardian","Guardian:Strike_Guardian","Guardian:Strike_Guardian","Guardian:Defend_Guardian","Guardian:Defend_Guardian","Guardian:Defend_Guardian","Guardian:CurlUp","Guardian:TwinSlam+1","Guardian:BronzeOrb","Guardian:Gem_Cyan","Guardian:CrystalBeam"],"relics":["Guardian:ModeShifter","Blue Candle","downfall:HeartBlessingRed","Dream Catcher","Du-Vu Doll"],"acts_visited":["Exordium"],"potions_floor_usage":[],"damage_taken":[{"damage":1,"enemies":"Jaw Worm","floor":2,"turns":6},{"damage":0,"enemies":"Small Slimes","floor":4,"turns":3},{"damage":29,"enemies":"Lagavulin","floor":8,"turns":7}],"seed_played":"-5538496966776806381","potions_obtained":[{"floor":2,"key":"Explosive Potion"},{"floor":4,"key":"Dexterity Potion"}],"is_trial":false,"path_per_floor":["R","M","?","M","?","R","T","E"],"character_chosen":"GUARDIAN","items_purchased":[],"campfire_rested":0,"item_purchase_floors":[],"current_hp_per_floor":[88,87,82,82,82,82,82,53,53,53],"gold":103,"neow_bonus":"TEN_PERCENT_HP_BONUS","is_daily":false,"chose_seed":false,"campfire_upgraded":1,"win_rate":0.0,"timestamp":1613191302,"path_taken":["R","M","?","M","?","R","T","E"],"items_purchased_type":[],"build_version":"2020-12-22","purchased_purges":0,"victory":false,"max_hp_per_floor":[88,88,88,88,88,88,88,88,88,88],"card_choices":[{"not_picked":["Guardian:PiercingHide","Guardian:ShieldCharger"],"picked":"Guardian:BronzeOrb","floor":2},{"not_picked":["Guardian:TemporalShield","Guardian:TemporalStrike"],"picked":"Guardian:Gem_Cyan","floor":4},{"not_picked":["Guardian:WalkerClaw","Guardian:Gem_Green"],"picked":"Guardian:CrystalBeam","floor":8}],"player_experience":157949,"relics_obtained":[{"floor":7,"key":"Dream Catcher"},{"floor":8,"key":"Du-Vu Doll"}],"event_choices":[],"is_beta":false,"boss_relics":[],"items_purged_floors":[],"is_endless":false,"potions_floor_spawned":[2,4],"killed_by":"Lagavulin","ascension_level":0}}