{"host":"lnfs5t5iydkm2lft","time":1613201430,"event":{"mods":["AchievementEnabler","BaseMod","Better Third Choice","BetterRewards","Colored Powertips","Downfall","Hermit","Hubris","Infinite Spire","Marisa????????","Minty Spire (QoL Compilation)","Quick Restart","Replay The Spire","StSLib","The Runesmith","The Senshi","everything is the same but u backflip on backflip","slay the spire mod where everything is the same but ironclad has a cowboy hat"],"gold_per_floor":[99,99,99,20,31,44,44,86,109,128,142,142,169,169,193,295,295,295,316,308,16,45,64,89,127,144,44,65,93,93,201,220,325,325,125,143,155,155,177,203,203,253,303,303,319,347,347,359,372,372,372,372],"floor_reached":50,"language":"ENG","playtime":3775,"items_purged":["hexamod:Strike"],"score":574,"play_id":"9bcce4e2-36cc-40a0-9897-8a62bfe03bc5","local_time":"20210213013030","is_ascension_mode":false,"campfire_choices":[{"floor":18,"key":"RECALL"},{"data":"hexamod:ForkedFlame","floor":27,"key":"SMITH"},{"data":"expansioncontent:QuickStudy","floor":30,"key":"SMITH"},{"data":"hexamod:HexaLevel","floor":35,"key":"SMITH"},{"floor":44,"key":"REST"},{"data":"hexamod:GhostOfSpirePast","floor":47,"key":"SMITH"}],"circlet_count":0,"master_deck":["hexamod:Strike","hexamod:Strike","hexamod:Defend+1","hexamod:Defend","hexamod:Defend","hexamod:Defend","hexamod:InspiringFlames","hexamod:FastForward","hexamod:ThermalTransfer","hexamod:HeatMetal","hexamod:FastForward","hexamod:BurningTouch","hexamod:StepThrough","hexamod:ForkedFlame+1","hexamod:SecondSeal","hexamod:FourthSeal","hexamod:FirstSeal","hexamod:ThirdSeal","hexamod:FastForward","hexamod:ShieldOfDarkness","expansioncontent:QuickStudy+1","hexamod:GhostShield+1","hexamod:CatchUp+1","hexamod:SpectralAdrenaline","hexamod:FirstSeal","hexamod:BacktrackSmack","hexamod:GhostOfSpirePast+1","hexamod:Hexaguard+1","hexamod:SoulSteal","hexamod:AdvancingGuard+1","hexamod:UnleashSpirits","hexamod:HexaLevel+1","hexamod:RadiantFlame+1","hexamod:SoulSteal+1","hexamod:SkipABeat+1","hexamod:FastForward","hexamod:GhostOfSpirePast","infinitespire:Execution","ReplayTheSpireMod:Black Plague+1","hexamod:RetreatToShadows","hexamod:NightmareGuise","hexamod:EmpoweredFlame+1","hexamod:FastForward+1","hexamod:ForkedFlame","hexamod:RecurringNightmare+1","hexamod:RainOfEmbers+1"],"relics":["hexamod:SpiritBrand","downfall:HeartsMalice","theSenshi:FeatherClipsRelic","hubris:CrystalStatue","hubris:Backtick","Vampiric Spirits","hexamod:TheBrokenSeal","Ginger","downfall:HeartBlessingBlue","downfall:CloakOfManyFaces","CultistMask","FaceOfCleric","NlothsMask","GremlinMask","SsserpentHead","Astrolabe","downfall:HeartBlessingGreen","downfall:HeartBlessingRed","StoneCalendar","hubris:Towel"],"acts_visited":["Exordium","TheCity","TheBeyond"],"potions_floor_usage":[8,13,16,16,21,23,25,25,25,28,31,32,33,33,36,40,40,40,45,46,48],"damage_taken":[{"damage":0,"enemies":"Jaw Worm","floor":2,"turns":1},{"damage":0,"enemies":"Small Slimes","floor":3,"turns":1},{"damage":0,"enemies":"downfall:FleeingMerchant","floor":4,"turns":1},{"damage":0,"enemies":"Cultist","floor":5,"turns":4},{"damage":0,"enemies":"Blue Slaver","floor":6,"turns":3},{"damage":36,"enemies":"Lagavulin","floor":8,"turns":9},{"damage":0,"enemies":"Red Slaver","floor":9,"turns":4},{"damage":8,"enemies":"Exordium Wildlife","floor":10,"turns":5},{"damage":3,"enemies":"2 Fungi Beasts","floor":11,"turns":4},{"damage":10,"enemies":"Gremlin Gang","floor":13,"turns":6},{"damage":18,"enemies":"3 Louse","floor":15,"turns":5},{"damage":63,"enemies":"IC_STATUS_ARCHETYPE","floor":16,"turns":11},{"damage":17,"enemies":"Chosen","floor":19,"turns":5},{"damage":10,"enemies":"downfall:FleeingMerchant","floor":21,"turns":4},{"damage":10,"enemies":"Snecko","floor":22,"turns":6},{"damage":39,"enemies":"Snake Plant","floor":23,"turns":5},{"damage":10,"enemies":"Nightmare","floor":25,"turns":7},{"damage":11,"enemies":"Cultist and Chosen","floor":26,"turns":5},{"damage":15,"enemies":"Sentry and Sphere","floor":28,"turns":7},{"damage":15,"enemies":"Snecko","floor":29,"turns":6},{"damage":15,"enemies":"downfall:FaceTrader","floor":31,"turns":7},{"damage":17,"enemies":"Cultist and Chosen","floor":32,"turns":6},{"damage":33,"enemies":"WA_ARCHETYPE_CALM","floor":33,"turns":11},{"damage":7,"enemies":"3 Shapes","floor":36,"turns":4},{"damage":11,"enemies":"Orb Walker","floor":37,"turns":4},{"damage":30,"enemies":"3 Darklings","floor":39,"turns":7},{"damage":26,"enemies":"Transient","floor":40,"turns":5},{"damage":28,"enemies":"Spire Growth","floor":45,"turns":6},{"damage":6,"enemies":"3 Darklings","floor":46,"turns":4},{"damage":29,"enemies":"4 Shapes","floor":48,"turns":5},{"damage":31,"enemies":"Sphere and 2 Shapes","floor":49,"turns":6},{"damage":43,"enemies":"DF_ARCHETYPE_ORBS","floor":50,"turns":8}],"seed_played":"-321341602089625791","potions_obtained":[{"floor":6,"key":"Adrenaline Potion"},{"floor":8,"key":"sneckomod:MuddlingPotion"},{"floor":10,"key":"hexamod:EctoCoolerPotion"},{"floor":11,"key":"Elixir"},{"floor":16,"key":"bronze:BurnAndBuffPotion"},{"floor":16,"key":"SkillPotion"},{"floor":19,"key":"BlessingOfTheForge"},{"floor":22,"key":"ColorlessPotion"},{"floor":23,"key":"PowerPotion"},{"floor":25,"key":"hexamod:EctoCoolerPotion"},{"floor":25,"key":"DistilledChaos"},{"floor":26,"key":"Explosive Potion"},{"floor":28,"key":"Block Potion"},{"floor":28,"key":"AttackPotion"},{"floor":29,"key":"AttackPotion"},{"floor":31,"key":"Swift Potion"},{"floor":32,"key":"Toxic Potion"},{"floor":33,"key":"Guardian:BlockOnCardUsePotion"},{"floor":33,"key":"Fire Potion"},{"floor":36,"key":"Languid Potion"},{"floor":36,"key":"Adrenaline Potion"},{"floor":45,"key":"AttackPotion"},{"floor":45,"key":"GamblersBrew"}],"is_trial":false,"path_per_floor":["R","M","M","$","M","M","T","E","M","M","M","?","M","?","M","B",null,"R","M","?","$","M","M","T","NM","M","R","M","M","R","?","M","B",null,"R","M","M","AVR","M","M","T","?","?","R","M","M","R","M","M","B"],"character_chosen":"THE_SPIRIT","items_purchased":["hexamod:FirstSeal","expansioncontent:QuickStudy","AttackPotion"],"campfire_rested":1,"item_purchase_floors":[4,21,21],"current_hp_per_floor":[70,70,70,70,70,70,70,47,60,65,70,70,70,70,65,15,70,70,66,59,70,80,54,54,61,70,80,85,90,90,90,87,72,92,92,93,89,89,66,47,47,47,47,75,56,60,60,50,40,0,0,0],"gold":372,"neow_bonus":"THREE_ENEMY_KILL","is_daily":false,"chose_seed":false,"campfire_upgraded":4,"win_rate":0.0,"timestamp":1613201430,"path_taken":["R","M","M","$","M","M","T","E","M","M","M","?","M","?","M","BOSS","R","M","?","$","M","M","T","NM","M","R","M","M","R","?","M","BOSS","R","M","M","AVR","M","M","T","?","?","R","M","M","R","M","M","BOSS"],"items_purchased_type":["Card","Card","Potion"],"build_version":"2020-12-22","purchased_purges":1,"victory":false,"max_hp_per_floor":[70,70,70,70,70,70,70,70,70,70,70,70,70,70,70,70,70,70,70,70,70,80,80,80,80,80,90,90,90,90,90,91,92,92,92,93,94,94,95,96,96,96,96,96,97,98,98,99,100,100,100,100],"card_choices":[{"not_picked":["hexamod:NecessarySacrifice","hexamod:HeatShield"],"picked":"hexamod:InspiringFlames","floor":2},{"not_picked":["hexamod:GhostLash","hexamod:RetreatToShadows"],"picked":"hexamod:GhostOfSpireFuture","floor":3},{"not_picked":["hexamod:GhostflameBarrier","hexamod:HeatShield"],"picked":"hexamod:FastForward","floor":4},{"not_picked":["hexamod:InspiringFlames","hexamod:ChargedBarrage"],"picked":"hexamod:ThermalTransfer","floor":5},{"not_picked":["hexamod:AdvancingGuard","hexamod:ParanormalForm"],"picked":"hexamod:SecondSeal","floor":6},{"not_picked":["hexamod:SecondSeal","hexamod:AdvancingGuard"],"picked":"hexamod:HeatMetal","floor":8},{"not_picked":["hexamod:GhostLash","hexamod:InspiringFlames"],"picked":"hexamod:AdvancingGuard","floor":9},{"not_picked":["hexamod:HauntingEcho","hexamod:FirstSeal","hexamod:SwordOfDarkness"],"picked":"SKIP","floor":10},{"not_picked":["hexamod:ChargedBarrage","hexamod:HeatShield"],"picked":"hexamod:ThirdSeal","floor":11},{"not_picked":["hexamod:GhostLash","hexamod:GhostShield"],"picked":"hexamod:FastForward","floor":13},{"not_picked":["hexamod:ShieldOfDarkness","hexamod:ThermalTransfer"],"picked":"hexamod:BurningTouch","floor":13},{"not_picked":["hexamod:Firestarter","hexamod:PhantomFireball"],"picked":"hexamod:StepThrough","floor":15},{"not_picked":["hexamod:RainOfEmbers","hexamod:HauntingEcho"],"picked":"hexamod:FourthSeal","floor":15},{"not_picked":["hexamod:TimeWarp","hexamod:UnlimitedPower"],"picked":"hexamod:ForkedFlame","floor":16},{"not_picked":["hexamod:SearingWound","hexamod:WildfireWeapon"],"picked":"hexamod:FifthSeal","floor":16},{"not_picked":["hexamod:DynamicBlow","hexamod:BurningTouch+1","hexamod:ThermalTransfer"],"picked":"SKIP","floor":19},{"not_picked":["hexamod:BurningTouch","hexamod:HauntingEcho","hexamod:DynamicBlow"],"picked":"SKIP","floor":19},{"not_picked":["hexamod:UnleashSpirits","hexamod:ShieldOfDarkness"],"picked":"hexamod:FastForward","floor":21},{"not_picked":["hexamod:SecondSeal","hexamod:ThirdSeal"],"picked":"hexamod:SixthSeal","floor":21},{"not_picked":["hexamod:SecondSeal","hexamod:HauntingEcho"],"picked":"hexamod:ShieldOfDarkness","floor":21},{"not_picked":["hexamod:HeatCrush","hexamod:DynamicBlow","hexamod:ThermalTransfer+1"],"picked":"SKIP","floor":21},{"not_picked":["hexamod:NightmareStrike","hexamod:WildfireWeapon"],"picked":"hexamod:GhostShield+1","floor":22},{"not_picked":["hexamod:Firestarter+1","hexamod:HauntingEcho"],"picked":"hexamod:CatchUp+1","floor":22},{"not_picked":["hexamod:StepThrough+1","hexamod:RainOfEmbers"],"picked":"hexamod:SpectralAdrenaline","floor":23},{"not_picked":["hexamod:NightmareGuise","hexamod:HeatMetal","hexamod:ThermalTransfer"],"picked":"SKIP","floor":23},{"not_picked":["hexamod:SpectralAdrenaline","hexamod:GhostLash"],"picked":"hexamod:FirstSeal","floor":25},{"not_picked":["hexamod:AdvancingGuard+1","hexamod:ShieldOfDarkness","hexamod:Firestarter"],"picked":"SKIP","floor":25},{"not_picked":["hexamod:ThermalTransfer","hexamod:RainOfEmbers"],"picked":"hexamod:BacktrackSmack","floor":26},{"not_picked":["hexamod:InspiringFlames","hexamod:SpectersWail","hexamod:GhostShield"],"picked":"SKIP","floor":26},{"not_picked":["hexamod:GhostLash","hexamod:HeatShield+1"],"picked":"hexamod:GhostOfSpirePast","floor":28},{"not_picked":["hexamod:Firestarter","hexamod:PhantomCloak","hexamod:BacktrackSmack"],"picked":"SKIP","floor":28},{"not_picked":["hexamod:RadiantFlame","hexamod:HeatMetal","hexamod:HeatCrush+1"],"picked":"SKIP","floor":29},{"not_picked":["hexamod:InspiringFlames","hexamod:SpectersWail","hexamod:BacktrackSmack+1"],"picked":"SKIP","floor":29},{"not_picked":["hexamod:ThirdSeal","hexamod:SpectralAdrenaline"],"picked":"hexamod:Hexaguard+1","floor":31},{"not_picked":["hexamod:FastForward","hexamod:Again"],"picked":"hexamod:SoulSteal","floor":32},{"not_picked":["hexamod:BacktrackSmack","hexamod:ShieldOfDarkness"],"picked":"hexamod:AdvancingGuard+1","floor":32},{"not_picked":["hexamod:SearingWound","hexamod:UnlimitedPower"],"picked":"hexamod:UnleashSpirits","floor":33},{"not_picked":["hexamod:WildfireWeapon","hexamod:TurnItUp"],"picked":"hexamod:HexaLevel","floor":33},{"not_picked":["hexamod:DynamicBlow","hexamod:HeatMetal","hexamod:SwordOfDarkness"],"picked":"SKIP","floor":36},{"not_picked":["hexamod:ThirdSeal","hexamod:DynamicBlow+1"],"picked":"hexamod:FastForward","floor":37},{"not_picked":["hexamod:SecondSeal","hexamod:SwordOfDarkness"],"picked":"hexamod:GhostOfSpirePast","floor":37},{"not_picked":["hexamod:NightmareStrike+1","hexamod:TimeWarp"],"picked":"hexamod:RetreatToShadows","floor":39},{"not_picked":["hexamod:SecondSeal","hexamod:Incineration"],"picked":"hexamod:NightmareGuise","floor":39},{"not_picked":["hexamod:SwordOfDarkness+1","hexamod:NightmareGuise+1","hexamod:SpectersWail"],"picked":"SKIP","floor":40},{"not_picked":["hexamod:NightmareGuise+1","hexamod:FifthSeal","hexamod:ThermalTransfer"],"picked":"SKIP","floor":40},{"not_picked":["hexamod:HeatMetal","hexamod:HauntingEcho+1"],"picked":"hexamod:EmpoweredFlame+1","floor":45},{"not_picked":["hexamod:SecondSeal","hexamod:Haunt"],"picked":"hexamod:FastForward+1","floor":46},{"not_picked":["hexamod:Firestarter+1","hexamod:SkipABeat","hexamod:HeatMetal"],"picked":"SKIP","floor":46},{"not_picked":["hexamod:ShieldOfDarkness","hexamod:CatchUp"],"picked":"hexamod:ForkedFlame","floor":48},{"not_picked":["hexamod:HauntingEcho+1","hexamod:Again+1","hexamod:Haunt"],"picked":"SKIP","floor":48},{"not_picked":["hexamod:ThermalTransfer","hexamod:GhostLash+1"],"picked":"hexamod:RecurringNightmare+1","floor":49},{"not_picked":["hexamod:HeatMetal+1","hexamod:RecurringNightmare"],"picked":"hexamod:RainOfEmbers+1","floor":49}],"player_experience":355473,"relics_obtained":[{"floor":7,"key":"theSenshi:FeatherClipsRelic"},{"floor":8,"key":"hubris:CrystalStatue"},{"floor":25,"key":"Ginger"},{"floor":31,"key":"downfall:CloakOfManyFaces"}],"event_choices":[{"cards_removed":["expansioncontent:Chronoboost"],"damage_healed":0,"gold_gain":0,"player_choice":"Offered Uncommon","damage_taken":0,"max_hp_gain":0,"max_hp_loss":0,"event_name":"Bonfire Elementals","floor":14,"gold_loss":0}],"is_beta":false,"boss_relics":[{"not_picked":["hexamod:IceCube","hubris:BlackHole"],"picked":"hubris:Backtick"},{"not_picked":["Empty Cage","hubris:TerracottaHorce"],"picked":"Astrolabe"}],"items_purged_floors":[21],"is_endless":false,"potions_floor_spawned":[6,8,10,11,16,22,25,26,28,31,33,36,39,45],"killed_by":"DF_ARCHETYPE_ORBS","ascension_level":0}}