{"host":"x05n69rv5q9mps34","time":1613248090,"event":{"mods":["AchievementEnabler","BaseMod","Colored Map","Minty Spire (QoL Compilation)","SuperFastMode"],"gold_per_floor":[119,133,233,88,100,100,135,145,199,218,243,254,254,270,270,371,371],"floor_reached":16,"language":"ENG","playtime":1853,"items_purged":[],"score":254,"play_id":"77949dc7-f4f7-4491-a0e8-8eaaa90b5be3","local_time":"20210213182810","is_ascension_mode":true,"campfire_choices":[{"data":"Backflip","floor":6,"key":"SMITH"},{"data":"Clothesline","floor":15,"key":"SMITH"}],"circlet_count":0,"master_deck":["AscendersBane","Strike_R","Strike_R","Strike_R","Strike_R","Strike_R","Defend_R","Defend_R","Defend_R","Defend_R","Bash","Heavy Blade","Flex","Backflip+1","Clothesline+1","Decay","Dark Shackles","Conserve Battery","Wild Strike"],"relics":["Cursed Key","PrismaticShard","Self Forming Clay","Blood Vial","MealTicket"],"acts_visited":["Exordium"],"potions_floor_usage":[7,11],"damage_taken":[{"damage":0,"enemies":"2 Louse","floor":1,"turns":3},{"damage":0,"enemies":"Cultist","floor":2,"turns":3},{"damage":0,"enemies":"Jaw Worm","floor":5,"turns":2},{"damage":17,"enemies":"Lagavulin","floor":7,"turns":5},{"damage":2,"enemies":"Exordium Wildlife","floor":8,"turns":3},{"damage":8,"enemies":"Looter","floor":10,"turns":2},{"damage":28,"enemies":"3 Sentries","floor":11,"turns":8},{"damage":3,"enemies":"2 Fungi Beasts","floor":12,"turns":4},{"damage":1,"enemies":"Exordium Thugs","floor":14,"turns":4},{"damage":42,"enemies":"Hexaghost","floor":16,"turns":13}],"seed_played":"-1429245713196161881","potions_obtained":[{"floor":1,"key":"SkillPotion"},{"floor":5,"key":"SteroidPotion"},{"floor":7,"key":"Weak Potion"},{"floor":12,"key":"Explosive Potion"}],"is_trial":false,"path_per_floor":["M","M","?","$","M","R","E","M","T","M","E","M","?","M","R","B"],"character_chosen":"IRONCLAD","items_purchased":["PrismaticShard"],"campfire_rested":0,"item_purchase_floors":[4],"current_hp_per_floor":[72,72,72,72,72,72,55,53,53,47,21,20,46,47,47,7,7],"gold":371,"neow_bonus":"BOSS_RELIC","is_daily":false,"chose_seed":false,"campfire_upgraded":2,"win_rate":0.0,"timestamp":1613248090,"path_taken":["M","M","?","$","M","R","E","M","T","M","E","?","?","M","R","BOSS"],"items_purchased_type":["Relic"],"build_version":"2020-12-22","purchased_purges":0,"victory":false,"max_hp_per_floor":[80,80,80,80,80,80,80,80,80,80,80,80,80,80,80,80,80],"card_choices":[{"not_picked":["Rage","Flex"],"picked":"Heavy Blade","floor":1},{"not_picked":["Perfected Strike","Bloodletting"],"picked":"Flex","floor":2},{"not_picked":["Redo","Clash"],"picked":"Backflip","floor":5},{"not_picked":["Bane","Brilliance","Perfected Strike"],"picked":"SKIP","floor":7},{"not_picked":["Turbo","Dodge and Roll"],"picked":"Clothesline","floor":8},{"not_picked":["EmptyFist","Blade Dance"],"picked":"Dark Shackles","floor":10},{"not_picked":["Combust","Compile Driver"],"picked":"Conserve Battery","floor":11},{"not_picked":["Perfected Strike","Impatience","Underhanded Strike"],"picked":"SKIP","floor":12},{"not_picked":["EmptyBody","Underhanded Strike"],"picked":"Wild Strike","floor":14}],"player_experience":975745,"relics_obtained":[{"floor":7,"key":"Self Forming Clay"},{"floor":9,"key":"Blood Vial"},{"floor":11,"key":"MealTicket"}],"event_choices":[{"damage_healed":0,"gold_gain":100,"player_choice":"Pray","damage_taken":0,"max_hp_gain":0,"max_hp_loss":0,"event_name":"Golden Shrine","floor":3,"gold_loss":0},{"damage_healed":26,"gold_gain":0,"player_choice":"Banana","damage_taken":0,"max_hp_gain":0,"max_hp_loss":0,"event_name":"Big Fish","floor":13,"gold_loss":0}],"is_beta":false,"boss_relics":[],"items_purged_floors":[],"is_endless":false,"potions_floor_spawned":[1,5,7,10,12,14],"killed_by":"Hexaghost","ascension_level":11}}