{"host":"8d3fefv2347kqkpz","time":1613257560,"event":{"mods":["AchievementEnabler","Act Like it!","BaseMod","Better Vampires","Colored Map","Colored Powertips","Downfall","GifTheSpireLib","Highlight Path","Minty Spire (QoL Compilation)","Quick Restart","Rare Cards Sparkle","Relic Stats","Replay The Spire","Spicy Shops","StSLib","Waifu the Spire"],"gold_per_floor":[109,109,126,0,20,20,20,20,20,33,33,62,62,62,62,161,161,180,192,192,192],"floor_reached":20,"language":"ZHS","playtime":580,"items_purged":["Strike_G"],"score":162,"play_id":"99101004-0538-48c3-809a-493da2fa6af1","local_time":"20210214070600","is_ascension_mode":false,"campfire_choices":[{"data":"Neutralize","floor":6,"key":"SMITH"},{"data":"Deadly Poison","floor":8,"key":"SMITH"},{"data":"Dagger Spray","floor":13,"key":"SMITH"},{"floor":15,"key":"REST"}],"circlet_count":0,"master_deck":["Strike_G","Strike_G","Strike_G","Strike_G","Defend_G","Defend_G","Defend_G","Defend_G","Defend_G","Survivor","Neutralize+1","Deadly Poison+1","Dagger Spray+1","CurseOfTheBell","Leg Sweep"],"relics":["Ring of the Snake","Blue Candle","White Beast Statue","Odd Mushroom","Calling Bell","Blue Doll","Mirror","WingedGreaves"],"acts_visited":["Exordium","TheCity"],"potions_floor_usage":[],"damage_taken":[{"damage":0.0,"enemies":"Jaw Worm","floor":1.0,"turns":5.0},{"damage":2,"enemies":"Small Slimes","floor":3,"turns":6},{"damage":7,"enemies":"2 Louse","floor":5,"turns":4},{"damage":2,"enemies":"Looter","floor":10,"turns":3},{"damage":19,"enemies":"The Mushroom Lair","floor":12,"turns":6},{"damage":55,"enemies":"Fading Forest","floor":16,"turns":11},{"damage":3,"enemies":"3 Byrds","floor":18,"turns":7},{"damage":12,"enemies":"Shell Parasite","floor":19,"turns":7},{"damage":0,"enemies":"3 Cultists","floor":20,"turns":2}],"seed_played":"361143482298578253","potions_obtained":[{"floor":3,"key":"Reflective Coating"},{"floor":5,"key":"AttackPotion"},{"floor":10,"key":"Elixir"},{"floor":12,"key":"Dexterity Potion"},{"floor":19,"key":"Strength Potion"}],"is_trial":false,"path_per_floor":["M","?","M","$","M","R","?","R","T","M","?","?","R","$","R","B",null,"M","M","M"],"character_chosen":"THE_SILENT","items_purchased":["Deadly Poison"],"campfire_rested":1,"item_purchase_floors":[4],"current_hp_per_floor":[77,72,70,70,63,63,56,56,56,54,54,35,35,35,58,13,77,74,62,62,62],"gold":192,"neow_bonus":"TEN_PERCENT_HP_BONUS","is_daily":false,"chose_seed":false,"campfire_upgraded":3,"win_rate":0.0,"timestamp":1613257560,"path_taken":["M","?","M","$","M","R","?","R","T","M","?","?","R","?","R","BOSS","M","M","M"],"items_purchased_type":["Card"],"build_version":"2020-12-22","purchased_purges":1,"victory":false,"max_hp_per_floor":[77,77,77,77,77,77,77,77,77,77,77,77,77,77,77,77,77,77,77,77,77],"relic_stats":{"counters":[9,51],"Blue Candle":[0],"obtain_stats":[{"Calling Bell":17,"Blue Candle":2,"Blue Doll":17,"WingedGreaves":17,"Odd Mushroom":12,"Mirror":17,"White Beast Statue":9,"Ring of the Snake":0},{"Calling Bell":6,"Blue Candle":1,"Blue Doll":6,"WingedGreaves":6,"Odd Mushroom":5,"Mirror":6,"White Beast Statue":3,"Ring of the Snake":0},{"Calling Bell":35,"Blue Candle":5,"Blue Doll":35,"WingedGreaves":35,"Odd Mushroom":24,"Mirror":35,"White Beast Statue":15,"Ring of the Snake":0}],"Ring of the Snake":[18]},"card_choices":[{"not_picked":["Hidden Blade","Poisoned Stab","Blade Dance"],"picked":"SKIP","floor":1.0},{"not_picked":["Blade Dance","Hidden Blade"],"picked":"ReplayTheSpireMod:Tripwire","floor":3},{"not_picked":["Cloak And Dagger","Bane"],"picked":"Dagger Spray","floor":5},{"not_picked":["Sucker Punch","Finisher","Acrobatics"],"picked":"SKIP","floor":10},{"not_picked":["Dagger Spray","ReplayTheSpireMod:Tripwire"],"picked":"Leg Sweep","floor":18},{"not_picked":["PiercingWail+1","Quick Slash","Sucker Punch"],"picked":"SKIP","floor":19}],"player_experience":367469,"relics_obtained":[{"floor":9,"key":"White Beast Statue"},{"floor":12,"key":"Odd Mushroom"},{"floor":17,"key":"Blue Doll"},{"floor":17,"key":"Mirror"},{"floor":17,"key":"WingedGreaves"}],"event_choices":[{"cards_removed":["ReplayTheSpireMod:Tripwire"],"damage_healed":0,"gold_gain":0,"player_choice":"Card Removal","damage_taken":7,"max_hp_gain":0,"max_hp_loss":0,"event_name":"Golden Wing","floor":7,"gold_loss":0},{"damage_healed":0,"gold_gain":0,"player_choice":"Fought Mushrooms","damage_taken":0,"max_hp_gain":0,"max_hp_loss":0,"event_name":"Mushrooms","floor":12,"gold_loss":0}],"is_beta":false,"boss_relics":[{"not_picked":["Cursed Key","SacredBark"],"picked":"Calling Bell"}],"items_purged_floors":[4],"is_endless":false,"potions_floor_spawned":[3,5,10,12,16,18,19],"killed_by":"3 Cultists","ascension_level":0}}