{"host":"knk89g45d3vzr5fm","time":1613219002,"event":{"mods":["2.2 Compatiblity","BaseMod","Downfall","Minty Spire (QoL Compilation)","Relic Stats","Reliquary","Replay The Spire","StSLib","The Marked"],"gold_per_floor":[99,112,127,138,158,258,307,307,324,337,350,378,378,411,441,441,441,441],"floor_reached":16,"language":"FRA","playtime":644,"items_purged":[],"score":157,"play_id":"314eaa6f-9ae3-49c7-8f32-2b0ec4c86086","local_time":"20210213132322","is_ascension_mode":true,"campfire_choices":[{"data":"sneckomod:TailWhip","floor":1,"key":"SMITH"}],"circlet_count":0,"master_deck":["sneckomod:Strike","sneckomod:Strike","sneckomod:Strike","sneckomod:Defend","sneckomod:Defend","sneckomod:Defend","sneckomod:TailWhip+1","sneckomod:SnekBite","sneckomod:Unknown","sneckomod:UnknownClassPURPLE","sneckomod:WideSting","sneckomod:UnknownUncommonAttack","sneckomod:QuickMove","sneckomod:SerpentIdol","sneckomod:Nope","sneckomod:PureSnecko","sneckomod:UnknownUncommonSkill","sneckomod:UnknownDraw","Slimebound:WasteNot","sneckomod:UnknownColorless","sneckomod:UnknownCommonAttack"],"relics":["sneckomod:SneckoSoul","sneckomod:BlankCard","Omamori","Dream Catcher"],"acts_visited":["Exordium"],"potions_floor_usage":[9,11,14,15,15],"damage_taken":[{"damage":0,"enemies":"2 Louse","floor":2,"turns":2},{"damage":12,"enemies":"Small Slimes","floor":3,"turns":2},{"damage":9,"enemies":"Cultist","floor":4,"turns":4},{"damage":1,"enemies":"Exordium Wildlife","floor":5,"turns":3},{"damage":13,"enemies":"Blue Slaver","floor":9,"turns":2},{"damage":0,"enemies":"2 Fungi Beasts","floor":10,"turns":2},{"damage":12,"enemies":"Gremlin Gang","floor":11,"turns":4},{"damage":22,"enemies":"Lagavulin","floor":12,"turns":7},{"damage":16,"enemies":"Gremlin Nob","floor":14,"turns":4},{"damage":0,"enemies":"Exordium Wildlife","floor":15,"turns":2},{"damage":7,"enemies":"WA_ARCHETYPE_RETAIN","floor":16,"turns":1}],"seed_played":"1861885508134517169","potions_obtained":[{"floor":2,"key":"SteroidPotion"},{"floor":3,"key":"sneckomod:DiceRollPotion"},{"floor":4,"key":"Fire Potion"},{"floor":12,"key":"LifebloodPotion"},{"floor":14,"key":"Toxic Potion"}],"is_trial":false,"path_per_floor":["R","M","M","M","M","?","T","?","M","M","M","E","R","E","M","B"],"character_chosen":"THE_SNECKO","items_purchased":[],"campfire_rested":0,"item_purchase_floors":[],"current_hp_per_floor":[90,90,78,69,68,68,68,68,55,55,43,21,21,5,5,0,0,0],"gold":441,"neow_bonus":"TEN_PERCENT_HP_BONUS","is_daily":false,"chose_seed":false,"campfire_upgraded":1,"win_rate":0.0,"timestamp":1613219002,"path_taken":["R","M","M","M","M","?","T","?","?","M","M","E","R","E","M","BOSS"],"items_purchased_type":[],"build_version":"2020-12-22","purchased_purges":0,"victory":false,"max_hp_per_floor":[99,99,99,99,99,99,99,99,99,99,99,99,99,99,99,99,99,99],"relic_stats":{"Dream Catcher":0,"counters":[11,33],"obtain_stats":[{"Dream Catcher":14,"sneckomod:BlankCard":7,"Omamori":12,"sneckomod:SneckoSoul":0},{"Dream Catcher":9,"sneckomod:BlankCard":4,"Omamori":8,"sneckomod:SneckoSoul":0},{"Dream Catcher":30,"sneckomod:BlankCard":11,"Omamori":26,"sneckomod:SneckoSoul":0}]},"card_choices":[{"not_picked":["sneckomod:UnknownStrike","sneckomod:DefensiveFlair"],"picked":"sneckomod:UnknownClassPURPLE","floor":2},{"not_picked":["sneckomod:UnknownCommonAttack","sneckomod:UnknownClassHEXA_GHOST_PURPLE"],"picked":"sneckomod:WideSting","floor":3},{"not_picked":["sneckomod:ImprovisedGuard","sneckomod:UnknownCommonSkill"],"picked":"sneckomod:UnknownUncommonAttack","floor":4},{"not_picked":["sneckomod:UnknownClassTHE_CHAMP_GRAY","sneckomod:DiceCrush"],"picked":"sneckomod:QuickMove","floor":5},{"not_picked":["sneckomod:UnknownClassSLIMEBOUND","sneckomod:Unknown1Cost"],"picked":"sneckomod:Nope","floor":9},{"not_picked":["sneckomod:QuickBite","sneckomod:UnknownCommonSkill"],"picked":"sneckomod:PureSnecko","floor":10},{"not_picked":["sneckomod:SoulDraw","sneckomod:UnknownStrike"],"picked":"sneckomod:UnknownUncommonSkill","floor":11},{"not_picked":["sneckomod:QuickMove","sneckomod:QuickBite"],"picked":"sneckomod:UnknownDraw","floor":12},{"not_picked":["sneckomod:MixItUp","sneckomod:Mudshield"],"picked":"sneckomod:UnknownColorless","floor":14},{"not_picked":["sneckomod:UnknownClassTHE_BRONZE_AUTOMATON","sneckomod:RainOfDice"],"picked":"sneckomod:UnknownCommonAttack","floor":15}],"player_experience":2124568,"relics_obtained":[{"floor":7,"key":"sneckomod:BlankCard"},{"floor":12,"key":"Omamori"},{"floor":14,"key":"Dream Catcher"}],"event_choices":[],"is_beta":false,"boss_relics":[],"items_purged_floors":[],"is_endless":false,"potions_floor_spawned":[2,3,4,12,14],"killed_by":"WA_ARCHETYPE_RETAIN","ascension_level":7}}