{"host":"0flpm62pz1oti8w0","time":1613197883,"event":{"mods":["ATMod(ªü½@Mod)","AchievementEnabler","Act Like it!","Arknights","BaseMod","Conspire","Downfall","FanaticalFans","Hermit","Minty Spire (QoL Compilation)","Reimu¡]³Õ???¡^","Remilia¡]Á¢¦Ì²ú?¡^","Spicy Shops","StSLib","The Animator","Waifu the Spire","Youmu¡]»î¾z§¯?¡^","êº¤õ«ü«n"],"gold_per_floor":[119,132,151,998135,998145,998145,998145],"floor_reached":6,"language":"ZHS","playtime":424,"items_purged":[],"score":113,"play_id":"bbc7b137-e999-4f8c-bfc3-7fe016675560","local_time":"20210213143123","is_ascension_mode":false,"campfire_choices":[],"circlet_count":0,"master_deck":["animator:Strike_Konosuba","animator:Defend_Konosuba","animator:Strike","animator:Strike","animator:Strike","animator:Defend","animator:Defend","animator:Defend","animator:Kazuma","animator:Aqua","AT_FamilyPortrait","animator:FielNirvalen","animator:MetalKnight","animator:Genos","animator:FielNirvalen","animator:Kira","animator:Saber","animator:Assassin","animator:Ciel","animator:Hitei","animator:Shuna","animator:Urushihara","animator:Tatsumaki"],"relics":["animator:LivingPicture","animator:TheMissingPiece","Fans:FanaticalFans","AT_ATBox","animator:PurgingStone","NeowsBlessing","Ancient Tea Set","TentaclePot:ReiMu","animator:BattleDrones","Happy Flower","conspire:BottledYoYo","DollysMirror"],"acts_visited":["Exordium"],"potions_floor_usage":[],"damage_taken":[{"damage":0,"enemies":"2 Louse","floor":1,"turns":1},{"damage":0,"enemies":"ats:Genji","floor":2,"turns":1},{"damage":0,"enemies":"Small Slimes","floor":3,"turns":1},{"damage":7,"enemies":"Blue Slaver","floor":5,"turns":4},{"damage":67,"enemies":"Gremlin Nob","floor":6,"turns":4}],"seed_played":"-7269397499524356449","potions_obtained":[{"floor":1,"key":"Fire Potion"},{"floor":2,"key":"Slimebound:ThreeZeroPotion"},{"floor":3,"key":"Swift Potion"}],"is_trial":false,"path_per_floor":["M","M","M","$","M","E"],"character_chosen":"THE_ANIMATOR","items_purchased":["Ancient Tea Set","TentaclePot:ReiMu","animator:BattleDrones","Happy Flower","conspire:BottledYoYo","DollysMirror","animator:Kira","animator:Saber","animator:Assassin","animator:Ciel","animator:Hitei","animator:Shuna","animator:Urushihara"],"campfire_rested":0,"item_purchase_floors":[4,4,4,4,4,4,4,4,4,4,4,4,4],"current_hp_per_floor":[66,66,66,66,59,0,0],"gold":998145,"neow_bonus":"THREE_ENEMY_KILL","is_daily":false,"chose_seed":false,"campfire_upgraded":0,"win_rate":0.0,"timestamp":1613197883,"path_taken":["M","M","M","$","M","E"],"items_purchased_type":["Relic","Relic","Relic","Relic","Relic","Relic","Card","Card","Card","Card","Card","Card","Card"],"build_version":"2020-12-22","purchased_purges":0,"victory":false,"max_hp_per_floor":[66,66,66,66,66,66,66],"card_choices":[{"not_picked":["animator:Aqua","animator:Kuribayashi"],"picked":"animator:FielNirvalen","floor":1},{"not_picked":["animator:Shalltear","animator:DwarfShaman"],"picked":"animator:MetalKnight","floor":2},{"not_picked":["animator:TukaLunaMarceau","animator:Shigure"],"picked":"animator:Genos","floor":3},{"not_picked":["animator:MetalKnight","animator:MumenRider"],"picked":"animator:Tatsumaki","floor":5}],"player_experience":142567,"relics_obtained":[],"event_choices":[],"is_beta":false,"boss_relics":[],"items_purged_floors":[],"is_endless":false,"potions_floor_spawned":[1,2,3],"killed_by":"Gremlin Nob","ascension_level":0}}