{"host":"r6lqs70fdfl5jnjl","time":1613225418,"event":{"mods":["Act Like it!","BaseMod","Minty Spire (QoL Compilation)","StSLib"],"gold_per_floor":[113,128,128,78,78,78,3,22,22,39,56,56,81,91,91,91,91],"floor_reached":16,"language":"ZHS","playtime":471,"items_purged":["Strike_R"],"score":102,"play_id":"961ea70d-a2b2-4c14-911d-543af040dfdf","local_time":"20210213221018","is_ascension_mode":false,"campfire_choices":[{"floor":6,"key":"RECALL"},{"data":"Flex","floor":12,"key":"SMITH"},{"floor":15,"key":"REST"}],"circlet_count":0,"master_deck":["Strike_R","Strike_R","Strike_R","Defend_R","Defend_R+1","Defend_R","Defend_R+1","Bash","Cleave","Flex+1","Clothesline","Twin Strike"],"relics":["Burning Blood","NeowsBlessing","War Paint","Eternal Feather"],"acts_visited":["Exordium"],"potions_floor_usage":[16,16],"damage_taken":[{"damage":0,"enemies":"2 Louse","floor":1,"turns":1},{"damage":0,"enemies":"Small Slimes","floor":2,"turns":1},{"damage":0,"enemies":"Jaw Worm","floor":8,"turns":1},{"damage":13,"enemies":"2 Fungi Beasts","floor":10,"turns":3},{"damage":0,"enemies":"3 Louse","floor":11,"turns":2},{"damage":52,"enemies":"Gremlin Nob","floor":13,"turns":5},{"damage":26,"enemies":"Gremlin Gang","floor":14,"turns":4},{"damage":43,"enemies":"Hexaghost","floor":16,"turns":9}],"seed_played":"-2646244002433380307","potions_obtained":[{"floor":8,"key":"SmokeBomb"},{"floor":11,"key":"SneckoOil"},{"floor":14,"key":"Fire Potion"}],"is_trial":false,"path_per_floor":["M","M","?","?","?","R","$","M","T","M","M","R","E","M","R","B"],"character_chosen":"IRONCLAD","items_purchased":[],"campfire_rested":1,"item_purchase_floors":[],"current_hp_per_floor":[80,80,80,80,73,73,73,79,79,72,78,78,32,12,42,0,0],"gold":91,"neow_bonus":"THREE_ENEMY_KILL","is_daily":false,"chose_seed":false,"campfire_upgraded":1,"win_rate":0.0,"timestamp":1613225418,"path_taken":["M","M","?","?","?","R","$","M","T","M","M","R","E","M","R","BOSS"],"items_purchased_type":[],"build_version":"2020-12-22","purchased_purges":1,"victory":false,"max_hp_per_floor":[80,80,80,80,80,80,80,80,80,80,80,80,80,80,80,80,80],"card_choices":[{"not_picked":["Body Slam","Iron Wave"],"picked":"Cleave","floor":1},{"not_picked":["Burning Pact","Anger","Dropkick"],"picked":"SKIP","floor":2},{"not_picked":["Perfected Strike","Dark Embrace","Reckless Charge"],"picked":"SKIP","floor":8},{"not_picked":["Perfected Strike","Sever Soul","Reckless Charge"],"picked":"SKIP","floor":10},{"not_picked":["Burning Pact","Armaments"],"picked":"Flex","floor":11},{"not_picked":["Entrench","Flex"],"picked":"Clothesline","floor":13},{"not_picked":["Anger","Rupture"],"picked":"Twin Strike","floor":14}],"player_experience":23949,"relics_obtained":[{"floor":13,"key":"Eternal Feather"}],"event_choices":[{"damage_healed":0,"gold_gain":0,"player_choice":"Box","damage_taken":0,"relics_obtained":["War Paint"],"max_hp_gain":0,"max_hp_loss":0,"event_name":"Big Fish","floor":3,"gold_loss":0,"cards_obtained":["Regret"]},{"cards_removed":["Regret"],"damage_healed":0,"gold_gain":0,"player_choice":"Card Removal","damage_taken":0,"max_hp_gain":0,"max_hp_loss":0,"event_name":"The Cleric","floor":4,"gold_loss":50},{"cards_removed":["Strike_R"],"damage_healed":0,"gold_gain":0,"player_choice":"Card Removal","damage_taken":7,"max_hp_gain":0,"max_hp_loss":0,"event_name":"Golden Wing","floor":5,"gold_loss":0}],"is_beta":false,"boss_relics":[],"items_purged_floors":[7],"is_endless":false,"potions_floor_spawned":[8,11,14],"killed_by":"Hexaghost","ascension_level":0}}