{"host":"23qk1co0p3p8qz56","time":1613178396,"event":{"mods":["100% Spire Juice","AchievementEnabler","Act Like it!","Arknights","BaseMod","Better Note","Better Third Choice","BetterRewards","CapriCore","Chen","Colored Map","DNKmod","Downfall","Duelist Mod","Friendly Minions","Gensokyo","Gold Saver","Halation","KinomotoSakuraMod(ñÿîVñ{?)","Koishi","KomeijiMod","LagranYue(ùfäiòNÅEåé)","Lobotomy","LobotomyExtend","Mari Mod (Legacy)","Mari\u0027s V1 Patch","MarisaÅiñ∂âJÅ@ñÇóùçπÅj","Minty Spire (QoL Compilation)","Prisma Mod","ReimuÅiîé??öÎÅj","RemiliaÅiÂQïƒ‰ª?Åj","RumiaBox-òIïƒ?ìIê_îÈ·¥éq","StSLib","The Administrix","The Alterego","The Animator","The Gatherer","The Immortal","The Senshi","Waifu the Spire","WarShipGirlsR/??è≠èóR mod","Yakumo Yukari mod","Yohane!","Yuyuko"],"gold_per_floor":[10000,10016,9440,9390,9390,9490,9513,9531,9560,9619,9639,9516,9545,9235,9252,9357,9357,9157,9171,9185,9474,9474,9474,9500,9511,9511,9511,9522,9422,9441,9441,9456,9559,9559,9559,9569,9585,9604,9125,9125,9152,8977,8977,8993,8993,8993,9007,9026,9039,9039,9039,9071,8601,8601,8601,8601],"floor_reached":57,"language":"ENG","playtime":3209,"items_purged":[],"score":1439,"play_id":"d2752279-a18f-4bd2-afc5-f020a44e1794","local_time":"20210212180636","is_ascension_mode":false,"campfire_choices":[{"floor":1,"key":"RECALL"},{"data":"BarrageBoundary_PipeDream_purple","floor":18,"key":"SMITH"},{"data":"Umbrella_purple","floor":23,"key":"SMITH"},{"data":"RuptureOfTimeAndSpace_purple","floor":29,"key":"SMITH"},{"data":"CommonSense_AntiCommonSense_purple","floor":35,"key":"SMITH"},{"data":"LoveAcrossDimensions_purple","floor":40,"key":"SMITH"},{"data":"Mirror_TwoAndThreeElementRealm_purple","floor":43,"key":"SMITH"},{"data":"RealityDreamConfluencek_purple","floor":45,"key":"SMITH"},{"data":"Theboundaryofcreation_purpleEX","floor":54,"key":"SMITH"}],"circlet_count":0,"master_deck":["AT_purpleEX+1","AT_purpleEX+1","AT_purpleEX+1","Defend_purpleEX","Defend_purpleEX","Defend_purpleEX","Observe_purple_1+1","Observe_purple_2","Shallow_ocean_purpleEX+1","DimensionStaggered_purple+1","Fantasy_PerpetualMotionMachine_purple","StateErode_purple+1","EighthInstrument_OneDividesIntoTwo_purple+1","Mirror_FormAndEmptin_purple+1","Boundary_of_Extermination_purpleEX+1","ButterflyHabitatTemple_purple","RuleDissolution_purple+1","MetroBOOM_purple+1","Human_Monster_Realm_purple","StateErode_purple","RuptureOfTimeAndSpace_purple+1","BarrageBoundary_PipeDream_purple+1","Umbrella_purple+1","Boundary_DreamRealityDamnation_purple+1","CommonSense_AntiCommonSense_purple+1","SfantasyHide_purple+1","Erosivefilter_purple+1","PositiveMatter_Antimatter_Universe_purple","Mirror_WaveAndshot_purple","Mirror_TwoAndThreeElementRealm_purple+1","StateDuplicate_purple+1","OpenedBox_purple+1","Line_surface_state_purple+1","LoveAcrossDimensions_purple+1","WorldDissolvedintheRealm_purple+1","RealityDreamConfluencek_purple+1","GluttonyofRealm_purpleEX","Shallow_ocean_purpleEX+1","WorldDissolvedintheRealm_purple+1","Theboundaryofcreation_purpleEX","RealityDreamConfluencek_purple","Theboundaryofcreation_purpleEX+1","Line_surface_state_purple"],"relics":["Boundary_crack","Memoryfragments_purpleEX","Dream Catcher","RuthlessExorcism:ReiMu","Whetstone","LagranYue:RandomDrawCardRelic","Regal Pillow","LetterFromLob","halation:LettersToHer","halation:SelfBoilingWater","Antimatter_spacedebris","halation:KoshaPiece","White Beast Statue","GoodDreamPillow","halation:WeightlessCrab","Mummified Hand","LagranYue:SoulBurningRelic","downfall:HeartBlessingRed","downfall:HeartBlessingGreen","downfall:KnowingSkull","downfall:HeartBlessingBlue","halation:HeavySnake","MagicDraw3","HoshigumaDish","Blue Candle","LagranYue:MagicReflectiveArmorRelic","MoreBug","halation:Sosunser"],"acts_visited":["Exordium","TheCity","TheBeyond","TheEnding"],"potions_floor_usage":[11,16,20,50,50,50,50,50,55],"damage_taken":[{"damage":0,"enemies":"Small Slimes","floor":2,"turns":3},{"damage":0,"enemies":"downfall:FleeingMerchant","floor":3,"turns":4},{"damage":0,"enemies":"Cultist","floor":8,"turns":3},{"damage":182,"enemies":"Gremlin Nob","floor":9,"turns":5},{"damage":19,"enemies":"Lagavulin Event","floor":10,"turns":4},{"damage":0,"enemies":"2 Louse","floor":11,"turns":2},{"damage":102,"enemies":"3 Sentries","floor":13,"turns":5},{"damage":5,"enemies":"downfall:FleeingMerchant","floor":14,"turns":4},{"damage":0,"enemies":"3 Louse","floor":15,"turns":2},{"damage":17,"enemies":"IC_STATUS_ARCHETYPE","floor":16,"turns":5},{"damage":0,"enemies":"Shell Parasite","floor":19,"turns":3},{"damage":23,"enemies":"Centurion and Healer","floor":20,"turns":3},{"damage":0,"enemies":"downfall:FleeingMerchant","floor":21,"turns":3},{"damage":6,"enemies":"Cultist and Chosen","floor":25,"turns":3},{"damage":3,"enemies":"Snake Plant","floor":28,"turns":2},{"damage":0,"enemies":"3 Cultists","floor":30,"turns":2},{"damage":1,"enemies":"Centurion and Healer","floor":32,"turns":1},{"damage":1,"enemies":"DF_ARCHETYPE_CLAW","floor":33,"turns":3},{"damage":1,"enemies":"3 Darklings","floor":36,"turns":2},{"damage":1,"enemies":"Orb Walker","floor":37,"turns":1},{"damage":8,"enemies":"Spire Growth","floor":38,"turns":2},{"damage":2,"enemies":"Sphere and 2 Shapes","floor":44,"turns":2},{"damage":2,"enemies":"4 Shapes","floor":47,"turns":2},{"damage":0,"enemies":"Jaw Worm Horde","floor":48,"turns":1},{"damage":11,"enemies":"Maw","floor":49,"turns":3},{"damage":9,"enemies":"SI_POISON_ARCHETYPE","floor":50,"turns":6},{"damage":156,"enemies":"downfall:CharBossMerchant","floor":52,"turns":3},{"damage":1,"enemies":"downfall:NeowBoss","floor":55,"turns":4},{"damage":10,"enemies":"downfall:NeowBossFinal","floor":56,"turns":3}],"seed_played":"-204046997003812264","potions_obtained":[{"floor":8,"key":"sneckomod:MuddlingPotion"},{"floor":9,"key":"Ancient Potion"},{"floor":10,"key":"Fruit Juice"},{"floor":11,"key":"Regen Potion"},{"floor":13,"key":"SpeedPotion"},{"floor":14,"key":"AttackPotion"},{"floor":15,"key":"Energy Potion"},{"floor":16,"key":"Regen Potion"},{"floor":20,"key":"Swift Potion"},{"floor":25,"key":"RealmPotion"},{"floor":36,"key":"BlessingOfTheForge"},{"floor":49,"key":"BlessingOfTheForge"},{"floor":52,"key":"LiquidBronze"}],"is_trial":false,"path_per_floor":["R","M","$","?","?","?","T","M","E","?","M","?","E","$","M","B",null,"R","M","M","$","?","R","T","M","?","?","M","R","M","$","M","B",null,"R","M","M","M","$","R","T","$","R","M","R","?","M","M","M","B",null,"E","$","R","B","B",null],"character_chosen":"Youkari","items_purchased":["Fantasy_PerpetualMotionMachine_purple","StateErode_purple","EighthInstrument_OneDividesIntoTwo_purple","halation:LettersToHer","halation:SelfBoilingWater","Mummified Hand","StateErode_purple","CommonSense_AntiCommonSense_purple","LoveAcrossDimensions_purple","MagicDraw3","WorldDissolvedintheRealm_purple","RealityDreamConfluencek_purple","GluttonyofRealm_purpleEX","Line_surface_state_purple","MoreBug","halation:Sosunser"],"campfire_rested":0,"item_purchase_floors":[3,3,3,3,3,14,14,21,39,39,39,42,42,53,53,53],"current_hp_per_floor":[500,500,500,500,500,500,500,500,323,309,318,318,221,221,221,223,505,505,505,490,492,492,492,492,487,482,331,329,338,339,339,338,341,515,515,515,515,507,507,507,507,507,507,506,506,501,501,501,492,486,518,362,362,362,362,356],"gold":8601,"neow_bonus":"RANDOM_COMMON_RELIC","is_daily":false,"chose_seed":false,"campfire_upgraded":8,"win_rate":0.0,"timestamp":1613178396,"path_taken":["R","M","$","?","?","?","T","M","E","?","M","?","E","$","M","BOSS","R","M","M","$","?","R","T","M","?","?","M","R","M","$","M","BOSS","R","M","?","M","$","R","T","$","R","M","R","?","M","M","M","BOSS","E","$","R","BOSS","BOSS"],"items_purchased_type":["Card","Card","Card","Relic","Relic","Relic","Card","Card","Card","Relic","Card","Card","Card","Card","Relic","Relic"],"build_version":"2020-12-22","purchased_purges":0,"victory":true,"max_hp_per_floor":[500,500,500,500,500,500,500,500,500,500,505,505,505,505,505,505,505,505,505,505,505,505,505,505,505,505,505,505,515,515,515,515,515,515,515,515,515,515,515,515,515,515,515,515,515,515,518,518,518,518,518,518,518,518,518,518],"card_choices":[{"not_picked":["Boundary_DynamicStaticEquilibrium_purple","WatchEChange_purple"],"picked":"Shallow_ocean_purpleEX","floor":2},{"not_picked":["Nest_LightFlightworm_purple","WingOfChimera_purple"],"picked":"DimensionStaggered_purple","floor":3},{"not_picked":["Boundary_LightAndDark_purple","Worldmountain_purple"],"picked":"Mirror_FormAndEmptin_purple","floor":8},{"not_picked":["MagicEyes_LaplaceDemon_purple","Boundary_DynamicStaticEquilibrium_purple"],"picked":"Boundary_of_Extermination_purpleEX","floor":9},{"not_picked":["StateErode_purple","Mirror_FormAndEmptin_purple"],"picked":"ButterflyHabitatTemple_purple","floor":10},{"not_picked":["ExistenceContinue_purple","Mirror_Drifter_purple"],"picked":"RuleDissolution_purple","floor":11},{"not_picked":["StateDuplicate_purple","Shallow_ocean_purpleEX"],"picked":"MetroBOOM_purple","floor":13},{"not_picked":["SfantasyHide_purple","PurpleNeedle_purple"],"picked":"Human_Monster_Realm_purple","floor":14},{"not_picked":["StateErode_purple","StateDuplicate_purple"],"picked":"RuptureOfTimeAndSpace_purple","floor":15},{"not_picked":["Human_Monster_Realm_purple","Mirror_TwoAndThreeElementRealm_purple"],"picked":"BarrageBoundary_PipeDream_purple","floor":16},{"not_picked":["MonsterNeedle_purple+1","Realm_recovery_purpleEX"],"picked":"Umbrella_purple","floor":19},{"not_picked":["StateErode_purple","Umbrella_purple"],"picked":"Boundary_DreamRealityDamnation_purple+1","floor":20},{"not_picked":["SfantasyHide_purple","Worldmountain_purple"],"picked":"UniverseChoice_purple","floor":21},{"not_picked":["WatchEChange_purple","DimensionStaggered_purple"],"picked":"SfantasyHide_purple+1","floor":25},{"not_picked":["CommonSense_AntiCommonSense_purple","SfantasyHide_purple"],"picked":"Erosivefilter_purple","floor":28},{"not_picked":["CommonSense_AntiCommonSense_purple","Shallow_ocean_purpleEX"],"picked":"PositiveMatter_Antimatter_Universe_purple","floor":30},{"not_picked":["Photoelasticity_Doppler_Effect_purple+1","DarkRealmRedLine_purple"],"picked":"Mirror_WaveAndshot_purple","floor":32},{"not_picked":["Price_of_realm_purpleEX","GluttonyofRealm_purpleEX"],"picked":"Mirror_TwoAndThreeElementRealm_purple","floor":33},{"not_picked":["SfantasyHide_purple","Erosivefilter_purple"],"picked":"StateDuplicate_purple+1","floor":36},{"not_picked":["RuleDissolution_purple","StateErode_purple"],"picked":"OpenedBox_purple+1","floor":37},{"not_picked":["EighthInstrument_OneDividesIntoTwo_purple","Bait_Toxicbait_purple+1"],"picked":"Line_surface_state_purple+1","floor":38},{"not_picked":["RuptureOfTimeAndSpace_purple","Boundary_of_Extermination_purpleEX+1"],"picked":"Shallow_ocean_purpleEX","floor":44},{"not_picked":["AdvanceAttack_purple","Shallow_ocean_purpleEX"],"picked":"WorldDissolvedintheRealm_purple+1","floor":47},{"not_picked":["Realm_recovery_purpleEX","AdvanceAttack_purple"],"picked":"Theboundaryofcreation_purpleEX","floor":48},{"not_picked":["Worldmountain_purple","ExistenceContinue_purple"],"picked":"RealityDreamConfluencek_purple","floor":49},{"not_picked":["Photoelasticity_Doppler_Effect_purple+1","WorldDissolvedintheRealm_purple"],"picked":"Theboundaryofcreation_purpleEX","floor":52}],"player_experience":183389,"relics_obtained":[{"floor":2,"key":"LetterFromLob"},{"floor":7,"key":"halation:LettersToHer"},{"floor":7,"key":"Antimatter_spacedebris"},{"floor":9,"key":"halation:KoshaPiece"},{"floor":13,"key":"halation:WeightlessCrab"},{"floor":24,"key":"halation:LettersToHer"},{"floor":41,"key":"halation:LettersToHer"},{"floor":41,"key":"HoshigumaDish"},{"floor":52,"key":"LagranYue:MagicReflectiveArmorRelic"}],"event_choices":[],"is_beta":false,"boss_relics":[{"not_picked":["Runic Dome","halation:SmartPhone"],"picked":"LagranYue:SoulBurningRelic"},{"not_picked":["halation:PinkAlligatorPlush","Velvet Choker"],"picked":"halation:HeavySnake"}],"items_purged_floors":[],"is_endless":false,"potions_floor_spawned":[8,9,10,11,13,14,15,16,19,20,21,25,28,30,32,33,36,37,38,44,47,48,49,52],"ascension_level":0}}