{"host":"fnndj664xgd3vavt","time":1613182010,"event":{"mods":["AchievementEnabler","BaseMod","Colored Powertips","DeckTracker","Downfall","Hermit","Highlight Path","Infinite Spire","Marisa????????","Minty Spire (QoL Compilation)","Quick Restart","Random Character Button","Replay The Spire","StSLib","The Cursed","The Servant 0.9.4"],"gold_per_floor":[199,210,228,378,378,398,398,398,423,441,457,457,457,457],"floor_reached":12,"language":"ENG","playtime":816,"items_purged":[],"score":80,"play_id":"f80d98a8-a378-4baf-99b5-03c8ef1d2943","local_time":"20210212210650","is_ascension_mode":false,"campfire_choices":[{"floor":8,"key":"REST"}],"circlet_count":0,"master_deck":["Guardian:Strike_Guardian","Guardian:Strike_Guardian","Guardian:Strike_Guardian","Guardian:Defend_Guardian","Guardian:Defend_Guardian","Guardian:Defend_Guardian","Guardian:Defend_Guardian","Guardian:CurlUp","Guardian:TwinSlam","Guardian:Recover","Guardian:PrismaticBeam","Guardian:ExploitGems","Madness","Clumsy","Guardian:PrismaticBeam","Guardian:CrystalBeam","downfall:Icky","Guardian:SentryBeam","Guardian:SpikerProtocol","Guardian:Gem_Cyan","Guardian:PiercingHide"],"relics":["Guardian:ModeShifter","downfall:GremlinSack","Garlic","Bronze Scales"],"acts_visited":["Exordium"],"potions_floor_usage":[],"damage_taken":[{"damage":40,"floor":1,"turns":6},{"damage":10,"enemies":"infinitespire:Voidling","floor":2,"turns":5},{"damage":7,"enemies":"Small Slimes","floor":3,"turns":4},{"damage":14,"enemies":"Jaw Worm","floor":6,"turns":6},{"damage":15,"enemies":"Replay:BlueRogue","floor":9,"turns":7},{"damage":7,"enemies":"2 Fungi Beasts","floor":10,"turns":4},{"damage":12,"enemies":"Large Slime","floor":11,"turns":8},{"damage":12,"enemies":"Gremlin Nob","floor":12,"turns":2}],"seed_played":"3736486835875355453","potions_obtained":[{"floor":1,"key":"FearPotion"},{"floor":3,"key":"champ:CounterPotion"},{"floor":6,"key":"SpeedPotion"}],"is_trial":false,"path_per_floor":["R","M","M","?","?","M","T","R","E","M","M","E"],"character_chosen":"GUARDIAN","items_purchased":[],"campfire_rested":1,"item_purchase_floors":[],"current_hp_per_floor":[40,37,30,30,30,16,16,40,25,18,6,0,0,0],"gold":457,"neow_bonus":"THREE_CARDS","is_daily":false,"chose_seed":false,"campfire_upgraded":0,"win_rate":0.0,"timestamp":1613182010,"path_taken":["R","M","M","?","?","M","T","R","E","M","M","E"],"items_purchased_type":[],"build_version":"2020-12-22","purchased_purges":0,"victory":false,"max_hp_per_floor":[80,80,80,80,80,80,80,80,80,80,80,80,80,80],"card_choices":[{"not_picked":["Guardian:TemporalShield","Guardian:Incinerate"],"picked":"Guardian:Gem_Red","floor":0},{"not_picked":["Guardian:Gem_Lightblue","Guardian:PolyBeam"],"picked":"Guardian:PrismaticBeam","floor":1},{"not_picked":["Guardian:GuardianWhirl","Guardian:TemporalShield"],"picked":"Guardian:Gem_Cyan","floor":2},{"not_picked":["Guardian:Incinerate","Guardian:PrismaticBeam"],"picked":"Guardian:CrystalBeam","floor":3},{"not_picked":["Guardian:Recover","Guardian:Planning"],"picked":"Guardian:SentryBeam","floor":6},{"not_picked":["Guardian:Gem_Cyan","Guardian:StasisField"],"picked":"Guardian:SpikerProtocol","floor":9},{"not_picked":["Guardian:Incinerate","Guardian:PrismaticBarrier"],"picked":"Guardian:Gem_Cyan","floor":10},{"not_picked":["Guardian:Planning","Guardian:ShieldCharger"],"picked":"Guardian:PiercingHide","floor":11}],"player_experience":316280,"relics_obtained":[{"floor":1,"key":"downfall:GremlinSack"},{"floor":7,"key":"Garlic"},{"floor":9,"key":"Bronze Scales"}],"event_choices":[],"is_beta":false,"boss_relics":[],"items_purged_floors":[],"is_endless":false,"potions_floor_spawned":[1,3,6,10],"killed_by":"Gremlin Nob","ascension_level":0}}