{"host":"7hyhwvsa82ta6oxf","time":1613186751,"event":{"mods":["2.2 Compatiblity","Act Like it!","AlwaysNeverKeys","Arknights","BaseMod","Better Vampires","Downfall","Friendly Minions","Minty Spire (QoL Compilation)","MostiFishMod","READ ME - Guardian Mod","Spicy Shops","StSLib","Td1madao Mod","TestMod","The Servant 0.9.4","UnlockEverythingMod","Waifu the Spire","WarShipGirlsR/战舰少女R mod","Yuri Mod","【功能Mod】混沌之环修复补丁","残留之物"],"gold_per_floor":[99,111,124,143,143,43,43,72,85,85,5,35,47,76,88,185,185,85,96,96,96,114,729,798,812,712,732,1132,1166,1181,1194,1810,1915,1915,1915,1934,1949,1959,830,840,865,865,876,198,232,232,12,12,26,26,26,51,51,51,51,51,51],"floor_reached":56,"language":"ZHS","playtime":3007,"items_purged":["Strike_B","Strike_B","Lockon","Lockon"],"score":1011,"play_id":"e944f904-2df4-405f-b086-15cb6489046e","local_time":"20210213112551","is_ascension_mode":true,"campfire_choices":[{"data":"Zap","floor":1.0,"key":"SMITH"},{"data":"Dualcast","floor":6.0,"key":"SMITH"},{"data":"MostiFishMod:Impulse","floor":10.0,"key":"SMITH"},{"data":"Chaos","floor":18.0,"key":"SMITH"},{"data":"Loop","floor":26.0,"key":"SMITH"},{"data":"Capacitor","floor":35,"key":"SMITH"},{"data":"MostiFishMod:StrandedSiren","floor":46,"key":"SMITH"},{"floor":54,"key":"REST"}],"circlet_count":0,"master_deck":["Aggregate","MostiFishMod:PushDownKick","Redo","BootSequence","Loop","Glacier","Static Discharge","MostiFishMod:Impulse","MostiFishMod:ActiveDefenseSystem","MostiFishMod:ATRI","MostiFishMod:Prepare","MostiFishMod:StrandedSiren","Stack","Fission","Cold Snap","MostiFishMod:Distribution","Rebound","White Noise","Beam Cell+1","Hello World","MostiFishMod:Distribution","Cold Snap","Rip and Tear+1","MostiFishMod:StrandedSiren+1","Creative AI","Turbo","Capacitor+1","MostiFishMod:FluxCapactior","Chill","Ball Lightning+1","Storm","Capacitor"],"relics":["Cracked Core","testmod-TestBox","downfall:HeartBlessingRed","testmod-Hope","testmod-AssaultLearning","SynthV:C4","downfall:HeartBlessingGreen","sneckomod:BabySnecko","Slimebound:PreparedRelic","downfall:HeartBlessingBlue","StrikeDummy","FixedStarFall","Whetstone","Blue Candle","OrangePellets","Question Card","Omamori","BionicSphere","Cables","Shuriken","BrkXgEgg","Art of War","ArrowTower"],"acts_visited":["TheCity","TheBeyond","TheEnding"],"potions_floor_usage":[29,33,37,38,43,43,49,55],"damage_taken":[{"damage":0.0,"enemies":"Cultist","floor":2.0,"turns":4.0},{"damage":0.0,"enemies":"ats:Genji","floor":3.0,"turns":3.0},{"damage":1.0,"enemies":"Jaw Worm","floor":4.0,"turns":2.0},{"damage":21.0,"enemies":"Lagavulin","floor":8.0,"turns":6.0},{"damage":0.0,"enemies":"3 Louse","floor":9.0,"turns":3.0},{"damage":0.0,"enemies":"downfall:FleeingMerchant","floor":11.0,"turns":4.0},{"damage":14.0,"enemies":"3 Sentries","floor":12.0,"turns":6.0},{"damage":6.0,"enemies":"Large Slime","floor":13.0,"turns":4.0},{"damage":0.0,"enemies":"downfall:FleeingMerchant","floor":14.0,"turns":2.0},{"damage":12.0,"enemies":"Gremlin Gang","floor":15.0,"turns":6.0},{"damage":27.0,"enemies":"WA_ARCHETYPE_RETAIN","floor":16.0,"turns":8.0},{"damage":0.0,"enemies":"Spheric Guardian","floor":19.0,"turns":3.0},{"damage":0.0,"enemies":"Centurion and Healer","floor":22.0,"turns":4.0},{"damage":2.0,"enemies":"Snecko","floor":23.0,"turns":3.0},{"damage":6.0,"enemies":"Snake Plant","floor":25.0,"turns":2.0},{"damage":0.0,"enemies":"3 Cultists","floor":27.0,"turns":4.0},{"damage":33,"enemies":"Gremlin Leader","floor":29,"turns":8},{"damage":6,"enemies":"Shelled Parasite and Fungi","floor":30,"turns":5},{"damage":0,"enemies":"Centurion and Healer","floor":31,"turns":7},{"damage":11,"enemies":"Cultist and Chosen","floor":32,"turns":8},{"damage":47,"enemies":"SI_MIRROR_ARCHETYPE","floor":33,"turns":14},{"damage":16,"enemies":"3 Darklings","floor":36,"turns":2},{"damage":11,"enemies":"Orb Walker","floor":37,"turns":3},{"damage":44,"enemies":"4 Shapes","floor":38,"turns":4},{"damage":2,"enemies":"3 Darklings","floor":40,"turns":4},{"damage":0,"enemies":"Sphere and 2 Shapes","floor":43,"turns":4},{"damage":0,"enemies":"Giant Head","floor":45,"turns":11},{"damage":20,"enemies":"Maw","floor":49,"turns":4},{"damage":50,"enemies":"DF_ARCHETYPE_ORBS","floor":50,"turns":6},{"damage":61,"enemies":"downfall:CharBossMerchant","floor":52,"turns":6},{"damage":31,"enemies":"downfall:NeowBoss","floor":55,"turns":11},{"damage":73,"enemies":"downfall:NeowBossFinal","floor":56,"turns":9}],"seed_played":"2335386208009739175","potions_obtained":[{"floor":4.0,"key":"ColorlessPotion"},{"floor":8.0,"key":"SkillPotion"},{"floor":13.0,"key":"testmod-SpacePotion"},{"floor":16.0,"key":"FearPotion"},{"floor":29,"key":"Fruit Juice"},{"floor":30,"key":"FearPotion"},{"floor":32,"key":"testmod-TimePotion"},{"floor":33,"key":"Energy Potion"},{"floor":36,"key":"ColorlessPotion"},{"floor":38,"key":"Swift Potion"},{"floor":40,"key":"Explosive Potion"},{"floor":49,"key":"testmod-SpacePotion"}],"is_trial":false,"path_per_floor":["R","M","M","M","?","R","T","E","M","R","$","E","M","$","M","B",null,"R","M","$","?","M","M","T","M","R","M","?","E","M","M","M","B",null,"R","M","M","M","$","M","T","?","M","$","E","R","$","?","M","B",null,"E","$","R","B","B"],"character_chosen":"DEFECT","items_purchased":["Coolheaded","Capacitor","Conserve Battery","Whetstone","Blue Candle","OrangePellets","Question Card","FairyPotion","BionicSphere","Cables","Storm","BrkXgEgg"],"campfire_rested":1,"item_purchase_floors":[11,14,14,39,39,39,39,39,44,44,47,47],"current_hp_per_floor":[75,75,75,74,74,74,74,53,53,53,53,39,33,75,63,36,75,75,75,75,75,75,73,73,67,77,77,77,56,60,70,59,19,87,87,87,76,32,32,30,30,76,76,76,76,76,76,76,56,6,76,15,15,37,6,0,0],"gold":51,"neow_bonus":"THREE_RARE_CARDS","is_daily":false,"chose_seed":false,"campfire_upgraded":7,"win_rate":0.0,"timestamp":1613186751,"path_taken":["R","M","M","?","?","R","T","E","M","R","$","E","M","$","M","BOSS","R","M","$","?","M","M","T","M","R","M","?","E","M","M","M","BOSS","R","M","M","M","$","M","T","?","M","$","E","R","$","?","M","BOSS","E","$","R","BOSS","BOSS"],"items_purchased_type":["Card","Card","Card","Relic","Relic","Relic","Relic","Potion","Relic","Relic","Card","Relic"],"build_version":"2020-12-22","purchased_purges":4,"victory":false,"max_hp_per_floor":[75,75,75,75,75,75,75,75,75,75,75,75,75,75,75,75,75,75,75,75,75,75,75,75,75,85,85,85,90,90,90,90,90,87,87,87,87,87,87,87,87,76,76,76,76,76,76,76,76,76,76,76,76,76,76,76,76],"card_choices":[{"not_picked":["Machine Learning","Meteor Strike"],"picked":"MostiFishMod:DeathFromBelow","floor":0.0},{"not_picked":["Hologram","Beam Cell"],"picked":"Redo","floor":2.0},{"not_picked":["Leap","Darkness","Redo"],"picked":"SKIP","floor":3.0},{"not_picked":["Barrage","Reinforced Body"],"picked":"BootSequence","floor":4.0},{"not_picked":["Redo","Stack","Compile Driver"],"picked":"SKIP","floor":8.0},{"not_picked":["Double Energy","Sweeping Beam"],"picked":"MostiFishMod:Impulse","floor":9.0},{"not_picked":["Beam Cell","MostiFishMod:IntelligentEquipment"],"picked":"Compile Driver","floor":11.0},{"not_picked":["Cold Snap","FTL"],"picked":"MostiFishMod:PushDownKick","floor":12.0},{"not_picked":["Compile Driver","Hello World"],"picked":"Chaos","floor":13.0},{"not_picked":["Go for the Eyes","Leap","Barrage"],"picked":"SKIP","floor":14.0},{"not_picked":["Doom and Gloom","Conserve Battery"],"picked":"Rainbow","floor":15.0},{"not_picked":["MostiFishMod:DeathFromBelow","Buffer"],"picked":"MostiFishMod:Overload","floor":16.0},{"not_picked":["Blizzard","Gash+1"],"picked":"Chill+1","floor":19.0},{"not_picked":["Sunder","Turbo+1"],"picked":"Loop","floor":22.0},{"not_picked":["Compile Driver+1","Coolheaded"],"picked":"Self Repair","floor":23.0},{"not_picked":["Coolheaded","Scrape+1","Compile Driver"],"picked":"SKIP","floor":25.0},{"not_picked":["Aggregate","Rebound"],"picked":"Glacier","floor":27.0},{"not_picked":["Sweeping Beam+1","MostiFishMod:DawningShadow"],"picked":"MostiFishMod:LinkProtocol","floor":29},{"not_picked":["Go for the Eyes","Streamline","Sweeping Beam+1"],"picked":"SKIP","floor":30},{"not_picked":["Beam Cell","Turbo","Cold Snap+1"],"picked":"SKIP","floor":31},{"not_picked":["Steam","Stack"],"picked":"Ball Lightning+1","floor":32},{"not_picked":["MostiFishMod:IntelligentEquipment","MostiFishMod:Prepare"],"picked":"MostiFishMod:ActiveDefenseSystem","floor":33},{"not_picked":["FTL+1","Conserve Battery","Melter"],"picked":"SKIP","floor":36},{"not_picked":["Force Field","MostiFishMod:GatherIntelligence","FTL+1"],"picked":"SKIP","floor":37},{"not_picked":["Stack","Skim+1","Auto Shields+1"],"picked":"SKIP","floor":38},{"not_picked":["Darkness","Compile Driver","Reboot"],"picked":"Chill","floor":40},{"not_picked":["Conserve Battery","Hologram","Barrage+1","Cold Snap"],"picked":"SKIP","floor":43},{"not_picked":["Turbo","Cold Snap","Sweeping Beam"],"picked":"Ball Lightning+1","floor":45},{"not_picked":["Leap+1","Go for the Eyes+1","Coolheaded"],"picked":"Capacitor","floor":49},{"not_picked":["Hologram","MostiFishMod:DawningShadow+1","Rebound+1","MostiFishMod:PushDownKick"],"picked":"SKIP","floor":52}],"player_experience":301695,"relics_obtained":[{"floor":7.0,"key":"testmod-Hope"},{"floor":8.0,"key":"testmod-AssaultLearning"},{"floor":12.0,"key":"SynthV:C4"},{"floor":24.0,"key":"Slimebound:PreparedRelic"},{"floor":29,"key":"StrikeDummy"},{"floor":41,"key":"Omamori"},{"floor":45,"key":"Shuriken"},{"floor":52,"key":"ArrowTower"}],"event_choices":[{"damage_healed":0.0,"max_hp_gain":0.0,"max_hp_loss":0.0,"gold_gain":400.0,"event_name":"恩洛斯的盘子","player_choice":"Sell","floor":28.0,"relics_lost":["DaveBox"],"gold_loss":0.0,"damage_taken":0.0},{"damage_healed":0,"gold_gain":0,"player_choice":"Swap Relic","damage_taken":0,"relics_obtained":["Art of War"],"max_hp_gain":0,"max_hp_loss":0,"event_name":"给自己的盒子","floor":48,"relics_lost":["Astrolabe"],"gold_loss":0}],"is_beta":false,"boss_relics":[{"not_picked":["MoonlightInvasionPlan","testmod-DeterminationOfClimber"],"picked":"Astrolabe"},{"not_picked":["Runic Pyramid","testmod-EnergyCheck"],"picked":"FixedStarFall"}],"items_purged_floors":[14,14,39,44],"is_endless":false,"potions_floor_spawned":[4,8,12,13,16,27,29,30,32,33,36,38,40,49],"killed_by":"downfall:NeowBossFinal","ascension_level":1}}