{"host":"t9zjxed0utvsfjwc","time":1613260368,"event":{"mods":["2.2 Compatiblity","Aspiration","BaseMod","Better Altar","Better Match","Better Note","Better Sensory Stone","Better Skull","Better Third Choice","Block Reminder","Colored Map","Colored Powertips","Custom Start","Downfall","Hermit","Highlight Path","Hubris","Infinite Spire","Marisa????????","Minty Spire (QoL Compilation)","Quick Restart","Rare Cards Sparkle","Reliquary","Replay The Spire","StSLib","The Cursed","The Marked","The Runesmith","Unceasing Turn Reminder","everything is the same but u backflip on backflip"],"gold_per_floor":[19,19,19,32,32,32,44,44,69,69,84,117,128,54,54,158,158,169,444,444,459,477,477,477],"floor_reached":23,"language":"ENG","playtime":740,"items_purged":[],"score":191,"play_id":"e6c44155-6af6-4839-9d67-8b03e305ab32","local_time":"20210213235248","is_ascension_mode":false,"campfire_choices":[{"data":"theMarked:WardOff","floor":6.0,"key":"SMITH"},{"data":"theMarked:SoldierOfQuellstein","floor":8.0,"key":"SMITH"},{"floor":10.0,"key":"RECALL"},{"data":"theMarked:BanishingWave","floor":15.0,"key":"SMITH"}],"circlet_count":0,"master_deck":["theMarked:BanishingStrike+1","theMarked:Strike","theMarked:Strike","theMarked:Strike","theMarked:Defend","theMarked:Defend","theMarked:Defend","theMarked:SoldierOfQuellstein+1","theMarked:WardOff+1","theMarked:BanishingWave+1","Regret","Pain"],"relics":["theMarked:ArtifactOfAir","Pet Ghost","Replay:WaspNest","SlaversCollar","WarpedTongs"],"acts_visited":["Exordium","TheCity"],"potions_floor_usage":[],"damage_taken":[{"damage":0.0,"enemies":"2 Louse","floor":1.0,"turns":2.0},{"damage":0.0,"enemies":"Cultist","floor":4.0,"turns":4.0},{"damage":0.0,"enemies":"Small Slimes","floor":7.0,"turns":3.0},{"damage":1.0,"enemies":"Exordium Wildlife","floor":11.0,"turns":3.0},{"damage":3.0,"enemies":"Lagavulin","floor":12.0,"turns":6.0},{"damage":2.0,"enemies":"Blue Slaver","floor":13.0,"turns":3.0},{"damage":37.0,"enemies":"Fading Forest","floor":16.0,"turns":11.0},{"damage":10.0,"enemies":"Shell Parasite","floor":18.0,"turns":3.0},{"damage":10.0,"enemies":"3 Byrds","floor":21.0,"turns":2.0},{"damage":24,"enemies":"Snake Plant","floor":22,"turns":3},{"damage":27,"enemies":"Nightmare","floor":23,"turns":5}],"seed_played":"-772741770281773783","potions_obtained":[{"floor":4.0,"key":"Flashbang"},{"floor":7.0,"key":"hexamod:SoulburnPotion"}],"is_trial":false,"path_per_floor":["M","$","?","M","$","R","M","R","T","R","M","E","M","$","R_BF","B",null,"M","?","?","M","M","NM"],"character_chosen":"THE_DEFAULT","items_purchased":["theMarked:BanishingWave"],"campfire_rested":0,"item_purchase_floors":[14],"current_hp_per_floor":[70,70,70,70,70,70,70,70,70,70,69,66,64,64,64,37,70,60,60,60,50,26,0,0],"gold":477,"neow_bonus":"REMOVE_TWO","is_daily":false,"chose_seed":false,"campfire_upgraded":3,"win_rate":0.0,"timestamp":1613260368,"path_taken":["M","$","?","M","$","R","M","R","T","R","M","E","?","?","R_BF","BOSS","M","?","?","?","M","NM"],"items_purchased_type":["Card"],"build_version":"2020-12-22","purchased_purges":0,"victory":false,"max_hp_per_floor":[70,70,70,70,70,70,70,70,70,70,70,70,70,70,70,70,70,70,70,70,70,70,70,70],"card_choices":[{"not_picked":["theMarked:Electrify","theMarked:Memento"],"picked":"theMarked:WardOff","floor":1.0},{"not_picked":["theMarked:Static","theMarked:TheMission","theMarked:ContemptForTheProud"],"picked":"SKIP","floor":4.0},{"not_picked":["theMarked:Generate","theMarked:Indomitable","theMarked:ChainLightning"],"picked":"SKIP","floor":7.0},{"not_picked":["theMarked:EnhanceMovement","theMarked:Aftermath","theMarked:KeepCalmAndFight"],"picked":"SKIP","floor":11.0},{"not_picked":["theMarked:Levitate","theMarked:TwofoldDefense","theMarked:ChannelForce"],"picked":"SKIP","floor":12.0},{"not_picked":["theMarked:EmpowerWeapon","theMarked:Friction","theMarked:ChainLightning"],"picked":"SKIP","floor":13.0},{"not_picked":["theMarked:RepellingDischarge","theMarked:Electrify","theMarked:ChainLightning+1"],"picked":"SKIP","floor":18.0},{"not_picked":["theMarked:Improvise","theMarked:ResourceFulStrike","theMarked:CreepingChasm"],"picked":"SKIP","floor":21.0},{"not_picked":["theMarked:Parkour","theMarked:Defy","theMarked:EmpowerWeapon+1"],"picked":"SKIP","floor":22}],"player_experience":556892,"relics_obtained":[{"floor":9.0,"key":"Pet Ghost"},{"floor":12.0,"key":"Replay:WaspNest"}],"event_choices":[{"cards_removed":["theMarked:Defend"],"damage_healed":0.0,"max_hp_gain":0.0,"max_hp_loss":0.0,"gold_gain":0.0,"event_name":"Purifier","player_choice":"Purged","floor":3.0,"gold_loss":0.0,"damage_taken":0.0},{"damage_healed":0.0,"max_hp_gain":0.0,"max_hp_loss":0.0,"gold_gain":275.0,"event_name":"Golden Shrine","player_choice":"Desecrate","floor":19.0,"gold_loss":0.0,"damage_taken":0.0,"cards_obtained":["Regret"]},{"damage_healed":0.0,"max_hp_gain":0.0,"max_hp_loss":0.0,"gold_gain":0.0,"event_name":"Accursed Blacksmith","player_choice":"Rummage","floor":20.0,"gold_loss":0.0,"damage_taken":0.0,"relics_obtained":["WarpedTongs"],"cards_obtained":["Pain"]}],"is_beta":false,"boss_relics":[{"not_picked":["reliquary:WritOfMandamus","reliquary:KinkedSpring"],"picked":"SlaversCollar"}],"items_purged_floors":[],"is_endless":false,"potions_floor_spawned":[4,7],"killed_by":"Nightmare","ascension_level":0}}