{"host":"takgv9cv6xf64vhq","time":1613236291,"event":{"mods":["BaseMod","Colored Powertips","Conspire","Decade(王小明)","Downfall","Energized Spire","Hermit","Hubris","LagranYue(拉格朗・月)","Marisa（F雨　魔理沙）","Minty Spire (QoL Compilation)","Replay The Spire","StSLib","The Cursed","The Hierophant","The Jungle","The Servant 0.9.4","TheHeartMod"],"gold_per_floor":[115,115,115,115,128,128,138,63,90,90,90,90,109,121,121,220,220,231,248,248,248],"floor_reached":20,"language":"ZHS","playtime":534,"items_purged":[],"score":205,"play_id":"22ce82cb-a9c1-4805-b116-b2f1729d8f0e","local_time":"20210214011131","is_ascension_mode":true,"campfire_choices":[{"data":"TalkToTheHand","floor":6,"key":"SMITH"},{"data":"Tantrum","floor":10,"key":"SMITH"},{"data":"Wallop","floor":15,"key":"SMITH"}],"circlet_count":0,"master_deck":["conspire:GhostlyStrike","conspire:GhostlyStrike","conspire:GhostlyStrike","conspire:GhostlyDefend","conspire:GhostlyDefend","conspire:GhostlyDefend","Eruption+1","Vigilance","TalkToTheHand+1","Crescendo","CutThroughFate","Tantrum+1","hubris:Insight","Wallop+1","Scrawl","ForeignInfluence"],"relics":["energizedSpire:RedRose","hubris:OldNail","sneckomod:SneckoTalon"],"acts_visited":["Exordium","TheCity"],"potions_floor_usage":[16],"damage_taken":[{"damage":3,"enemies":"conspire:RoseBush","floor":1,"turns":3},{"damage":1,"enemies":"2 Louse","floor":5,"turns":1},{"damage":1,"enemies":"Small Slimes","floor":7,"turns":2},{"damage":7,"enemies":"Red Slaver","floor":13,"turns":3},{"damage":4,"enemies":"Blue Slaver","floor":14,"turns":3},{"damage":30,"enemies":"Slime Boss","floor":16,"turns":4},{"damage":28,"enemies":"2 Thieves","floor":18,"turns":3},{"damage":6,"enemies":"Spheric Guardian","floor":19,"turns":2},{"damage":0,"enemies":"Snake Plant","floor":20,"turns":1}],"seed_played":"-5215434848090426294","potions_obtained":[{"floor":1,"key":"Languid Potion"},{"floor":14,"key":"Slimebound:ThreeZeroPotion"},{"floor":16,"key":"Cursed Concoction"},{"floor":18,"key":"AttackPotion"}],"is_trial":false,"path_per_floor":["M","?","?","?","M","R","M","$","T","R","?","?","M","M","R","B",null,"M","M","M"],"character_chosen":"WATCHER","items_purchased":["Tantrum"],"campfire_rested":0,"item_purchase_floors":[8],"current_hp_per_floor":[69,69,69,69,68,68,67,67,67,67,67,67,60,56,56,26,61,33,27,27,27],"gold":248,"neow_bonus":"BOSS_RELIC","is_daily":false,"chose_seed":false,"campfire_upgraded":3,"win_rate":0.0,"timestamp":1613236291,"path_taken":["M","?","?","?","?","R","M","$","T","R","?","?","M","M","R","BOSS","M","M","?"],"items_purchased_type":["Card"],"build_version":"2020-12-22","purchased_purges":0,"victory":false,"max_hp_per_floor":[72,72,72,72,72,72,72,72,72,72,72,72,72,72,72,72,72,72,72,72,72],"card_choices":[{"not_picked":["SignatureMove","Halt"],"picked":"TalkToTheHand","floor":1},{"not_picked":["Swivel","SandsOfTime"],"picked":"Crescendo","floor":5},{"not_picked":["Collect","EmptyFist"],"picked":"CutThroughFate","floor":7},{"not_picked":["Indignation","Consecrate","PathToVictory"],"picked":"SKIP","floor":13},{"not_picked":["ThirdEye","Alpha"],"picked":"Wallop","floor":14},{"not_picked":["Replay:LoomingThreat","ConjureBlade"],"picked":"Scrawl","floor":16},{"not_picked":["ReachHeaven+1","Replay:Battleflow","Replay:BluntJabs"],"picked":"SKIP","floor":18},{"not_picked":["CutThroughFate","FollowUp"],"picked":"ForeignInfluence","floor":19}],"player_experience":514868,"relics_obtained":[{"floor":9,"key":"hubris:OldNail"}],"event_choices":[{"damage_healed":0,"gold_gain":0,"player_choice":"Agree","damage_taken":0,"max_hp_gain":0,"max_hp_loss":0,"event_name":"conspire:LoneGhost","floor":2,"gold_loss":0},{"cards_removed":["conspire:GhostlyDefend"],"damage_healed":0,"gold_gain":0,"player_choice":"Purged","damage_taken":0,"max_hp_gain":0,"max_hp_loss":0,"event_name":"Purifier","floor":4,"gold_loss":0},{"damage_healed":0,"gold_gain":0,"player_choice":"Leave","damage_taken":0,"max_hp_gain":0,"max_hp_loss":0,"event_name":"conspire:Investor","floor":11,"gold_loss":0},{"damage_healed":0,"gold_gain":0,"cards_transformed":["conspire:GhostlyStrike"],"player_choice":"Transformed","damage_taken":0,"max_hp_gain":0,"max_hp_loss":0,"event_name":"Transmorgrifier","floor":12,"gold_loss":0,"cards_obtained":["hubris:Insight"]}],"is_beta":false,"boss_relics":[{"not_picked":["Replay:Fungal Core","energizedSpire:CursedPentagram"],"picked":"sneckomod:SneckoTalon"}],"items_purged_floors":[],"is_endless":false,"potions_floor_spawned":[1,14,16,18],"killed_by":"Snake Plant","ascension_level":5}}