{"host":"5y2vm16xfq9gfmb2","time":1613205611,"event":{"mods":["AchievementEnabler","BaseMod","Better Third Choice","Colored Map","Colored Powertips","DeckTracker","Marisa????????","Minty Spire (QoL Compilation)","Rare Cards Sparkle","Relic Stats","StSLib","The Alterego","The Animator","The Marked","The Servant 0.9.4"],"gold_per_floor":[111,386,406,376,387,387,422,134,213,228,403,403,417,429,429,525,575,500,515,37,136,136,161,172,172,197,197,197,211,241,266,278,394,406,435,466,478,490,502,514,543,555,645,679,58,77,77,77,77,82,82],"floor_reached":50,"language":"ENG","playtime":2697,"items_purged":[],"score":582,"play_id":"1c87fde0-14e9-4174-a188-ee193c5f35c7","local_time":"20210213034011","is_ascension_mode":true,"campfire_choices":[{"floor":6,"key":"RECALL"},{"data":"alterego_mod:Impale","floor":12,"key":"SMITH"},{"data":"alterego_mod:Nekomimi","floor":15,"key":"SMITH"},{"floor":25,"key":"REST"},{"data":"alterego_mod:Venus","floor":27,"key":"SMITH"},{"data":"alterego_mod:Venus","floor":32,"key":"SMITH"},{"floor":40,"key":"REST"},{"data":"alterego_mod:Belle","floor":42,"key":"SMITH"},{"floor":47,"key":"REST"},{"data":"alterego_mod:Vow","floor":49,"key":"SMITH"}],"circlet_count":0,"master_deck":["alterego_mod:Strike","alterego_mod:Strike","alterego_mod:Strike","alterego_mod:Strike","alterego_mod:Defend","alterego_mod:Defend","alterego_mod:Defend","alterego_mod:Defend","alterego_mod:Impale+1","alterego_mod:BigMeatyClaws","alterego_mod:BrynhildrsRune","alterego_mod:Undulate","alterego_mod:Clones+1","alterego_mod:Nekomimi+1","alterego_mod:Collar","alterego_mod:Birthday","alterego_mod:DeftHands","alterego_mod:Venus+1","alterego_mod:DeftHands","alterego_mod:IndependentAction+1","alterego_mod:1TonWallop+1","alterego_mod:IdEs","J.A.X.","alterego_mod:SakuraFive+1","alterego_mod:Support","alterego_mod:HighServant","alterego_mod:Venus+1","alterego_mod:RidiculouslyBig","alterego_mod:Vow+1","alterego_mod:DeftHands+1","alterego_mod:Birthday","alterego_mod:SideboobHour","alterego_mod:ChallengeComplete+1","alterego_mod:BreastValley+1"],"relics":["alterego_mod:MasochisticConstitution","NeowsBlessing","Happy Flower","Eternal Feather","Meat on the Bone","Tiny House","Blood Vial","Question Card","MealTicket","MawBank","Empty Cage","Frozen Egg 2","Pocketwatch","PreservedInsect","HandDrill"],"acts_visited":["Exordium","TheCity","TheBeyond"],"potions_floor_usage":[16,16,24,30,33,39,44,50],"damage_taken":[{"damage":0,"enemies":"2 Louse","floor":1,"turns":1},{"damage":0,"enemies":"Cultist","floor":3,"turns":1},{"damage":0,"enemies":"Jaw Worm","floor":5,"turns":1},{"damage":51,"enemies":"Gremlin Nob","floor":7,"turns":6},{"damage":27,"enemies":"Gremlin Gang","floor":10,"turns":6},{"damage":13,"enemies":"3 Louse","floor":13,"turns":6},{"damage":17,"enemies":"Large Slime","floor":14,"turns":7},{"damage":55,"enemies":"The Guardian","floor":16,"turns":11},{"damage":30,"enemies":"2 Thieves","floor":18,"turns":5},{"damage":26,"enemies":"3 Byrds","floor":19,"turns":5},{"damage":44,"enemies":"Book of Stabbing","floor":23,"turns":4},{"damage":13,"enemies":"Snecko","floor":24,"turns":4},{"damage":31,"enemies":"3 Cultists","floor":29,"turns":6},{"damage":19,"enemies":"Gremlin Leader","floor":30,"turns":6},{"damage":21,"enemies":"Cultist and Chosen","floor":31,"turns":5},{"damage":40,"enemies":"Champ","floor":33,"turns":7},{"damage":37,"enemies":"Orb Walker","floor":35,"turns":5},{"damage":31,"enemies":"3 Darklings","floor":36,"turns":4},{"damage":10,"enemies":"Writhing Mass","floor":39,"turns":2},{"damage":44,"enemies":"Maw","floor":41,"turns":7},{"damage":66,"enemies":"Transient","floor":44,"turns":5},{"damage":31,"enemies":"3 Darklings","floor":46,"turns":5},{"damage":100,"enemies":"Donu and Deca","floor":50,"turns":5}],"seed_played":"-6182650963736152798","potions_obtained":[{"floor":1,"key":"Dexterity Potion"},{"floor":4,"key":"Strength Potion"},{"floor":4,"key":"FairyPotion"},{"floor":14,"key":"SmokeBomb"},{"floor":16,"key":"Energy Potion"},{"floor":17,"key":"GamblersBrew"},{"floor":23,"key":"EssenceOfSteel"},{"floor":24,"key":"DistilledChaos"},{"floor":33,"key":"GamblersBrew"},{"floor":36,"key":"CultistPotion"},{"floor":38,"key":"AttackPotion"}],"is_trial":false,"path_per_floor":["M","?","M","?","M","R","E","$","T","M","?","R","M","M","R","B",null,"M","M","$","?","?","E","M","R","T","R","?","M","E","M","R","B",null,"M","M","?","?","M","R","M","R","T","M","$","M","R","?","R","B"],"character_chosen":"The_Alterego","items_purchased":["Eternal Feather","alterego_mod:Birthday","Blood Vial","Question Card","alterego_mod:IdEs","Pocketwatch","PreservedInsect","HandDrill","alterego_mod:ChallengeComplete+1"],"campfire_rested":3,"item_purchase_floors":[8,8,20,20,20,45,45,45,45],"current_hp_per_floor":[70,70,70,70,70,70,20,20,20,44,44,53,50,48,60,20,80,53,42,42,42,42,22,24,64,64,79,79,60,53,56,74,51,88,52,36,36,36,41,86,47,65,65,16,31,17,66,66,87,0,0],"gold":82,"neow_bonus":"THREE_ENEMY_KILL","is_daily":false,"chose_seed":false,"campfire_upgraded":6,"win_rate":0.0,"timestamp":1613205611,"path_taken":["M","?","?","?","M","R","E","$","T","?","?","R","M","M","R","BOSS","M","M","$","?","?","E","M","R","T","R","?","M","E","M","R","BOSS","M","?","?","?","?","R","M","R","T","?","$","M","R","?","R","BOSS"],"items_purchased_type":["Relic","Card","Relic","Relic","Card","Relic","Relic","Relic","Card"],"build_version":"2020-12-22","purchased_purges":0,"victory":false,"max_hp_per_floor":[70,70,70,70,70,70,71,71,71,72,72,72,73,74,74,75,80,81,82,82,82,82,83,84,84,84,84,84,85,86,87,87,88,88,89,90,90,90,91,91,92,92,92,93,93,94,94,94,94,94,94],"relic_stats":{"Blood Vial":24,"Happy Flower":[35],"counters":[23,114],"Eternal Feather":147,"MealTicket":15,"PreservedInsect":0,"HandDrill":[8],"Question Card":11,"MawBank":180,"obtain_stats":[{"alterego_mod:MasochisticConstitution":0,"Tiny House":17,"NeowsBlessing":0,"Happy Flower":7,"Eternal Feather":8,"PreservedInsect":45,"Frozen Egg 2":43,"Question Card":20,"MawBank":30,"Empty Cage":34,"Blood Vial":20,"MealTicket":23,"HandDrill":45,"Meat on the Bone":9,"Pocketwatch":45},{"alterego_mod:MasochisticConstitution":0,"Tiny House":8,"NeowsBlessing":0,"Happy Flower":4,"Eternal Feather":4,"PreservedInsect":21,"Frozen Egg 2":20,"Question Card":10,"MawBank":14,"Empty Cage":16,"Blood Vial":10,"MealTicket":11,"HandDrill":21,"Meat on the Bone":4,"Pocketwatch":21},{"alterego_mod:MasochisticConstitution":0,"Tiny House":39,"NeowsBlessing":0,"Happy Flower":9,"Eternal Feather":9,"PreservedInsect":104,"Frozen Egg 2":99,"Question Card":49,"MawBank":69,"Empty Cage":81,"Blood Vial":49,"MealTicket":53,"HandDrill":104,"Meat on the Bone":9,"Pocketwatch":104}],"Meat on the Bone":144,"Pocketwatch":[12]},"card_choices":[{"not_picked":["alterego_mod:Santa","alterego_mod:TrashNCrash"],"picked":"alterego_mod:Undulate","floor":1},{"not_picked":["alterego_mod:HighServant","alterego_mod:Support"],"picked":"alterego_mod:Clones","floor":3},{"not_picked":["alterego_mod:MagicResistance","alterego_mod:Rip"],"picked":"alterego_mod:Nekomimi","floor":5},{"not_picked":["alterego_mod:MagicResistance","alterego_mod:SuperDuperMasochism"],"picked":"alterego_mod:Collar","floor":7},{"not_picked":["alterego_mod:BiFurious","alterego_mod:Table"],"picked":"alterego_mod:Belle","floor":10},{"not_picked":["alterego_mod:SakuraPetals","alterego_mod:TrashNCrash"],"picked":"alterego_mod:BiFurious","floor":13},{"not_picked":["alterego_mod:GoddessCore","alterego_mod:Cycle"],"picked":"alterego_mod:DeftHands","floor":14},{"not_picked":["alterego_mod:VirginLaserPalladion","alterego_mod:TrickOrTreatment"],"picked":"alterego_mod:Venus","floor":16},{"not_picked":["alterego_mod:Cycle","alterego_mod:SuperDuperMasochism"],"picked":"alterego_mod:DeftHands","floor":17},{"not_picked":["alterego_mod:Smother","alterego_mod:Jiggle"],"picked":"alterego_mod:IndependentAction+1","floor":18},{"not_picked":["alterego_mod:Rip","alterego_mod:Support"],"picked":"alterego_mod:1TonWallop+1","floor":19},{"not_picked":["alterego_mod:Mirror","alterego_mod:Clones+1","alterego_mod:Lingerie"],"picked":"alterego_mod:SakuraFive+1","floor":23},{"not_picked":["alterego_mod:Skirt","alterego_mod:DiscoLights","alterego_mod:Table"],"picked":"alterego_mod:Support","floor":24},{"not_picked":["alterego_mod:1TonWallop","alterego_mod:Clap","alterego_mod:PerceptionDisorder"],"picked":"alterego_mod:HighServant","floor":29},{"not_picked":["alterego_mod:Pet+1","alterego_mod:Mirror","alterego_mod:TrashNCrash"],"picked":"alterego_mod:Venus","floor":30},{"not_picked":["alterego_mod:Birthday","alterego_mod:Rip","alterego_mod:SuperDuperMasochism+1"],"picked":"alterego_mod:RidiculouslyBig","floor":31},{"not_picked":["alterego_mod:Lift","alterego_mod:Weigh","alterego_mod:Alter"],"picked":"alterego_mod:Vow","floor":33},{"not_picked":["alterego_mod:Collar+1","alterego_mod:SuperDuperMasochism","alterego_mod:Pet"],"picked":"alterego_mod:DeftHands+1","floor":35},{"not_picked":["alterego_mod:RocketPunch","alterego_mod:MagicResistance","alterego_mod:GoddessCore"],"picked":"alterego_mod:Belle","floor":36},{"not_picked":["alterego_mod:Pet+1","alterego_mod:Lingerie+1","alterego_mod:Cooking"],"picked":"alterego_mod:Birthday","floor":41},{"not_picked":["alterego_mod:HighServant","alterego_mod:PerceptionDisorder+1","alterego_mod:1TonWallop+1"],"picked":"alterego_mod:SideboobHour","floor":44},{"not_picked":["alterego_mod:PerceptionDisorder+1","alterego_mod:Birthday+1","alterego_mod:RocketPunch"],"picked":"alterego_mod:BreastValley+1","floor":46}],"player_experience":85122,"relics_obtained":[{"floor":7,"key":"Happy Flower"},{"floor":9,"key":"Meat on the Bone"},{"floor":23,"key":"MealTicket"},{"floor":30,"key":"MawBank"},{"floor":43,"key":"Frozen Egg 2"}],"event_choices":[{"damage_healed":0,"gold_gain":275,"player_choice":"Desecrate","damage_taken":0,"max_hp_gain":0,"max_hp_loss":0,"event_name":"Golden Shrine","floor":2,"gold_loss":0,"cards_obtained":["Regret"]},{"damage_healed":0,"gold_gain":0,"player_choice":"Bought 2 Potions","damage_taken":0,"max_hp_gain":0,"max_hp_loss":0,"event_name":"The Woman in Blue","floor":4,"gold_loss":0},{"damage_healed":0,"gold_gain":175,"player_choice":"AGREE","damage_taken":228,"max_hp_gain":0,"max_hp_loss":0,"event_name":"betterThird:BetterSerpent","floor":11,"gold_loss":0},{"damage_healed":0,"gold_gain":99,"player_choice":"Steal","damage_taken":0,"max_hp_gain":0,"max_hp_loss":0,"event_name":"betterThird:BetterNest","floor":21,"gold_loss":0},{"damage_healed":0,"gold_gain":0,"player_choice":"Obtain J.A.X.","damage_taken":0,"max_hp_gain":0,"max_hp_loss":0,"event_name":"Drug Dealer","floor":22,"gold_loss":0,"cards_obtained":["J.A.X."]},{"damage_healed":0,"gold_gain":0,"player_choice":"Upgraded","damage_taken":0,"max_hp_gain":0,"max_hp_loss":0,"event_name":"Upgrade Shrine","floor":28,"gold_loss":0,"cards_upgraded":["alterego_mod:Clones"]},{"damage_healed":0,"gold_gain":0,"player_choice":"Ignored","damage_taken":0,"max_hp_gain":0,"max_hp_loss":0,"event_name":"Tomb of Lord Red Mask","floor":37,"gold_loss":0},{"damage_healed":0,"gold_gain":0,"player_choice":"Got Potions","damage_taken":0,"max_hp_gain":0,"max_hp_loss":0,"event_name":"Lab","floor":38,"gold_loss":0},{"cards_removed":["alterego_mod:BiFurious"],"damage_healed":0,"gold_gain":0,"player_choice":"Removed Attack","damage_taken":0,"max_hp_gain":0,"max_hp_loss":0,"event_name":"Falling","floor":48,"gold_loss":0}],"is_beta":false,"boss_relics":[{"not_picked":["Sozu","Runic Dome"],"picked":"Tiny House"},{"not_picked":["Astrolabe","Coffee Dripper"],"picked":"Empty Cage"}],"items_purged_floors":[],"is_endless":false,"potions_floor_spawned":[1,5,14,16,23,24,33,36,39],"killed_by":"Donu and Deca","ascension_level":1}}