{"host":"c97twqu0op5dg8i4","time":1613176669,"event":{"mods":["AchievementEnabler","BaseMod","Colored Map","Minty Spire (QoL Compilation)","Permanent Neow"],"gold_per_floor":[112,62,62,80,5,5,21,21,47,47,47,61,61,79,79,177,177,194,194,114,114,127,127,140,140,166,166,166,185,185,185],"floor_reached":30,"language":"ENG","playtime":596,"items_purged":["Strike_B"],"score":349,"play_id":"126c2498-d05a-4cc9-b995-00f833192fdd","local_time":"20210212193749","is_ascension_mode":true,"campfire_choices":[{"data":"Defragment","floor":6,"key":"SMITH"},{"data":"Loop","floor":8,"key":"SMITH"},{"data":"Zap","floor":10,"key":"SMITH"},{"data":"Conserve Battery","floor":13,"key":"SMITH"},{"floor":15,"key":"REST"},{"floor":23,"key":"REST"},{"floor":28,"key":"REST"}],"circlet_count":0,"master_deck":["AscendersBane","Defend_B","Defend_B","Zap+1","Dualcast","Conserve Battery+1","Defragment+1","Loop+1","Leap","FTL","Echo Form+1","Hologram","Lockon","Ball Lightning","Chill","Rainbow"],"relics":["Cracked Core","Lantern","Inserter","Anchor","Matryoshka"],"acts_visited":["Exordium","TheCity"],"potions_floor_usage":[16,18],"damage_taken":[{"damage":0,"enemies":"Small Slimes","floor":1,"turns":3},{"damage":2,"enemies":"2 Louse","floor":4,"turns":3},{"damage":0,"enemies":"Cultist","floor":7,"turns":3},{"damage":18,"enemies":"Exordium Thugs","floor":12,"turns":4},{"damage":8,"enemies":"Large Slime","floor":14,"turns":5},{"damage":31,"enemies":"Hexaghost","floor":16,"turns":8},{"damage":34,"enemies":"2 Thieves","floor":18,"turns":3},{"damage":12,"enemies":"Chosen","floor":22,"turns":4},{"damage":34,"enemies":"Shelled Parasite and Fungi","floor":24,"turns":4},{"damage":0,"enemies":"Chosen and Byrds","floor":29,"turns":4},{"damage":26,"enemies":"3 Cultists","floor":30,"turns":4}],"seed_played":"1947709465344971462","potions_obtained":[{"floor":1,"key":"FocusPotion"},{"floor":7,"key":"FearPotion"},{"floor":16,"key":"Explosive Potion"},{"floor":18,"key":"Swift Potion"}],"is_trial":false,"path_per_floor":["M","?","?","M","$","R","M","R","T","R","?","M","R","M","R","B",null,"M","?","$","?","M","R","M","?","T","T","R","M","M"],"character_chosen":"DEFECT","items_purchased":["Lockon"],"campfire_rested":3,"item_purchase_floors":[20],"current_hp_per_floor":[68,68,61,59,59,59,59,59,59,59,59,41,41,33,55,24,62,28,28,28,28,16,38,4,4,4,4,26,26,0,0],"gold":185,"neow_bonus":"THREE_CARDS","is_daily":false,"chose_seed":false,"campfire_upgraded":4,"win_rate":0.0,"timestamp":1613176669,"path_taken":["M","?","?","M","$","R","M","R","T","R","?","M","R","?","R","BOSS","M","?","$","?","?","R","M","?","T","T","R","M","M"],"items_purchased_type":["Card"],"build_version":"2020-12-22","purchased_purges":1,"victory":false,"max_hp_per_floor":[75,75,75,75,75,75,75,75,75,75,75,75,75,75,75,75,75,75,75,75,75,75,75,75,75,75,75,75,75,75,75],"card_choices":[{"not_picked":["Go for the Eyes","Hologram"],"picked":"Conserve Battery","floor":0},{"not_picked":["Tempest","Self Repair"],"picked":"Defragment","floor":1},{"not_picked":["Recycle","Force Field","Compile Driver"],"picked":"SKIP","floor":4},{"not_picked":["Hologram","Skim"],"picked":"Loop","floor":7},{"not_picked":["Conserve Battery","Heatsinks"],"picked":"Leap","floor":12},{"not_picked":["Conserve Battery","Hello World"],"picked":"FTL","floor":14},{"not_picked":["Hyperbeam","Amplify"],"picked":"Echo Form","floor":16},{"not_picked":["Sunder","Storm"],"picked":"Hologram","floor":18},{"not_picked":["Rip and Tear","Hello World"],"picked":"Ball Lightning","floor":22},{"not_picked":["Barrage","Static Discharge","Double Energy"],"picked":"SKIP","floor":24},{"not_picked":["Beam Cell","Go for the Eyes","Stack"],"picked":"SKIP","floor":29}],"player_experience":396188,"relics_obtained":[{"floor":9,"key":"Lantern"},{"floor":26,"key":"Anchor"},{"floor":27,"key":"Matryoshka"}],"event_choices":[{"cards_removed":["Strike_B"],"damage_healed":0,"gold_gain":0,"player_choice":"Card Removal","damage_taken":0,"max_hp_gain":0,"max_hp_loss":0,"event_name":"The Cleric","floor":2,"gold_loss":50},{"cards_removed":["Defend_B"],"damage_healed":0,"gold_gain":0,"player_choice":"Card Removal","damage_taken":7,"max_hp_gain":0,"max_hp_loss":0,"event_name":"Golden Wing","floor":3,"gold_loss":0},{"cards_removed":["Strike_B"],"damage_healed":0,"gold_gain":0,"player_choice":"Purged","damage_taken":0,"max_hp_gain":0,"max_hp_loss":0,"event_name":"Purifier","floor":11,"gold_loss":0},{"damage_healed":0,"gold_gain":0,"player_choice":"Upgraded","damage_taken":0,"max_hp_gain":0,"max_hp_loss":0,"event_name":"Upgrade Shrine","floor":21,"gold_loss":0,"cards_upgraded":["Echo Form"]},{"damage_healed":0,"gold_gain":0,"cards_transformed":["Strike_B","Defend_B"],"player_choice":"Became Test Subject","damage_taken":0,"max_hp_gain":0,"max_hp_loss":0,"event_name":"Drug Dealer","floor":25,"gold_loss":0,"cards_obtained":["Chill","Rainbow"]}],"is_beta":false,"boss_relics":[{"not_picked":["Snecko Eye","Black Star"],"picked":"Inserter"}],"items_purged_floors":[5],"is_endless":false,"potions_floor_spawned":[1,7,16,18,22],"killed_by":"3 Cultists","ascension_level":12}}