{"host":"lyo9h96uobfb5wm4","time":1613186068,"event":{"mods":["Aspiration","BaseMod","Beaked The Cultist","Colored Powertips","Conspire","DeckTracker","Downfall","Googly Eyes","Highlight Path","Minty Spire (QoL Compilation)","Quick Restart","StSLib","SuperFastMode","The Mystic"],"gold_per_floor":[119,30,205,225,25,73,6,105,180,262,306,306,354,14,14,141,141,157,10,63,93,93,118,118],"floor_reached":23,"language":"ENG","playtime":1287,"items_purged":["Doubt"],"score":247,"play_id":"71344a60-5bbf-46d3-b3d3-253e3ff0d076","local_time":"20210212211428","is_ascension_mode":false,"campfire_choices":[{"floor":12,"key":"REST"},{"floor":15,"key":"REST"}],"circlet_count":0,"master_deck":["Strike_B","Strike_B","Strike_B","Strike_B","Defend_B","Defend_B","Defend_B","Defend_B","Zap","Dualcast","conspire:SharedLibrary","Sweeping Beam","Self Repair","Cold Snap","conspire:SpireCoStock","conspire:SpireCoStock","conspire:SpireCoStock","conspire:SpireCoStock","Conserve Battery","Melter","Melter","Creative AI","Aggregate","Hello World","Electrodynamics","Self Repair","Darkness","White Noise","Go for the Eyes","White Noise"],"relics":["Cracked Core","NeowsBlessing","aspiration:StickyExplosives_weak","InkBottle","conspire:Flyswatter","Mummified Hand","Nunchaku","ClockworkSouvenir","Pen Nib","aspiration:RitualDagger"],"acts_visited":["Exordium","TheCity"],"potions_floor_usage":[8,16,21],"damage_taken":[{"damage":0,"enemies":"2 Louse","floor":1,"turns":1},{"damage":0,"enemies":"Jaw Worm","floor":4,"turns":1},{"damage":0,"enemies":"3 Sentries","floor":6,"turns":1},{"damage":57,"enemies":"3 Sentries","floor":8,"turns":9},{"damage":11,"enemies":"Lagavulin","floor":10,"turns":12},{"damage":12,"enemies":"Small Slimes","floor":11,"turns":4},{"damage":35,"enemies":"Slime Boss","floor":16,"turns":11},{"damage":3,"enemies":"Spheric Guardian","floor":18,"turns":1},{"damage":36,"enemies":"Chosen","floor":20,"turns":6},{"damage":58,"enemies":"Snake Plant","floor":21,"turns":5},{"damage":96,"enemies":"Slavers","floor":23,"turns":4}],"seed_played":"5938695508919086230","potions_obtained":[{"floor":1,"key":"Strength Potion"},{"floor":8,"key":"Ancient Potion"},{"floor":10,"key":"Block Potion"},{"floor":20,"key":"PowerPotion"}],"is_trial":false,"path_per_floor":["M","$","?","M","?","E","$","?","T","E","M","R","T","$","R","B",null,"M","$","M","M","?","E"],"character_chosen":"DEFECT","items_purchased":["Sweeping Beam","Self Repair","Melter","ClockworkSouvenir","Pen Nib","Hello World","Darkness"],"campfire_rested":2,"item_purchase_floors":[2,2,7,14,14,14,19],"current_hp_per_floor":[75,75,75,75,75,75,75,25,25,21,16,38,38,38,60,32,75,75,75,53,75,75,0,0],"gold":118,"neow_bonus":"THREE_ENEMY_KILL","is_daily":false,"chose_seed":false,"campfire_upgraded":0,"win_rate":0.0,"timestamp":1613186068,"path_taken":["M","$","?","M","?","E","?","?","T","E","M","R","?","$","R","BOSS","M","$","M","M","?","E"],"items_purchased_type":["Card","Card","Card","Relic","Relic","Card","Card"],"build_version":"2020-12-22","purchased_purges":1,"victory":false,"max_hp_per_floor":[75,75,75,75,75,75,75,75,75,75,75,75,75,75,75,75,75,75,75,75,75,75,75,75],"card_choices":[{"not_picked":["Coolheaded","Cold Snap"],"picked":"conspire:SharedLibrary","floor":1},{"not_picked":["Scrape","Beam Cell"],"picked":"Cold Snap","floor":4},{"not_picked":["FTL","Redo"],"picked":"Conserve Battery","floor":6},{"not_picked":["Sweeping Beam","Redo"],"picked":"Melter","floor":8},{"not_picked":["Beam Cell","Compile Driver"],"picked":"Creative AI","floor":10},{"not_picked":["Reprogram","Hologram"],"picked":"Aggregate","floor":11},{"not_picked":["Multi-Cast","Fission"],"picked":"Electrodynamics","floor":16},{"not_picked":["Stack","Redo"],"picked":"Self Repair","floor":18},{"not_picked":["Tempest","Sweeping Beam"],"picked":"White Noise","floor":20},{"not_picked":["Glacier+1","Hello World"],"picked":"Go for the Eyes","floor":21}],"player_experience":6474,"relics_obtained":[{"floor":6,"key":"aspiration:StickyExplosives_weak"},{"floor":8,"key":"InkBottle"},{"floor":9,"key":"conspire:Flyswatter"},{"floor":10,"key":"Mummified Hand"},{"floor":13,"key":"Nunchaku"}],"event_choices":[{"damage_healed":0,"gold_gain":175,"player_choice":"AGREE","damage_taken":0,"max_hp_gain":0,"max_hp_loss":0,"event_name":"Liars Game","floor":3,"gold_loss":0,"cards_obtained":["Doubt"]},{"damage_healed":0,"gold_gain":0,"player_choice":"Invest 4","damage_taken":0,"max_hp_gain":0,"max_hp_loss":0,"event_name":"conspire:Investor","floor":5,"gold_loss":0},{"damage_healed":0,"gold_gain":0,"player_choice":"Searched \u00272\u0027 times","damage_taken":0,"max_hp_gain":0,"max_hp_loss":0,"event_name":"Dead Adventurer","floor":8,"gold_loss":0},{"damage_healed":0,"gold_gain":0,"player_choice":"Read","damage_taken":0,"max_hp_gain":0,"max_hp_loss":0,"event_name":"The Library","floor":22,"gold_loss":0,"cards_obtained":["White Noise"]}],"is_beta":false,"boss_relics":[{"not_picked":["bronze:MakeshiftBattery","Busted Crown"],"picked":"aspiration:RitualDagger"}],"items_purged_floors":[19],"is_endless":false,"potions_floor_spawned":[1,8,10,20],"killed_by":"Slavers","ascension_level":0}}