{"host":"sav7uxregyirlf69","time":1613228365,"event":{"mods":["AchievementEnabler","BaseMod","Colored Map","DeckTracker","Keyboard Shortcuts","Minty Spire (QoL Compilation)","READ ME - Guardian Mod","StSLib","SuperFastMode"],"gold_per_floor":[215,46,46,64,64,95,95,7,31,50,118,118,118,130,130,130,130],"floor_reached":16,"language":"KOR","playtime":190,"items_purged":["Defend_G"],"score":196,"play_id":"9dac6320-267a-48c8-92d6-a81e9490f457","local_time":"20210213235925","is_ascension_mode":true,"campfire_choices":[{"data":"Accuracy","floor":7,"key":"SMITH"},{"data":"Noxious Fumes","floor":12,"key":"SMITH"},{"data":"Tactician","floor":15,"key":"SMITH"}],"circlet_count":0,"master_deck":["AscendersBane","Strike_G","Strike_G+1","Strike_G","Strike_G","Defend_G","Defend_G","Defend_G","Defend_G","Survivor","Neutralize","Cloak And Dagger+1","Accuracy+1","Poisoned Stab","Noxious Fumes+1","Infinite Blades","Tactician+1","Prepared"],"relics":["Ring of the Snake","Pear","Bronze Scales","InkBottle"],"acts_visited":[],"potions_floor_usage":[6,14],"damage_taken":[{"damage":4,"enemies":"Small Slimes","floor":1,"turns":4},{"damage":4,"enemies":"Jaw Worm","floor":4,"turns":3},{"damage":19,"enemies":"3 Sentries","floor":6,"turns":8},{"damage":0,"enemies":"2 Louse","floor":10,"turns":2},{"damage":8,"enemies":"Lots of Slimes","floor":14,"turns":3},{"damage":25,"enemies":"Slime Boss","floor":16,"turns":3}],"seed_played":"2101625139165593651","potions_obtained":[{"floor":4,"key":"DistilledChaos"},{"floor":10,"key":"SkillPotion"}],"is_trial":false,"path_per_floor":["M","$","?","M","?","E","R","$","T","M","T","R","?","M","R","B"],"character_chosen":"THE_SILENT","items_purchased":["Accuracy","Poisoned Stab","Infinite Blades"],"campfire_rested":0,"item_purchase_floors":[2,2,8],"current_hp_per_floor":[55,55,35,31,36,27,27,27,27,27,27,27,27,19,19,0,0],"gold":130,"neow_bonus":"HUNDRED_GOLD","is_daily":false,"chose_seed":false,"campfire_upgraded":3,"win_rate":0.0,"timestamp":1613228365,"path_taken":["M","$","?","M","?","E","R","$","T","M","?","R","?","M","R","BOSS"],"items_purchased_type":["Card","Card","Card"],"build_version":"2020-12-22","purchased_purges":1,"victory":false,"max_hp_per_floor":[66,66,66,66,71,81,81,81,81,81,81,81,81,81,81,81,81],"card_choices":[{"not_picked":["Deflect","Riddle With Holes"],"picked":"Cloak And Dagger","floor":1},{"not_picked":["Dodge and Roll","Catalyst"],"picked":"Noxious Fumes","floor":4},{"not_picked":["Crippling Poison","Wraith Form v2","Skewer"],"picked":"SKIP","floor":6},{"not_picked":["Caltrops","Flechettes"],"picked":"Tactician","floor":10},{"not_picked":["Slice","Eviscerate"],"picked":"Prepared","floor":14}],"player_experience":1566742,"relics_obtained":[{"floor":6,"key":"Pear"},{"floor":9,"key":"Bronze Scales"},{"floor":11,"key":"InkBottle"}],"event_choices":[{"damage_healed":0,"gold_gain":0,"player_choice":"Entered Light","damage_taken":20,"max_hp_gain":0,"max_hp_loss":0,"event_name":"Shining Light","floor":3,"gold_loss":0,"cards_upgraded":["Cloak And Dagger","Strike_G"]},{"damage_healed":0,"gold_gain":0,"player_choice":"Donut","damage_taken":0,"max_hp_gain":5,"max_hp_loss":0,"event_name":"Big Fish","floor":5,"gold_loss":0},{"cards_removed":["Strike_G"],"damage_healed":0,"gold_gain":0,"player_choice":"Offered Basic","damage_taken":0,"max_hp_gain":0,"max_hp_loss":0,"event_name":"Bonfire Elementals","floor":13,"gold_loss":0}],"is_beta":false,"boss_relics":[],"items_purged_floors":[2],"is_endless":false,"potions_floor_spawned":[4,10],"killed_by":"Slime Boss","ascension_level":20}}