{"host":"pgm1p3lvdjflie30","time":1613196195,"event":{"mods":["AchievementEnabler","Alarm Clock","Aspiration","BaseMod","Challenge The Spire","Colored Map","Colored Powertips","Conspire","Dark Map","Energized Spire","GungeonMod","Hermit","HornydragonMod","Minty Spire (QoL Compilation)","Quarter Circle Forward PUNCH!","Quick Restart","Reimu（博???）","Relic Stats","Reliquary","Replay The Spire","Robot Space Explorer","Spicy Shops","StSLib","The Blackbeard","The Bug Knight","The Cursed","The Hayseed","The IronCluck","The Runesmith","Waifu the Spire","Yakumo Yukari mod","【功能Mod】混沌之?修复?丁","篝火指南"],"gold_per_floor":[359,86,86,86,97,97,117,117,132,132,132,132,25,25,40,13,13,108,108,127,137,137,137,137,137],"floor_reached":24,"language":"ZHS","playtime":1421,"items_purged":[],"score":184,"play_id":"1dde4b80-2974-458e-9f53-bd1e7dc5a983","local_time":"20210213140315","is_ascension_mode":false,"campfire_choices":[{"data":"BasicCrystalCard","floor":8.0,"key":"SMITH"},{"data":"Zap","floor":10.0,"key":"SMITH"},{"floor":17.0,"key":"REST"}],"circlet_count":0,"master_deck":["Strike_B","Strike_B","Strike_B","Strike_B","Defend_B","Defend_B","Defend_B","Defend_B","Zap+1","Lockon","FIFO Queue","FIFO Queue","Sweeping Beam","Go for the Eyes","ReplayTheSpireMod:Repulse","BasicCrystalCard+1","Redo","Beam Cell","ReplayGash","Conserve Battery","Bash","Panic Button","WeaponsOverheat","Seek","Gash+1","Stack"],"relics":["Iron Core"],"acts_visited":["Exordium","TheCity"],"potions_floor_usage":[18],"damage_taken":[{"damage":10.0,"enemies":"Small Slimes","floor":1.0,"turns":3.0},{"damage":1.0,"enemies":"Jaw Worm","floor":5.0,"turns":3.0},{"damage":7.0,"enemies":"2 Louse","floor":7.0,"turns":2.0},{"damage":13.0,"enemies":"Looter","floor":9.0,"turns":4.0},{"damage":0.0,"enemies":"2 Fungi Beasts","floor":15.0,"turns":2.0},{"damage":53,"enemies":"Fading Forest","floor":18,"turns":11},{"damage":30,"enemies":"Spheric Guardian","floor":20,"turns":4},{"damage":21,"enemies":"3 Byrds","floor":21,"turns":5},{"damage":26,"enemies":"Centurion and Healer","floor":24,"turns":4}],"seed_played":"1425568516820126812","potions_obtained":[{"floor":15.0,"key":"TheSimpletonMod:MoonshinePotion"}],"is_trial":false,"path_per_floor":["M","$","PTL","PTL","M","?","M","R","M","R","T","T","$","?","M","$","R","B",null,"M","M","PTL","PTL","M"],"character_chosen":"DEFECT","items_purchased":["FIFO Queue","Sweeping Beam","Go for the Eyes","ReplayTheSpireMod:Repulse","ReplayGash","Conserve Battery","WeaponsOverheat"],"campfire_rested":1,"item_purchase_floors":[2,2,2,2,13,13,16],"current_hp_per_floor":[44,44,44,44,43,43,36,36,23,23,23,23,23,23,23,23,45,2,75,45,24,24,24,0,0],"gold":137,"neow_bonus":"TWO_FIFTY_GOLD","is_daily":false,"chose_seed":false,"campfire_upgraded":2,"win_rate":0.0,"timestamp":1613196195,"path_taken":["M","$","PTL","PTL","M","?","M","R","M","R","T","?","$","?","?","?","R","BOSS","M","M","PTL","PTL","M"],"items_purchased_type":["Card","Card","Card","Card","Card","Card","Card"],"build_version":"2020-12-22","purchased_purges":0,"victory":false,"max_hp_per_floor":[75,75,75,75,75,75,75,75,75,75,75,75,75,75,75,75,75,75,75,75,75,75,75,75,75],"relic_stats":{"counters":[9,38],"obtain_stats":[{"Iron Core":14,"DemoMod:GlassGuonStoneRelic":7,"Cracked Core":0},{"Iron Core":4,"DemoMod:GlassGuonStoneRelic":3,"Cracked Core":0},{"Iron Core":12,"DemoMod:GlassGuonStoneRelic":8,"Cracked Core":0}]},"card_choices":[{"not_picked":["Sweeping Beam","Leap"],"picked":"Lockon","floor":1.0},{"not_picked":["Skim","Barrage"],"picked":"BasicCrystalCard","floor":5.0},{"not_picked":["Compile Driver","Go for the Eyes"],"picked":"Redo","floor":7.0},{"not_picked":["Lockon","Streamline"],"picked":"Beam Cell","floor":9.0},{"not_picked":["Heatsinks","BasicCrystalCard"],"picked":"Panic Button","floor":15.0},{"not_picked":["Offering","Double Tap"],"picked":"Seek","floor":18},{"not_picked":["Coolheaded","Amplify"],"picked":"Gash+1","floor":20},{"not_picked":["Rebound","Streamline"],"picked":"Stack","floor":21}],"player_experience":492731,"relics_obtained":[],"event_choices":[],"is_beta":false,"boss_relics":[{"not_picked":["energizedSpire:SpiderWeb","aspiration:Stellarator","aspiration:RitualDagger"]}],"items_purged_floors":[],"is_endless":false,"potions_floor_spawned":[15],"killed_by":"Centurion and Healer","ascension_level":0}}