{"host":"51dweoxrcspgw6ri","time":1613221598,"event":{"mods":["BaseMod","Colored Map","Colored Powertips","Minty Spire (QoL Compilation)","Rare Cards Sparkle","Relic Stats","StSLib","SuperFastMode"],"gold_per_floor":[113,113,31,106,169,201,228,228,228,239,239,24,56,76,76,174,174,193,193,193,193,12,12,29,58,58,75,95,95,119,135,135,239,239,252,252,270,7,20,20,20,39,39,65,74,74,101,49,49,49,49],"floor_reached":50,"language":"ENG","playtime":1401,"items_purged":["Neutralize"],"score":569,"play_id":"c8842bac-e97d-4cac-b6a6-f83e8dd8319b","local_time":"20210213140638","is_ascension_mode":false,"campfire_choices":[{"data":"Backstab","floor":8.0,"key":"SMITH"},{"data":"Deadly Poison","floor":11.0,"key":"SMITH"},{"data":"Adrenaline","floor":15.0,"key":"SMITH"},{"data":"Venomology","floor":23.0,"key":"SMITH"},{"floor":32.0,"key":"REST"},{"floor":40,"key":"REST"},{"floor":46,"key":"REST"},{"floor":49,"key":"REST"}],"circlet_count":0,"master_deck":["Defend_G","Defend_G","Defend_G","Defend_G","Defend_G","Backstab+1","Noxious Fumes","Sucker Punch","Deadly Poison+1","PiercingWail","Footwork","Deadly Poison","Poisoned Stab+1","Noxious Fumes","Adrenaline+1","Venomology+1","Deadly Poison","Bite","Bite","Bite","Bite","Bite","Bouncing Flask","Footwork","Poisoned Stab+1","Blur","Prepared+1","Adrenaline","PiercingWail+1","PiercingWail+1","Footwork","Catalyst","Backstab","Malaise"],"relics":["Ring of the Serpent","NeowsBlessing","Ninja Scroll","Odd Mushroom","Bottled Lightning","Whetstone","SacredBark","Vajra","Pocketwatch","Paper Crane","Oddly Smooth Stone","Lantern","MealTicket","CeramicFish","Orichalcum"],"acts_visited":["Exordium","TheCity","TheBeyond"],"potions_floor_usage":[33,33,33,33,37,37,42,47,47,50,50,50],"damage_taken":[{"damage":0.0,"enemies":"Cultist","floor":1.0,"turns":1.0},{"damage":0.0,"enemies":"Lagavulin","floor":6.0,"turns":1.0},{"damage":0.0,"enemies":"The Mushroom Lair","floor":7.0,"turns":1.0},{"damage":0.0,"enemies":"2 Louse","floor":10.0,"turns":1.0},{"damage":15.0,"enemies":"Gremlin Nob","floor":13.0,"turns":4.0},{"damage":1.0,"enemies":"Small Slimes","floor":14.0,"turns":2.0},{"damage":13.0,"enemies":"The Guardian","floor":16.0,"turns":8.0},{"damage":17.0,"enemies":"Spheric Guardian","floor":18.0,"turns":4.0},{"damage":10.0,"enemies":"Chosen","floor":24.0,"turns":2.0},{"damage":7.0,"enemies":"Slavers","floor":25.0,"turns":4.0},{"damage":21.0,"enemies":"Snake Plant","floor":27.0,"turns":3.0},{"damage":13.0,"enemies":"Cultist and Chosen","floor":28.0,"turns":5.0},{"damage":15.0,"enemies":"Snecko","floor":31.0,"turns":3.0},{"damage":40,"enemies":"Collector","floor":33,"turns":6},{"damage":13,"enemies":"3 Shapes","floor":35,"turns":6},{"damage":38,"enemies":"3 Darklings","floor":37,"turns":11},{"damage":11,"enemies":"Maw","floor":39,"turns":6},{"damage":36,"enemies":"Spire Growth","floor":42,"turns":4},{"damage":9,"enemies":"Nemesis","floor":47,"turns":5},{"damage":52,"enemies":"Donu and Deca","floor":50,"turns":10}],"seed_played":"5167100503847720274","potions_obtained":[{"floor":1.0,"key":"Swift Potion"},{"floor":6.0,"key":"SpeedPotion"},{"floor":16.0,"key":"AttackPotion"},{"floor":18.0,"key":"AttackPotion"},{"floor":25.0,"key":"BlessingOfTheForge"},{"floor":28.0,"key":"Energy Potion"},{"floor":35,"key":"Poison Potion"},{"floor":37,"key":"SpeedPotion"}],"is_trial":false,"path_per_floor":["M","?","$","?","?","E","?","R","T","M","R","$","E","M","R","B",null,"M","?","?","?","$","R","M","E","T","M","M","T","T","M","R","B",null,"M","?","M","$","M","R","?","M","T","T","?","R","E","$","R","B"],"character_chosen":"THE_SILENT","items_purchased":["Noxious Fumes","Footwork","Deadly Poison","Poisoned Stab","Footwork","Vajra","Footwork","Lantern","Catalyst","PowerPotion"],"campfire_rested":4,"item_purchase_floors":[3,12,12,12,22,22,38,38,38,48],"current_hp_per_floor":[70,75,75,64,64,64,64,64,64,64,64,64,49,48,48,35,75,58,52,52,52,52,52,44,45,45,28,25,25,25,18,33,2,52,41,41,25,25,22,37,37,3,3,3,3,18,13,28,43,0,0],"gold":49,"neow_bonus":"THREE_ENEMY_KILL","is_daily":false,"chose_seed":false,"campfire_upgraded":4,"win_rate":0.0,"timestamp":1613221598,"path_taken":["M","?","$","?","?","E","?","R","T","M","R","$","E","M","R","BOSS","M","?","?","?","$","R","?","E","T","?","M","?","?","M","R","BOSS","M","?","M","$","M","R","?","M","T","?","?","R","E","$","R","BOSS"],"items_purchased_type":["Card","Card","Card","Card","Card","Relic","Card","Relic","Card","Potion"],"build_version":"2020-12-22","purchased_purges":1,"victory":false,"max_hp_per_floor":[70,75,75,75,75,75,75,75,75,75,75,75,75,75,75,75,75,75,52,52,52,52,52,52,52,52,52,52,52,52,52,52,52,52,52,52,52,52,52,52,52,52,52,52,52,52,52,52,52,52,52],"relic_stats":{"counters":[20,87],"CeramicFish":9,"MealTicket":15,"Whetstone":["Poisoned Stab","Strike_G"],"Orichalcum":[6],"obtain_stats":[{"Lantern":38,"NeowsBlessing":0,"SacredBark":17,"CeramicFish":44,"Vajra":22,"Oddly Smooth Stone":30,"Whetstone":13,"Odd Mushroom":7,"Paper Crane":26,"Orichalcum":47,"Ninja Scroll":6,"MealTicket":43,"Bottled Lightning":9,"Ring of the Serpent":34,"Ring of the Snake":0,"Pocketwatch":25},{"Lantern":16,"NeowsBlessing":0,"SacredBark":7,"CeramicFish":18,"Vajra":8,"Oddly Smooth Stone":12,"Whetstone":5,"Odd Mushroom":3,"Paper Crane":10,"Orichalcum":19,"Ninja Scroll":2,"MealTicket":18,"Bottled Lightning":3,"Ring of the Serpent":14,"Ring of the Snake":0,"Pocketwatch":10},{"Lantern":62,"NeowsBlessing":0,"SacredBark":18,"CeramicFish":72,"Vajra":22,"Oddly Smooth Stone":36,"Whetstone":8,"Odd Mushroom":3,"Paper Crane":28,"Orichalcum":77,"Ninja Scroll":2,"MealTicket":72,"Bottled Lightning":3,"Ring of the Serpent":45,"Ring of the Snake":0,"Pocketwatch":28}],"Pocketwatch":[51]},"card_choices":[{"not_picked":["Footwork","Poisoned Stab"],"picked":"Backstab","floor":1.0},{"not_picked":["Underhanded Strike","Dodge and Roll"],"picked":"Sucker Punch","floor":6.0},{"not_picked":["Predator","Leg Sweep"],"picked":"Deadly Poison","floor":7.0},{"not_picked":["Poisoned Stab","Calculated Gamble"],"picked":"PiercingWail","floor":10.0},{"not_picked":["Dagger Spray","Prepared"],"picked":"Noxious Fumes","floor":13.0},{"not_picked":["Choke","Calculated Gamble"],"picked":"Adrenaline","floor":14.0},{"not_picked":["Storm of Steel","Doppelganger"],"picked":"Venomology","floor":16.0},{"not_picked":["Dodge and Roll","Slice+1"],"picked":"Deadly Poison","floor":18.0},{"not_picked":["Backflip","Dodge and Roll"],"picked":"Poisoned Stab+1","floor":24.0},{"not_picked":["Phantasmal Killer","Concentrate"],"picked":"Blur","floor":25.0},{"not_picked":["Bane","Sucker Punch"],"picked":"Prepared+1","floor":27.0},{"not_picked":["Acrobatics+1","Quick Slash"],"picked":"Blade Dance","floor":28.0},{"not_picked":["Underhanded Strike","Dodge and Roll","Prepared"],"picked":"SKIP","floor":31.0},{"not_picked":["Die Die Die","Tools of the Trade"],"picked":"Adrenaline","floor":33},{"not_picked":["Prepared+1","Dagger Throw+1"],"picked":"PiercingWail+1","floor":35},{"not_picked":["Dodge and Roll+1","Crippling Poison+1"],"picked":"PiercingWail+1","floor":37},{"not_picked":["Dagger Spray","Prepared"],"picked":"Backstab","floor":39},{"not_picked":["Dagger Throw+1","Eviscerate","Heel Hook"],"picked":"SKIP","floor":42},{"not_picked":["Prepared","Underhanded Strike","Skewer+1"],"picked":"SKIP","floor":47}],"player_experience":527338,"relics_obtained":[{"floor":6.0,"key":"Ninja Scroll"},{"floor":7.0,"key":"Odd Mushroom"},{"floor":9.0,"key":"Bottled Lightning"},{"floor":13.0,"key":"Whetstone"},{"floor":25.0,"key":"Pocketwatch"},{"floor":26.0,"key":"Paper Crane"},{"floor":30.0,"key":"Oddly Smooth Stone"},{"floor":43,"key":"MealTicket"},{"floor":44,"key":"CeramicFish"},{"floor":47,"key":"Orichalcum"}],"event_choices":[{"damage_healed":0.0,"max_hp_gain":5.0,"max_hp_loss":0.0,"gold_gain":0.0,"event_name":"Big Fish","player_choice":"Donut","floor":2.0,"gold_loss":0.0,"damage_taken":0.0},{"damage_healed":0.0,"max_hp_gain":0.0,"max_hp_loss":0.0,"gold_gain":75.0,"event_name":"World of Goop","player_choice":"Gather Gold","floor":4.0,"gold_loss":0.0,"damage_taken":11.0},{"damage_healed":0.0,"max_hp_gain":0.0,"max_hp_loss":0.0,"gold_gain":63.0,"event_name":"Golden Wing","player_choice":"Gained Gold","floor":5.0,"gold_loss":0.0,"damage_taken":0.0},{"damage_healed":0.0,"max_hp_gain":0.0,"max_hp_loss":0.0,"gold_gain":0.0,"event_name":"Mushrooms","player_choice":"Fought Mushrooms","floor":7.0,"gold_loss":0.0,"damage_taken":0.0},{"damage_healed":0.0,"max_hp_gain":0.0,"max_hp_loss":23.0,"gold_gain":0.0,"event_name":"Vampires","player_choice":"Became a vampire","floor":19.0,"gold_loss":0.0,"damage_taken":0.0,"cards_obtained":["Bite","Bite","Bite","Bite","Bite"]},{"damage_healed":0.0,"max_hp_gain":0.0,"max_hp_loss":0.0,"gold_gain":0.0,"event_name":"The Library","player_choice":"Read","floor":20.0,"gold_loss":0.0,"damage_taken":0.0,"cards_obtained":["Bouncing Flask"]},{"damage_healed":0.0,"max_hp_gain":0.0,"max_hp_loss":0.0,"gold_gain":0.0,"event_name":"The Mausoleum","player_choice":"Ignored","floor":21.0,"gold_loss":0.0,"damage_taken":0.0},{"damage_healed":0,"gold_gain":0,"player_choice":"Ignored","damage_taken":0,"max_hp_gain":0,"max_hp_loss":0,"event_name":"Tomb of Lord Red Mask","floor":36,"gold_loss":0},{"cards_removed":["Blade Dance"],"damage_healed":0,"gold_gain":0,"player_choice":"Removed Skill","damage_taken":0,"max_hp_gain":0,"max_hp_loss":0,"event_name":"Falling","floor":41,"gold_loss":0},{"damage_healed":0,"gold_gain":0,"cards_transformed":["Survivor"],"player_choice":"Transformed","damage_taken":0,"max_hp_gain":0,"max_hp_loss":0,"event_name":"Transmorgrifier","floor":45,"gold_loss":0,"cards_obtained":["Malaise"]}],"is_beta":false,"boss_relics":[{"not_picked":["Coffee Dripper","Runic Dome"],"picked":"SacredBark"},{"not_picked":["Busted Crown","SlaversCollar"],"picked":"Ring of the Serpent"}],"items_purged_floors":[12],"is_endless":false,"potions_floor_spawned":[1,6,16,18,25,28,31,35,37],"killed_by":"Donu and Deca","ascension_level":0}}