{"host":"pypglfp8rzlfgxqw","time":1613179239,"event":{"mods":["Act Like it!","BaseMod","Beaked The Cultist","BetterRewards","Conspire","Downfall","Duelist Mod","Friendly Minions","Glutton Mod","Hallownest","Hubris","Infinite Spire","Jorbs\u0027s Wanderer Trilogy","Mad Scientist","Marisa????????","Mimic Mod","Minty Spire (QoL Compilation)","READ ME - Guardian Mod","Reliquary","Replay The Spire","Shop Mod","StSLib","The Administrix","The Animator","The Blackbeard","The Bug Knight","The Construct","The Cursed","The Disciple","The Elementalist","The Gatherer","The Jungle","The Marked","The Mystic","The Runesmith","The Servant 0.9.4","WarShipGirlsR/????R mod"],"gold_per_floor":[117,117,127,127,127,127,127,127,127,152,170,183,196,0,0,0,0],"floor_reached":16,"language":"ENG","playtime":1738,"items_purged":[],"score":125,"play_id":"c9a23bfd-9ea0-4b34-849b-9aef7de9aa44","local_time":"20210212202039","is_ascension_mode":false,"metric_token":2385,"campfire_choices":[{"data":"Gatherer:FlowerFalling","floor":6,"key":"SMITH"},{"data":"Gatherer:FlowerFalling+2","floor":15,"key":"SMITH"}],"circlet_count":0,"master_deck":["Gatherer:Strike_Gatherer","Gatherer:Strike_Gatherer+1","Gatherer:Strike_Gatherer","Gatherer:Strike_Gatherer","Gatherer:Strike_Gatherer+1","Gatherer:Defend_Gatherer","Gatherer:Defend_Gatherer","Gatherer:Defend_Gatherer","Gatherer:Defend_Gatherer","Gatherer:Defend_Gatherer","Gatherer:Centralize+1","Gatherer:FlowerWhip+1","Gatherer:FlowerFalling+3","Gatherer:MiningStrike","Gatherer:Snatch","Gatherer:PotentialSlash","Gatherer:FlowerShield"],"relics":["Gatherer:AlchemyBag","NeowsBlessing","Hallownest:DreamNailRelic","hubris:EvacipatedBox","hubris:FruitBowl","reliquary:Buckler","Hallownest:BankAccountRelic"],"acts_visited":["Exordium"],"potions_floor_usage":[11,16,16],"damage_taken":[{"damage":0,"enemies":"Hallownest:monsterHuskGuard","floor":1,"turns":1},{"damage":0,"enemies":"Hallownest:2_MossCreeps","floor":3,"turns":1},{"damage":0,"enemies":"Hallownest:eliteMossKnight","floor":10,"turns":1},{"damage":0,"enemies":"Hallownest:monsterHuskWarrior","floor":11,"turns":2},{"damage":12,"enemies":"Hallownest:1_Ooma_and_2_Uuma","floor":12,"turns":7},{"damage":0,"enemies":"Hallownest:monsterMossCharger","floor":13,"turns":2},{"damage":42,"enemies":"Hallownest:BossHornet","floor":16,"turns":4}],"seed_played":"7534836975757555323","potions_obtained":[{"floor":3,"key":"bronze:BurnAndBuffPotion"},{"floor":12,"key":"EssenceOfSteel"},{"floor":13,"key":"FearPotion"}],"is_trial":false,"path_per_floor":["M","?","M","?","$","R","?","MIM","T","E","M","M","M","?","R","B"],"character_chosen":"THE_GATHERER","items_purchased":["hubris:EvacipatedBox","hubris:FruitBowl"],"campfire_rested":0,"item_purchase_floors":[5,5],"current_hp_per_floor":[72,72,72,72,34,34,34,34,34,34,34,22,22,22,22,0,0],"gold":0,"neow_bonus":"THREE_ENEMY_KILL","is_daily":false,"chose_seed":false,"campfire_upgraded":2,"win_rate":0.0,"timestamp":1613179239,"path_taken":["M","?","?","?","?","R","?","?","T","E","M","M","M","?","R","BOSS"],"items_purchased_type":["Relic","Relic"],"build_version":"2020-12-22","purchased_purges":0,"victory":false,"max_hp_per_floor":[72,72,72,72,72,72,72,72,72,72,72,72,72,72,72,72,72],"card_choices":[{"not_picked":["Gatherer:FragileHammer","Gatherer:Herbalism"],"picked":"Gatherer:FlowerFalling","floor":1},{"not_picked":["Gatherer:Enchant","Gatherer:Liquidism"],"picked":"Gatherer:MiningStrike","floor":3},{"not_picked":["Gatherer:GatherMaterial","Gatherer:Liquidism","Gatherer:AromaProtection"],"picked":"SKIP","floor":10},{"not_picked":["Gatherer:Solidify","Gatherer:Frenzy"],"picked":"Gatherer:Snatch","floor":11},{"not_picked":["Gatherer:FlowerShield","Gatherer:AromaProtection"],"picked":"Gatherer:PotentialSlash","floor":12},{"not_picked":["Gatherer:BlackTea","Gatherer:EnergyBasket"],"picked":"Gatherer:FlowerShield","floor":13}],"player_experience":487264,"relics_obtained":[{"floor":10,"key":"reliquary:Buckler"}],"event_choices":[],"is_beta":false,"boss_relics":[],"items_purged_floors":[],"is_endless":false,"potions_floor_spawned":[3,12,13],"killed_by":"Hallownest:BossHornet","ascension_level":0}}