{"host":"qj2ynjh122p6ybyd","time":1613207063,"event":{"mods":["AchievementEnabler","Aspiration","BaseMod","Better Match","Better Note","Highlight Path","Infinite Spire","Minty Spire (QoL Compilation)","Quick Restart","Relic Stats","Reliquary","Replay The Spire","StSLib","SuperFastMode","The Blackbeard","The Gatherer"],"gold_per_floor":[112,112,112,127,146,173,184,184,231,151,163,173,235,268,268,268,268],"floor_reached":16,"language":"RUS","playtime":479,"items_purged":[],"score":185,"play_id":"e9185216-3c7b-4dc2-93fa-a2eee37ac63c","local_time":"20210213110423","is_ascension_mode":true,"campfire_choices":[{"floor":8,"key":"REST"},{"data":"Eclipse","floor":15,"key":"SMITH"}],"circlet_count":0,"master_deck":["AscendersBane","Strike_R","Strike_R","Strike_R+1","Strike_R","Strike_R","Defend_R","Defend_R","Defend_R+1","Defend_R","Bash","Thunderclap","Self Repair+1","Clothesline","Flame Barrier","Twin Strike","Armaments","Spot Weakness","Cleave","Havoc","Eclipse+1"],"relics":["aspiration:Nostalgia","m_SeaBlood","Iron Core","Happy Flower","Simple Rune","Replay:Towering Pillar of Hats"],"acts_visited":["Exordium"],"potions_floor_usage":[6,11,14,16,16],"damage_taken":[{"damage":0,"enemies":"Small Slimes","floor":1,"turns":3},{"damage":11,"enemies":"infinitespire:Voidling","floor":4,"turns":4},{"damage":9,"enemies":"Jaw Worm","floor":5,"turns":3},{"damage":68,"enemies":"Gremlin Nob","floor":6,"turns":6},{"damage":15,"enemies":"Blue Slaver","floor":7,"turns":5},{"damage":17,"enemies":"Exordium Thugs","floor":11,"turns":6},{"damage":2,"enemies":"Exordium Wildlife","floor":12,"turns":3},{"damage":37,"enemies":"Lagavulin","floor":14,"turns":13},{"damage":56,"enemies":"Slime Boss","floor":16,"turns":8}],"seed_played":"3879216522633254408","potions_obtained":[{"floor":3,"key":"Languid Potion"},{"floor":3,"key":"GamblersBrew"},{"floor":3,"key":"Regen Potion"},{"floor":6,"key":"Energy Potion"},{"floor":11,"key":"Weak Potion"},{"floor":14,"key":"Elixir"}],"is_trial":false,"path_per_floor":["M","?","?","M","M","E","M","R","T","$","M","M","?","E","R","B"],"character_chosen":"IRONCLAD","items_purchased":["Spot Weakness"],"campfire_rested":1,"item_purchase_floors":[10],"current_hp_per_floor":[80,80,80,80,80,28,29,53,53,53,67,71,71,50,50,0,0],"gold":268,"neow_bonus":"NOSTALGIA","is_daily":false,"chose_seed":false,"campfire_upgraded":1,"win_rate":0.0,"timestamp":1613207063,"path_taken":["M","?","?","M","M","E","M","R","T","$","?","M","?","E","R","BOSS"],"items_purchased_type":["Card"],"build_version":"2020-12-22","purchased_purges":0,"victory":false,"max_hp_per_floor":[80,80,80,80,80,80,80,80,80,80,80,80,80,80,80,80,80],"relic_stats":{"Happy Flower":[11],"counters":[9,51],"obtain_stats":[{"m_SeaBlood":0,"Iron Core":2,"Happy Flower":6,"Replay:Towering Pillar of Hats":14,"aspiration:Nostalgia":0,"Simple Rune":9,"Burning Blood":0},{"m_SeaBlood":0,"Iron Core":1,"Happy Flower":4,"Replay:Towering Pillar of Hats":8,"aspiration:Nostalgia":0,"Simple Rune":5,"Burning Blood":0},{"m_SeaBlood":0,"Iron Core":3,"Happy Flower":16,"Replay:Towering Pillar of Hats":43,"aspiration:Nostalgia":0,"Simple Rune":21,"Burning Blood":0}]},"card_choices":[{"not_picked":["Sword Boomerang","Blood for Blood"],"picked":"Thunderclap","floor":1},{"not_picked":["Bloodletting","Turbo"],"picked":"Clothesline","floor":4},{"not_picked":["Massacre","Defy Death"],"picked":"Flame Barrier","floor":5},{"not_picked":["Clash","Intimidate"],"picked":"Twin Strike","floor":6},{"not_picked":["Replay:Undeath\u0027s Touch","Cleave"],"picked":"Armaments","floor":7},{"not_picked":["Flex","Defy Death"],"picked":"Cleave","floor":11},{"not_picked":["Cleave","WeaponsOverheat"],"picked":"Havoc","floor":12},{"not_picked":["Capacitor","Defragment"],"picked":"Eclipse","floor":14}],"player_experience":381557,"relics_obtained":[{"floor":6,"key":"Happy Flower"},{"floor":9,"key":"Simple Rune"},{"floor":14,"key":"Replay:Towering Pillar of Hats"}],"event_choices":[{"damage_healed":0,"gold_gain":0,"player_choice":"Got Potions","damage_taken":0,"max_hp_gain":0,"max_hp_loss":0,"event_name":"Lab","floor":3,"gold_loss":0},{"damage_healed":0,"gold_gain":62,"player_choice":"Gained Gold","damage_taken":0,"max_hp_gain":0,"max_hp_loss":0,"event_name":"Golden Wing","floor":13,"gold_loss":0}],"is_beta":false,"boss_relics":[],"items_purged_floors":[],"is_endless":false,"potions_floor_spawned":[6,11,14],"killed_by":"Slime Boss","ascension_level":13}}