{"host":"fkig9nrckec4xsh0","time":1613174661,"event":{"mods":["Act Like it!","BaseMod","Colored Map","Gensokyo","Hermit","Marisa????????","Minty Spire (QoL Compilation)","Quick Restart","Replay The Spire","StSLib"],"gold_per_floor":[114,114,125,125,125,152,152,74,74,93,118,118,16,35,35,35,35],"floor_reached":16,"language":"ENG","playtime":535,"items_purged":[],"score":252,"play_id":"caa1ed67-89a4-4f24-9041-7154f2446596","local_time":"20210212190421","is_ascension_mode":true,"campfire_choices":[{"data":"Violence","floor":12,"key":"SMITH"},{"data":"Go for the Eyes","floor":15,"key":"SMITH"}],"circlet_count":0,"master_deck":["AscendersBane","Strike_B","Strike_B","Strike_B","Strike_B","Defend_B","Defend_B","Defend_B","Defend_B","Zap","Dualcast","ReplayTheSpireMod:Doomed","Violence+1","Gash","Pain","ReplayGash","Injury","Clumsy","Go for the Eyes+1","FTL","Gensokyo:TarnishedGold","Gensokyo:BlemishedSteel"],"relics":["Cracked Core","Gensokyo:LunaticRedEyes","MealTicket","Gensokyo:NagashiBinaDoll","Singing Bowl","Bag of Marbles","Regal Pillow"],"acts_visited":["Exordium"],"potions_floor_usage":[6,11],"damage_taken":[{"damage":2,"enemies":"Gensokyo:Python","floor":1,"turns":3},{"damage":1,"enemies":"Gensokyo:2_Kodama","floor":3,"turns":3},{"damage":49,"enemies":"Gensokyo:Aya","floor":6,"turns":8},{"damage":4,"enemies":"Gensokyo:Gryphon","floor":10,"turns":2},{"damage":17,"enemies":"Gensokyo:Cirno","floor":11,"turns":5},{"damage":0,"enemies":"Gensokyo:Kitsune","floor":14,"turns":3},{"damage":31,"enemies":"Gensokyo:Kokoro","floor":16,"turns":5}],"seed_played":"-2726953040219436594","potions_obtained":[{"floor":1,"key":"DuplicationPotion"},{"floor":6,"key":"AttackPotion"}],"is_trial":false,"path_per_floor":["M","?","M","?","?","E","$","$","T","M","E","R","COS","M","R","B"],"character_chosen":"DEFECT","items_purchased":["FTL"],"campfire_rested":0,"item_purchase_floors":[8],"current_hp_per_floor":[66,66,65,65,65,16,31,46,46,44,29,29,29,31,31,0,0],"gold":35,"neow_bonus":"RANDOM_COLORLESS_2","is_daily":false,"chose_seed":false,"campfire_upgraded":2,"win_rate":0.0,"timestamp":1613174661,"path_taken":["M","?","M","?","?","E","?","$","T","M","E","R","COS","M","R","BOSS"],"items_purchased_type":["Card"],"build_version":"2020-12-22","purchased_purges":0,"victory":false,"max_hp_per_floor":[75,75,75,75,75,75,75,75,75,77,79,79,79,81,81,81,81],"card_choices":[{"not_picked":["Thinking Ahead","Secret Technique"],"picked":"Violence","floor":0},{"not_picked":["Rebound","Streamline"],"picked":"Gash","floor":1},{"not_picked":["Steam","Hologram"],"picked":"ReplayGash","floor":3},{"not_picked":["Fission","Force Field"],"picked":"Go for the Eyes","floor":6},{"not_picked":["Rebound","BasicCrystalCard","Redo"],"picked":"Singing Bowl","floor":10},{"not_picked":["Ball Lightning","Steam","Turbo"],"picked":"Singing Bowl","floor":11},{"not_picked":["Leap","Heatsinks","Auto Shields"],"picked":"Singing Bowl","floor":14}],"player_experience":431754,"relics_obtained":[{"floor":6,"key":"Singing Bowl"},{"floor":9,"key":"Bag of Marbles"},{"floor":11,"key":"Regal Pillow"}],"event_choices":[],"is_beta":false,"boss_relics":[],"items_purged_floors":[],"is_endless":false,"potions_floor_spawned":[1,6],"killed_by":"Gensokyo:Kokoro","ascension_level":10}}