{"host":"y76clbnovzmw9ubx","time":1613252846,"event":{"mods":["AchievementEnabler","BaseMod","Minty Spire (QoL Compilation)","Permanent Neow","Relic Stats"],"gold_per_floor":[117,267,284,284,298,327,339,339,339],"floor_reached":8,"language":"ENG","playtime":263,"items_purged":[],"score":116,"play_id":"54253875-e4c7-4e82-859c-370884807884","local_time":"20210213164726","is_ascension_mode":true,"campfire_choices":[],"circlet_count":0,"master_deck":["AscendersBane","Strike_G","Strike_G","Strike_G","Strike_G","Defend_G","Defend_G","Defend_G","Defend_G","Defend_G","Survivor","Neutralize","Flechettes","Doubt","Footwork","Die Die Die","Riddle With Holes","Blade Dance","Dodge and Roll"],"relics":["Ring of the Snake","Du-Vu Doll","Frozen Egg 2"],"acts_visited":["Exordium"],"potions_floor_usage":[6,8,8],"damage_taken":[{"damage":2,"enemies":"Small Slimes","floor":1,"turns":5},{"damage":0,"enemies":"Cultist","floor":3,"turns":3},{"damage":2,"enemies":"Jaw Worm","floor":5,"turns":3},{"damage":28,"enemies":"Lagavulin","floor":6,"turns":5},{"damage":0,"enemies":"Exordium Wildlife","floor":7,"turns":1},{"damage":51,"enemies":"Gremlin Nob","floor":8,"turns":4}],"seed_played":"-3371573347053610775","potions_obtained":[{"floor":1,"key":"SkillPotion"},{"floor":6,"key":"EssenceOfSteel"},{"floor":7,"key":"Regen Potion"}],"is_trial":false,"path_per_floor":["M","?","M","?","M","E","M","E"],"character_chosen":"THE_SILENT","items_purchased":[],"campfire_rested":0,"item_purchase_floors":[],"current_hp_per_floor":[57,57,57,57,55,27,27,0,0],"gold":339,"neow_bonus":"ONE_RARE_RELIC","is_daily":false,"chose_seed":false,"campfire_upgraded":0,"win_rate":0.0,"timestamp":1613252846,"path_taken":["M","?","M","?","M","E","?","E"],"items_purchased_type":[],"build_version":"2020-12-22","purchased_purges":0,"victory":false,"max_hp_per_floor":[60,60,60,60,60,60,60,60,60],"relic_stats":{"counters":[6,21],"obtain_stats":[{"Du-Vu Doll":0,"Frozen Egg 2":6,"Ring of the Snake":0},{"Du-Vu Doll":0,"Frozen Egg 2":4,"Ring of the Snake":0},{"Du-Vu Doll":0,"Frozen Egg 2":16,"Ring of the Snake":0}],"Ring of the Snake":[12]},"card_choices":[{"not_picked":["Blur","Choke"],"picked":"Flechettes","floor":1},{"not_picked":["Sucker Punch","Backstab"],"picked":"Footwork","floor":3},{"not_picked":["Acrobatics","Outmaneuver"],"picked":"Riddle With Holes","floor":5},{"not_picked":["Terror","Prepared"],"picked":"Blade Dance","floor":6},{"not_picked":["Prepared","Backflip"],"picked":"Dodge and Roll","floor":7}],"player_experience":3233727,"relics_obtained":[{"floor":6,"key":"Frozen Egg 2"}],"event_choices":[{"damage_healed":0,"gold_gain":150,"player_choice":"AGREE","damage_taken":0,"max_hp_gain":0,"max_hp_loss":0,"event_name":"Liars Game","floor":2,"gold_loss":0,"cards_obtained":["Doubt"]},{"damage_healed":0,"gold_gain":0,"cards_transformed":["Strike_G"],"player_choice":"Transformed","damage_taken":0,"max_hp_gain":0,"max_hp_loss":0,"event_name":"Transmorgrifier","floor":4,"gold_loss":0,"cards_obtained":["Die Die Die"]}],"is_beta":false,"boss_relics":[],"items_purged_floors":[],"is_endless":false,"potions_floor_spawned":[1,6,7],"killed_by":"Gremlin Nob","ascension_level":20}}