{"host":"5mo0809oo9tcrmpl","time":1613192293,"event":{"mods":["BaseMod","Highlight Path","Minty Spire (QoL Compilation)","Relic Stats","Slay the Relics Exporter"],"gold_per_floor":[112,125,125,137,154,154,104,104,104,119,144,219,233,249,249,353,353,371,70,83,101,114,114,146,146,146,146,165,165,165,175,175,280,280,294,344,344,359,90,90,90,125,172,188,188,215,234,248,248,248,248],"floor_reached":50,"language":"ENG","playtime":4145,"items_purged":["Strike_R","Strike_R"],"score":526,"play_id":"5b4761e2-c0dd-4bd7-8363-2b8f0032a41f","local_time":"20210212225813","is_ascension_mode":false,"campfire_choices":[{"data":"Juggernaut","floor":6,"key":"SMITH"},{"data":"Bash","floor":8,"key":"SMITH"},{"data":"Perfected Strike","floor":15,"key":"SMITH"},{"data":"The Bomb","floor":23,"key":"SMITH"},{"data":"Shrug It Off","floor":25,"key":"SMITH"},{"data":"Flame Barrier","floor":30,"key":"SMITH"},{"floor":32,"key":"REST"},{"data":"Demon Form","floor":40,"key":"SMITH"},{"floor":49,"key":"RECALL"}],"circlet_count":0,"master_deck":["Defend_R","Defend_R","Defend_R","Defend_R","Bash+1","Cleave","Juggernaut+1","Cleave","Warcry","Seeing Red","Perfected Strike+1","Shrug It Off+1","Disarm","Reaper","Body Slam+1","True Grit","The Bomb+1","Disarm","Headbutt","Sword Boomerang","Ghostly Armor","Flame Barrier+1","Fiend Fire","Disarm","Havoc+1","Power Through+1","Demon Form+1","Heavy Blade","True Grit","Battle Trance+1","Shrug It Off","Heavy Blade"],"relics":["Burning Blood","NeowsBlessing","Potion Belt","Pear","Velvet Choker","The Courier","Regal Pillow","SlaversCollar","Lizard Tail","Boot","Bottled Tornado"],"acts_visited":["Exordium","TheCity","TheBeyond"],"potions_floor_usage":[11,24,33,33,33,35,42,42,42,42,42,44,46,46,47,50],"damage_taken":[{"damage":0,"enemies":"Cultist","floor":1,"turns":1},{"damage":0,"enemies":"2 Louse","floor":2,"turns":1},{"damage":0,"enemies":"Jaw Worm","floor":4,"turns":1},{"damage":3,"enemies":"2 Fungi Beasts","floor":5,"turns":3},{"damage":1,"enemies":"3 Louse","floor":10,"turns":2},{"damage":23,"enemies":"Gremlin Nob","floor":11,"turns":5},{"damage":2,"enemies":"Blue Slaver","floor":13,"turns":3},{"damage":5,"enemies":"Looter","floor":14,"turns":2},{"damage":27,"enemies":"The Guardian","floor":16,"turns":11},{"damage":14,"enemies":"2 Thieves","floor":18,"turns":4},{"damage":21,"enemies":"Spheric Guardian","floor":20,"turns":5},{"damage":27,"enemies":"Chosen and Byrds","floor":21,"turns":8},{"damage":1,"enemies":"Cultist and Chosen","floor":22,"turns":4},{"damage":25,"enemies":"Book of Stabbing","floor":24,"turns":5},{"damage":28,"enemies":"Shelled Parasite and Fungi","floor":28,"turns":6},{"damage":10,"enemies":"Centurion and Healer","floor":31,"turns":6},{"damage":57,"enemies":"Collector","floor":33,"turns":9},{"damage":23,"enemies":"3 Darklings","floor":35,"turns":7},{"damage":4,"enemies":"Mind Bloom Boss Battle","floor":36,"turns":9},{"damage":13,"enemies":"3 Shapes","floor":38,"turns":7},{"damage":57,"enemies":"Reptomancer","floor":42,"turns":9},{"damage":35,"enemies":"Maw","floor":44,"turns":8},{"damage":45,"enemies":"Giant Head","floor":46,"turns":9},{"damage":42,"enemies":"Jaw Worm Horde","floor":47,"turns":5},{"damage":36,"enemies":"4 Shapes","floor":48,"turns":6},{"damage":66,"enemies":"Time Eater","floor":50,"turns":4}],"seed_played":"6335232376029875775","potions_obtained":[{"floor":1,"key":"BlessingOfTheForge"},{"floor":10,"key":"Ancient Potion"},{"floor":13,"key":"Dexterity Potion"},{"floor":16,"key":"DuplicationPotion"},{"floor":18,"key":"Fire Potion"},{"floor":21,"key":"EntropicBrew"},{"floor":24,"key":"Ancient Potion"},{"floor":31,"key":"EssenceOfSteel"},{"floor":38,"key":"Ancient Potion"},{"floor":44,"key":"Explosive Potion"},{"floor":46,"key":"AttackPotion"},{"floor":48,"key":"SkillPotion"}],"is_trial":false,"path_per_floor":["M","M","?","M","M","R","?","R","T","M","E","?","M","M","R","B",null,"M","$","M","M","M","R","E","R","T","?","M","?","R","M","R","B",null,"M","?","?","M","$","R","?","E","T","M","?","E","M","M","R","B"],"character_chosen":"IRONCLAD","items_purchased":["True Grit","The Bomb","Demon Form","Heavy Blade","True Grit","DuplicationPotion"],"campfire_rested":1,"item_purchase_floors":[19,19,39,39,39,39],"current_hp_per_floor":[80,80,85,85,85,85,85,85,85,85,78,67,71,72,72,51,95,87,87,76,59,67,67,48,48,48,48,26,26,26,26,69,26,95,86,94,94,87,87,87,87,36,36,25,25,51,45,49,49,0,0],"gold":248,"neow_bonus":"THREE_ENEMY_KILL","is_daily":false,"chose_seed":false,"campfire_upgraded":7,"win_rate":0.0,"timestamp":1613192293,"path_taken":["M","M","?","M","M","R","?","R","T","M","E","?","M","M","R","BOSS","M","$","M","M","M","R","E","R","T","?","M","?","R","M","R","BOSS","M","?","?","M","$","R","?","E","T","M","?","E","M","M","R","BOSS"],"items_purchased_type":["Card","Card","Card","Card","Card","Potion"],"build_version":"2020-12-22","purchased_purges":2,"victory":false,"max_hp_per_floor":[80,80,85,85,85,85,85,85,85,85,95,95,95,95,95,95,95,95,95,95,95,95,95,95,95,95,95,95,95,95,95,95,95,95,95,95,95,95,95,95,90,90,90,90,90,90,90,90,90,90,90],"relic_stats":{"Regal Pillow":15,"Lizard Tail":45,"counters":[26,140],"Boot":[6],"obtain_stats":[{"Potion Belt":9,"SlaversCollar":34,"Regal Pillow":26,"Lizard Tail":36,"Pear":11,"NeowsBlessing":0,"Velvet Choker":17,"The Courier":24,"Bottled Tornado":46,"Boot":42,"Burning Blood":0},{"Potion Belt":4,"SlaversCollar":17,"Regal Pillow":14,"Lizard Tail":19,"Pear":6,"NeowsBlessing":0,"Velvet Choker":9,"The Courier":14,"Bottled Tornado":23,"Boot":21,"Burning Blood":0},{"Potion Belt":6,"SlaversCollar":76,"Regal Pillow":55,"Lizard Tail":92,"Pear":13,"NeowsBlessing":0,"Velvet Choker":29,"The Courier":55,"Bottled Tornado":125,"Boot":108,"Burning Blood":0}],"Burning Blood":124},"card_choices":[{"not_picked":["Pommel Strike","Headbutt"],"picked":"Cleave","floor":1},{"not_picked":["Havoc","Evolve"],"picked":"Juggernaut","floor":2},{"not_picked":["Armaments","Havoc"],"picked":"Cleave","floor":4},{"not_picked":["Dark Embrace","Brutality"],"picked":"Warcry","floor":5},{"not_picked":["Evolve","Flex"],"picked":"Seeing Red","floor":10},{"not_picked":["Seeing Red","Bloodletting"],"picked":"Perfected Strike","floor":11},{"not_picked":["Havoc","Bloodletting"],"picked":"Shrug It Off","floor":13},{"not_picked":["Headbutt","Wild Strike"],"picked":"Disarm","floor":14},{"not_picked":["Berserk","Juggernaut"],"picked":"Reaper","floor":16},{"not_picked":["Wild Strike+1","Warcry"],"picked":"Body Slam+1","floor":18},{"not_picked":["Burning Pact+1","Rage"],"picked":"Disarm","floor":20},{"not_picked":["Havoc","Fire Breathing"],"picked":"Headbutt","floor":21},{"not_picked":["Clash","Heavy Blade"],"picked":"Sword Boomerang","floor":22},{"not_picked":["Second Wind","Thunderclap","Cleave"],"picked":"SKIP","floor":24},{"not_picked":["Havoc","Headbutt"],"picked":"Flame Barrier","floor":28},{"not_picked":["Pummel+1","Anger","Clash"],"picked":"SKIP","floor":31},{"not_picked":["Bludgeon","Berserk"],"picked":"Fiend Fire","floor":33},{"not_picked":["Rage+1","Perfected Strike+1"],"picked":"Disarm","floor":35},{"not_picked":["Dual Wield+1","Perfected Strike"],"picked":"Havoc+1","floor":36},{"not_picked":["Hemokinesis+1","Heavy Blade"],"picked":"Power Through+1","floor":38},{"not_picked":["Warcry+1","Sentinel"],"picked":"Battle Trance+1","floor":42},{"not_picked":["Body Slam+1","Clash+1","Wild Strike+1"],"picked":"SKIP","floor":44},{"not_picked":["Exhume","Burning Pact+1"],"picked":"Shrug It Off","floor":46},{"not_picked":["Armaments","Havoc+1"],"picked":"Heavy Blade","floor":47},{"not_picked":["Fire Breathing+1","Battle Trance","Disarm"],"picked":"SKIP","floor":48}],"player_experience":1277182,"relics_obtained":[{"floor":9,"key":"Potion Belt"},{"floor":11,"key":"Pear"},{"floor":24,"key":"The Courier"},{"floor":26,"key":"Regal Pillow"},{"floor":36,"key":"Lizard Tail"},{"floor":42,"key":"Boot"},{"floor":46,"key":"Bottled Tornado"}],"event_choices":[{"damage_healed":0,"gold_gain":0,"player_choice":"Donut","damage_taken":0,"max_hp_gain":5,"max_hp_loss":0,"event_name":"Big Fish","floor":3,"gold_loss":0},{"cards_removed":["Strike_R"],"damage_healed":0,"gold_gain":0,"player_choice":"Card Removal","damage_taken":0,"max_hp_gain":0,"max_hp_loss":0,"event_name":"The Cleric","floor":7,"gold_loss":50},{"damage_healed":0,"gold_gain":75,"player_choice":"Gather Gold","damage_taken":11,"max_hp_gain":0,"max_hp_loss":0,"event_name":"World of Goop","floor":12,"gold_loss":0},{"damage_healed":0,"gold_gain":0,"cards_transformed":["Strike_R","Strike_R"],"player_choice":"Became Test Subject","damage_taken":0,"max_hp_gain":0,"max_hp_loss":0,"event_name":"Drug Dealer","floor":27,"gold_loss":0,"cards_obtained":["Ghostly Armor","Burning Pact"]},{"damage_healed":0,"gold_gain":0,"player_choice":"Ignored","damage_taken":0,"max_hp_gain":0,"max_hp_loss":0,"event_name":"Vampires","floor":29,"gold_loss":0},{"damage_healed":0,"gold_gain":0,"player_choice":"Fight","damage_taken":0,"max_hp_gain":0,"max_hp_loss":0,"event_name":"MindBloom","floor":36,"gold_loss":0},{"cards_removed":["Burning Pact"],"damage_healed":0,"gold_gain":0,"player_choice":"Removed Skill","damage_taken":0,"max_hp_gain":0,"max_hp_loss":0,"event_name":"Falling","floor":37,"gold_loss":0},{"damage_healed":0,"gold_gain":0,"player_choice":"Max HP","damage_taken":0,"max_hp_gain":0,"max_hp_loss":5,"event_name":"Winding Halls","floor":41,"gold_loss":0},{"damage_healed":0,"gold_gain":0,"player_choice":"Ignored","damage_taken":0,"max_hp_gain":0,"max_hp_loss":0,"event_name":"Mysterious Sphere","floor":45,"gold_loss":0}],"is_beta":false,"boss_relics":[{"not_picked":["Philosopher\u0027s Stone","Calling Bell"],"picked":"Velvet Choker"},{"not_picked":["Runic Cube","Cursed Key"],"picked":"SlaversCollar"}],"items_purged_floors":[19,39],"is_endless":false,"potions_floor_spawned":[1,10,13,16,18,21,24,31,38,44,46,48],"killed_by":"Time Eater","ascension_level":0}}