{"host":"nwtxriuk34b069je","time":1613177909,"event":{"mods":["AchievementEnabler","BaseMod","Better Skull","Colored Map","Colored Powertips","Hermit","Minty Spire (QoL Compilation)","Relic Stats","StSLib"],"gold_per_floor":[110,60,60,26,26,26,41,61,61,16,33,43,43,75,75,170,170,189,189,189,18,18,18,52,64,115,128,34,34,55,68,68,68,68],"floor_reached":33,"language":"ENG","playtime":1308,"items_purged":[],"score":390,"play_id":"ff0aa65f-a022-46aa-a36a-d47032b2fd8a","local_time":"20210212185829","is_ascension_mode":false,"campfire_choices":[{"floor":6,"key":"REST"},{"floor":13,"key":"REST"},{"floor":15,"key":"REST"},{"data":"Catalyst","floor":23,"key":"SMITH"},{"floor":29,"key":"REST"},{"floor":32,"key":"REST"}],"circlet_count":0,"master_deck":["Strike_G","Strike_G","Strike_G","Defend_G","Defend_G","Defend_G","Survivor","Neutralize","Caltrops","Footwork","Deadly Poison","Bouncing Flask","Flying Knee","Slice","Dash","Burst","CurseOfTheBell","Catalyst+1","Writhe","Backstab+1","Crippling Poison","Eviscerate+1","Footwork","Venomology","Caltrops","Blur"],"relics":["Ring of the Snake","Potion Belt","Question Card","Vajra","Calling Bell","PreservedInsect","Paper Crane","TungstenRod","Molten Egg 2","Membership Card","Gambling Chip","Boot","CeramicFish"],"acts_visited":["Exordium","TheCity"],"potions_floor_usage":[30,33,33,33,33],"damage_taken":[{"damage":0,"enemies":"Jaw Worm","floor":1,"turns":5},{"damage":4,"enemies":"2 Louse","floor":7,"turns":3},{"damage":17,"enemies":"Small Slimes","floor":8,"turns":3},{"damage":6,"enemies":"Exordium Wildlife","floor":11,"turns":3},{"damage":12,"enemies":"Red Slaver","floor":12,"turns":3},{"damage":10,"enemies":"3 Sentries","floor":14,"turns":8},{"damage":32,"enemies":"Hexaghost","floor":16,"turns":8},{"damage":4,"enemies":"Chosen","floor":18,"turns":5},{"damage":26,"enemies":"Gremlin Leader","floor":24,"turns":4},{"damage":6,"enemies":"3 Byrds","floor":25,"turns":4},{"damage":6,"enemies":"Centurion and Healer","floor":27,"turns":4},{"damage":7,"enemies":"Snake Plant","floor":30,"turns":3},{"damage":1,"enemies":"Snecko","floor":31,"turns":5},{"damage":102,"enemies":"Automaton","floor":33,"turns":12}],"seed_played":"-2143592290425761573","potions_obtained":[{"floor":12,"key":"Energy Potion"},{"floor":16,"key":"Strength Potion"},{"floor":24,"key":"AttackPotion"},{"floor":27,"key":"Block Potion"}],"is_trial":true,"path_per_floor":["M","?","?","$","?","R","M","M","T","$","M","M","R","E","R","B",null,"M","?","?","$","?","R","E","M","T","M","$","R","M","M","R","B"],"character_chosen":"THE_SILENT","items_purchased":["Footwork","Flying Knee","Membership Card","Backstab+1","Caltrops","CeramicFish"],"campfire_rested":5,"item_purchase_floors":[4,10,21,21,28,28],"current_hp_per_floor":[70,70,63,63,38,59,55,38,38,38,32,20,41,31,52,20,70,66,66,66,66,66,66,40,34,34,28,28,49,42,41,62,0,0],"gold":68,"neow_bonus":"","is_daily":false,"chose_seed":false,"campfire_upgraded":1,"win_rate":0.0,"timestamp":1613177909,"path_taken":["M","?","?","$","?","R","?","M","T","?","M","M","R","E","R","BOSS","M","?","?","$","?","R","E","M","T","M","$","R","M","M","R","BOSS"],"items_purchased_type":["Card","Card","Relic","Card","Card","Relic"],"build_version":"2020-12-22","purchased_purges":0,"victory":false,"max_hp_per_floor":[70,70,70,70,70,70,70,70,70,70,70,70,70,70,70,70,70,70,70,70,70,70,70,70,70,70,70,70,70,70,70,70,70,70],"relic_stats":{"counters":[14,70],"Gambling Chip":[22],"CeramicFish":9,"PreservedInsect":47,"Question Card":11,"Boot":[6],"obtain_stats":[{"Potion Belt":5,"CeramicFish":28,"Vajra":14,"PreservedInsect":17,"Paper Crane":17,"Question Card":9,"Boot":26,"Calling Bell":17,"Gambling Chip":24,"Molten Egg 2":20,"Membership Card":21,"TungstenRod":17,"Ring of the Snake":0},{"Potion Belt":1,"CeramicFish":11,"Vajra":6,"PreservedInsect":7,"Paper Crane":7,"Question Card":3,"Boot":10,"Calling Bell":7,"Gambling Chip":9,"Molten Egg 2":8,"Membership Card":8,"TungstenRod":7,"Ring of the Snake":0},{"Potion Belt":5,"CeramicFish":50,"Vajra":25,"PreservedInsect":33,"Paper Crane":33,"Question Card":11,"Boot":46,"Calling Bell":33,"Gambling Chip":42,"Molten Egg 2":38,"Membership Card":38,"TungstenRod":33,"Ring of the Snake":0}],"TungstenRod":37,"Ring of the Snake":[28]},"card_choices":[{"not_picked":["Bane","Backflip"],"picked":"Caltrops","floor":1},{"not_picked":["Outmaneuver","Underhanded Strike"],"picked":"Deadly Poison","floor":7},{"not_picked":["Outmaneuver","Escape Plan"],"picked":"Bouncing Flask","floor":8},{"not_picked":["After Image","Choke","Dagger Throw"],"picked":"Slice","floor":11},{"not_picked":["Skewer","Backflip","Infinite Blades"],"picked":"Dash","floor":12},{"not_picked":["Underhanded Strike","Bane","Acrobatics","Dagger Throw"],"picked":"SKIP","floor":14},{"not_picked":["Envenom","Malaise","Wraith Form v2"],"picked":"Burst","floor":16},{"not_picked":["Blade Dance+1","Prepared","Slice","Underhanded Strike"],"picked":"SKIP","floor":18},{"not_picked":["Underhanded Strike+1","Deflect","Cloak And Dagger"],"picked":"Footwork","floor":24},{"not_picked":["Prepared+1","Well Laid Plans+1","Slice+1","Skewer+1"],"picked":"SKIP","floor":25},{"not_picked":["Footwork","Bane+1","Acrobatics"],"picked":"Venomology","floor":27},{"not_picked":["Bane+1","Deadly Poison","Poisoned Stab+1"],"picked":"Blur","floor":30},{"not_picked":["Reflex","Sucker Punch+1","Riddle With Holes+1","Choke+1"],"picked":"SKIP","floor":31}],"player_experience":543749,"relics_obtained":[{"floor":9,"key":"Question Card"},{"floor":14,"key":"Vajra"},{"floor":17,"key":"PreservedInsect"},{"floor":17,"key":"Paper Crane"},{"floor":17,"key":"TungstenRod"},{"floor":24,"key":"Gambling Chip"},{"floor":26,"key":"Boot"}],"event_choices":[{"cards_removed":["Defend_G"],"damage_healed":0,"gold_gain":0,"player_choice":"Card Removal","damage_taken":0,"max_hp_gain":0,"max_hp_loss":0,"event_name":"The Cleric","floor":2,"gold_loss":50},{"cards_removed":["Strike_G"],"damage_healed":0,"gold_gain":0,"player_choice":"Card Removal","damage_taken":7,"max_hp_gain":0,"max_hp_loss":0,"event_name":"Golden Wing","floor":3,"gold_loss":0},{"damage_healed":0,"gold_gain":0,"player_choice":"Success","damage_taken":25,"relics_obtained":["Potion Belt"],"max_hp_gain":0,"max_hp_loss":0,"event_name":"Scrap Ooze","floor":5,"gold_loss":0},{"damage_healed":0,"gold_gain":0,"player_choice":"Read","damage_taken":0,"max_hp_gain":0,"max_hp_loss":0,"event_name":"The Library","floor":19,"gold_loss":0,"cards_obtained":["Catalyst"]},{"damage_healed":0,"gold_gain":0,"player_choice":"Opened","damage_taken":0,"relics_obtained":["Molten Egg 2"],"max_hp_gain":0,"max_hp_loss":0,"event_name":"The Mausoleum","floor":20,"gold_loss":0,"cards_obtained":["Writhe"]},{"damage_healed":0,"gold_gain":0,"cards_transformed":["Strike_G","Defend_G"],"player_choice":"Became Test Subject","damage_taken":0,"max_hp_gain":0,"max_hp_loss":0,"event_name":"Drug Dealer","floor":22,"gold_loss":0,"cards_obtained":["Crippling Poison","Eviscerate"]}],"is_beta":false,"boss_relics":[{"not_picked":["Pandora\u0027s Box","Philosopher\u0027s Stone"],"picked":"Calling Bell"}],"items_purged_floors":[],"is_endless":true,"potions_floor_spawned":[12,16,24,27],"killed_by":"Automaton","ascension_level":0}}