{"host":"m4pe905ae9bldoe7","time":1613255129,"event":{"mods":["BaseMod","Bestiary","Block Reminder","Downfall","Minty Spire (QoL Compilation)","StSLib"],"gold_per_floor":[369,379,396,24,24,24,49,65,145,295,323,341,341,355,355,432,432,449,429,429],"floor_reached":19,"language":"ENG","playtime":1011,"items_purged":["Strike_R"],"score":340,"play_id":"9ca3cc78-7f9d-46a8-aac3-8de689b67ce1","local_time":"20210213232529","is_ascension_mode":true,"campfire_choices":[{"data":"True Grit","floor":6.0,"key":"SMITH"},{"floor":15,"key":"REST"}],"circlet_count":0,"master_deck":["AscendersBane","Strike_R","Strike_R","Strike_R","Strike_R","Defend_R","Defend_R","Defend_R","Defend_R","Bash","Body Slam","Armaments","Headbutt","True Grit+1","Feel No Pain","Second Wind","Metallicize","Doubt","Evolve","Feel No Pain","Impervious","CurseOfTheBell","Body Slam"],"relics":["Burning Blood","Juzu Bracelet","Mango","Lantern","The Courier","Bottled Flame","Calling Bell","Ancient Tea Set","Self Forming Clay","Bird Faced Urn"],"acts_visited":["Exordium","TheCity"],"potions_floor_usage":[16],"damage_taken":[{"damage":9.0,"enemies":"Jaw Worm","floor":1.0,"turns":5.0},{"damage":10.0,"enemies":"Small Slimes","floor":2.0,"turns":4.0},{"damage":10.0,"enemies":"2 Louse","floor":3.0,"turns":3.0},{"damage":5.0,"enemies":"Gremlin Nob","floor":7.0,"turns":3.0},{"damage":7.0,"enemies":"Blue Slaver","floor":8.0,"turns":5.0},{"damage":39.0,"enemies":"Lagavulin","floor":11.0,"turns":8.0},{"damage":2,"enemies":"2 Fungi Beasts","floor":12,"turns":5},{"damage":27,"enemies":"3 Louse","floor":14,"turns":5},{"damage":22,"enemies":"Slime Boss","floor":16,"turns":13},{"damage":78,"enemies":"3 Byrds","floor":18,"turns":15},{"damage":11,"enemies":"2 Thieves","floor":19,"turns":1}],"seed_played":"4982619221144967014","potions_obtained":[{"floor":1.0,"key":"AttackPotion"},{"floor":7.0,"key":"Slimebound:ThreeZeroPotion"},{"floor":8.0,"key":"Block Potion"},{"floor":14,"key":"SpeedPotion"}],"is_trial":false,"path_per_floor":["M","M","M","$","?","R","E","M","T","?","E","M","?","M","R","B",null,"M","M"],"character_chosen":"IRONCLAD","items_purchased":["True Grit","Feel No Pain","Juzu Bracelet"],"campfire_rested":1,"item_purchase_floors":[4,4,4],"current_hp_per_floor":[65,61,57,57,60,60,61,60,60,60,27,31,58,37,61,45,73,9,0,0],"gold":429,"neow_bonus":"TWO_FIFTY_GOLD","is_daily":false,"chose_seed":false,"campfire_upgraded":1,"win_rate":0.0,"timestamp":1613255129,"path_taken":["M","M","M","$","?","R","E","M","T","?","E","M","?","M","R","BOSS","M","M"],"items_purchased_type":["Card","Card","Relic"],"build_version":"2020-12-22","purchased_purges":1,"victory":false,"max_hp_per_floor":[68,68,68,68,82,82,82,82,82,82,82,82,82,82,82,82,82,82,82,82],"card_choices":[{"not_picked":["Sever Soul","Pommel Strike"],"picked":"Body Slam","floor":1.0},{"not_picked":["Second Wind","Dropkick"],"picked":"Armaments","floor":2.0},{"not_picked":["Carnage","Wild Strike"],"picked":"Headbutt","floor":3.0},{"not_picked":["Dark Embrace","Sentinel"],"picked":"Second Wind","floor":7.0},{"not_picked":["Sword Boomerang","Clothesline"],"picked":"Metallicize","floor":8.0},{"not_picked":["Heavy Blade","Sever Soul","Shockwave"],"picked":"SKIP","floor":11},{"not_picked":["Heavy Blade","Pommel Strike"],"picked":"Evolve","floor":12},{"not_picked":["Hemokinesis","True Grit"],"picked":"Feel No Pain","floor":14},{"not_picked":["Demon Form","Reaper"],"picked":"Impervious","floor":16},{"not_picked":["Evolve","Intimidate"],"picked":"Body Slam","floor":18}],"player_experience":599448,"relics_obtained":[{"floor":7.0,"key":"Lantern"},{"floor":9.0,"key":"The Courier"},{"floor":11,"key":"Bottled Flame"},{"floor":17,"key":"Ancient Tea Set"},{"floor":17,"key":"Self Forming Clay"},{"floor":17,"key":"Bird Faced Urn"}],"event_choices":[{"damage_healed":0.0,"max_hp_gain":0.0,"max_hp_loss":0.0,"gold_gain":0.0,"event_name":"Scrap Ooze","player_choice":"Success","floor":5.0,"gold_loss":0.0,"damage_taken":11.0,"relics_obtained":["Mango"]},{"damage_healed":0.0,"max_hp_gain":0.0,"max_hp_loss":0.0,"gold_gain":150.0,"event_name":"Liars Game","player_choice":"AGREE","floor":10.0,"gold_loss":0.0,"damage_taken":0.0,"cards_obtained":["Doubt"]},{"damage_healed":27,"gold_gain":0,"player_choice":"Banana","damage_taken":0,"max_hp_gain":0,"max_hp_loss":0,"event_name":"Big Fish","floor":13,"gold_loss":0}],"is_beta":false,"boss_relics":[{"not_picked":["Velvet Choker","Pandora\u0027s Box"],"picked":"Calling Bell"}],"items_purged_floors":[4],"is_endless":false,"potions_floor_spawned":[1,7,8,14],"killed_by":"2 Thieves","ascension_level":18}}