{"host":"ocll6kdfqxraqtza","time":1613202427,"event":{"mods":["2.2 Compatiblity","Act Like it!","Arknights","Aspiration","BaseMod","Better Third Choice","Gensokyo","Hallownest","Hermit","Hubris","Jorbs\u0027s Wanderer Trilogy","Luminous","Marisa（霧雨　魔理沙）","Minty Spire (QoL Compilation)","Reimu（博??梦）","Reliquary","Replay The Spire","Shade Mod","StSLib","The Alterego","The Bug Knight","The Cursed","The Hierophant","The Marked","The Runesmith","TheBandit","Wandering Minibosses"],"gold_per_floor":[119,129,129,129,140,140,140,166,166,166,182,182,192,210,210,313,313,329,343,258,288,213,213,173,173,252,252,267,297,310,149,149,248,248,263,263,283,283,283,283,318,331,356,356,356,366,376,404,404,404,404,404,19,146,146],"floor_reached":56,"language":"ENG","playtime":2471,"items_purged":["Defend_G","Defend_G"],"score":1723,"play_id":"454e30a3-f0fc-4c15-96b4-efd523629d9f","local_time":"20210213154707","is_ascension_mode":true,"campfire_choices":[{"data":"Good Instincts","floor":6.0,"key":"SMITH"},{"data":"Neutralize","floor":10.0,"key":"SMITH"},{"data":"Slice","floor":12.0,"key":"SMITH"},{"data":"Blade Dance","floor":15.0,"key":"SMITH"},{"data":"ReplayTheSpireMod:From All Sides","floor":23.0,"key":"SMITH"},{"data":"Survivor","floor":27.0,"key":"SMITH"},{"data":"Strike_G","floor":32.0,"key":"PURGE"},{"data":"After Image","floor":40.0,"key":"SMITH"},{"floor":44.0,"key":"RECALL"},{"data":"Distraction","floor":49.0,"key":"SMITH"},{"data":"Hidden Blade","floor":52.0,"key":"SMITH"}],"circlet_count":0,"master_deck":["Strike_G","Defend_G","Defend_G","Defend_G","Survivor+1","Neutralize+1","Good Instincts+1","Underhanded Strike","Flying Knee","Quick Slash+1","Slice+1","Flying Knee","Hidden Blade+1","Blade Dance+1","ReplayTheSpireMod:From All Sides+1","Dagger Throw","Reflex","Distraction+1","Backflip+1","Finesse","After Image+1","Bouncing Flask+1","Gensokyo:LifeSpringInfinity+1","Backflip","Acrobatics+1","Backstab+1","Backflip+1","Outmaneuver+1","Accuracy","Cloak And Dagger","Bane+1"],"relics":["Ring of the Snake","Hallownest:DreamNailRelic","Basket Of Snakes","reliquary:RoseTintedGlasses","Busted Crown","reliquary:IridiumChain","Red Mask","ZunR:ReiMu","hubris:BottledHeart","Kunai","aspiration:MobileForge","hubris:MedicalManual","hubris:FunFungus","Happy Flower","hubris:Icosahedron","Replay:Mystery Machine","Vajra","Bronze Scales"],"acts_visited":["Hallownest:Greenpath","TheCity","Gensokyo:Gensokyoest","TheEnding"],"potions_floor_usage":[55,55,55],"damage_taken":[{"damage":2.0,"enemies":"Hallownest:2_MossCreeps","floor":1.0,"turns":10.0},{"damage":0.0,"enemies":"Hallownest:2_Baldur","floor":2.0,"turns":4.0},{"damage":0.0,"enemies":"Hallownest:2_Tiktiks_and_1_Crawlid","floor":5.0,"turns":4.0},{"damage":24.0,"enemies":"Hallownest:eliteMossKnight","floor":8.0,"turns":16.0},{"damage":8.0,"enemies":"Hallownest:1_Baldur_1_Crawlid_1_Warrior","floor":11.0,"turns":6.0},{"damage":0.0,"enemies":"Hallownest:MossCreep_and_Mosskin","floor":13.0,"turns":4.0},{"damage":9.0,"enemies":"Hallownest:2_Tiktiks_1_Baldur_1_Crawlid","floor":14.0,"turns":5.0},{"damage":13.0,"enemies":"Hallownest:BossFalseKnight","floor":16.0,"turns":8.0},{"damage":12.0,"enemies":"3 Byrds","floor":18.0,"turns":4.0},{"damage":0.0,"enemies":"Chosen","floor":19.0,"turns":4.0},{"damage":0.0,"enemies":"Masked Bandits","floor":21.0,"turns":3.0},{"damage":0.0,"enemies":"3 Cultists","floor":28.0,"turns":3.0},{"damage":0.0,"enemies":"Book of Stabbing","floor":29.0,"turns":4.0},{"damage":0.0,"enemies":"Shelled Parasite and Fungi","floor":30.0,"turns":3.0},{"damage":0.0,"enemies":"hubris:MusketHawk","floor":33.0,"turns":5.0},{"damage":0.0,"enemies":"Gensokyo:3_Boulders","floor":35.0,"turns":5.0},{"damage":9.0,"enemies":"Gensokyo:3_Boulders","floor":36.0,"turns":9.0},{"damage":0.0,"enemies":"Gensokyo:AncientGuardian","floor":37.0,"turns":3.0},{"damage":0.0,"enemies":"Gensokyo:Marisa","floor":41.0,"turns":3.0},{"damage":0.0,"enemies":"Gensokyo:SeedOfUnknown","floor":42.0,"turns":4.0},{"damage":0.0,"enemies":"Gensokyo:3_Boulders","floor":46.0,"turns":5.0},{"damage":0.0,"enemies":"Gensokyo:Sharpion","floor":47.0,"turns":2.0},{"damage":0.0,"enemies":"Gensokyo:Doremy","floor":48.0,"turns":5.0},{"damage":0.0,"enemies":"Gensokyo:Shinki","floor":50.0,"turns":9.0},{"damage":0.0,"enemies":"Shield and Spear","floor":54.0,"turns":3.0},{"damage":0,"enemies":"The Heart","floor":55,"turns":7}],"seed_played":"-9126369686467775917","potions_obtained":[{"floor":5.0,"key":"Adrenaline Potion"},{"floor":13.0,"key":"BlessingOfTheForge"},{"floor":14.0,"key":"LiquidMemories"},{"floor":18.0,"key":"FearPotion"},{"floor":21.0,"key":"Elixir"},{"floor":30.0,"key":"EssenceOfSteel"},{"floor":35.0,"key":"BlessingOfTheForge"},{"floor":42.0,"key":"ColorlessPotion"},{"floor":47.0,"key":"Fire Potion"},{"floor":54.0,"key":"ColorlessPotion"}],"is_trial":false,"path_per_floor":["M","M","?","?","M","R","?","E","T","R","M","R","M","M","R","B",null,"M","M","?","?","?","R","?","?","T","R","M","E","M","$","R","B",null,"M","?","M","?","?","R","E","M","T","R","?","M","M","E","R","B",null,"R","$","E","B",null],"character_chosen":"THE_SILENT","items_purchased":["Finesse","Vajra","Accuracy","Cloak And Dagger","Dexterity Potion"],"campfire_rested":0,"item_purchase_floors":[31,53,53,53,53],"current_hp_per_floor":[68,68,68,58,58,58,58,34,34,34,26,26,26,17,17,4,70,58,58,58,58,58,58,58,1,1,1,1,1,1,1,1,1,1,1,1,1,1,1,1,1,1,1,1,1,1,1,1,1,1,1,1,1,1,1],"gold":146,"neow_bonus":"RANDOM_COLORLESS","is_daily":false,"chose_seed":false,"campfire_upgraded":9,"win_rate":0.0,"timestamp":1613202427,"path_taken":["M","?","?","?","?","R","?","E","T","R","M","R","M","M","R","BOSS","M","M","?","?","?","R","?","?","T","R","M","E","M","$","R","BOSS","M","?","M","?","?","R","E","M","T","R","?","?","M","E","R","BOSS","R","$","E","BOSS"],"items_purchased_type":["Card","Relic","Card","Card","Potion"],"build_version":"2020-12-22","purchased_purges":2,"victory":true,"max_hp_per_floor":[70,70,70,70,70,70,70,70,70,70,70,70,70,70,70,70,70,70,70,70,70,70,70,70,1,1,1,1,1,1,1,1,1,1,1,1,1,1,1,1,1,1,1,1,1,1,1,1,1,1,1,1,1,1,1],"card_choices":[{"not_picked":["Blind","Finesse"],"picked":"Good Instincts","floor":0.0},{"not_picked":["Sucker Punch","Deflect"],"picked":"Underhanded Strike","floor":1.0},{"not_picked":["Toxin Wave","Cloak And Dagger"],"picked":"Flying Knee","floor":2.0},{"not_picked":["Accuracy","Prepared"],"picked":"Quick Slash","floor":5.0},{"not_picked":["Sucker Punch","Cloak And Dagger"],"picked":"Slice","floor":8.0},{"not_picked":["Envenom","Escape Plan"],"picked":"Flying Knee","floor":11.0},{"not_picked":["Acrobatics","Calculated Gamble"],"picked":"Hidden Blade","floor":13.0},{"not_picked":["Expertise","Sucker Punch"],"picked":"Blade Dance","floor":14.0},{"not_picked":["Night Terror","Die Die Die"],"picked":"ReplayTheSpireMod:From All Sides","floor":16.0},{"not_picked":[],"picked":"Dagger Throw","floor":18.0},{"not_picked":[],"picked":"Reflex","floor":19.0},{"not_picked":["Sucker Punch"],"picked":"SKIP","floor":28.0},{"not_picked":[],"picked":"Distraction","floor":29.0},{"not_picked":[],"picked":"Backflip+1","floor":30.0},{"not_picked":[],"picked":"After Image","floor":33.0},{"not_picked":[],"picked":"Bouncing Flask+1","floor":35.0},{"not_picked":["Gensokyo:RisingWorld+1","Gensokyo:DreamlikeParadise+1"],"picked":"Gensokyo:LifeSpringInfinity+1","floor":36.0},{"not_picked":["Dagger Spray"],"picked":"SKIP","floor":37.0},{"not_picked":[],"picked":"Backflip","floor":41.0},{"not_picked":[],"picked":"Acrobatics+1","floor":42.0},{"not_picked":[],"picked":"Backstab+1","floor":46.0},{"not_picked":[],"picked":"Backflip+1","floor":47.0},{"not_picked":[],"picked":"Outmaneuver+1","floor":48.0},{"not_picked":[],"picked":"Bane+1","floor":54.0}],"player_experience":534899,"relics_obtained":[{"floor":8.0,"key":"Basket Of Snakes"},{"floor":9.0,"key":"reliquary:RoseTintedGlasses"},{"floor":21.0,"key":"Red Mask"},{"floor":29.0,"key":"Kunai"},{"floor":41.0,"key":"hubris:FunFungus"},{"floor":43.0,"key":"Happy Flower"},{"floor":48.0,"key":"Replay:Mystery Machine"},{"floor":54.0,"key":"Bronze Scales"}],"event_choices":[{"damage_healed":0.0,"max_hp_gain":0.0,"max_hp_loss":0.0,"gold_gain":0.0,"event_name":"Addict","player_choice":"Obtained Relic","floor":20.0,"gold_loss":85.0,"damage_taken":0.0,"relics_obtained":["reliquary:IridiumChain"]},{"damage_healed":0.0,"max_hp_gain":0.0,"max_hp_loss":0.0,"gold_gain":0.0,"event_name":"Masked Bandits","player_choice":"Fought Bandits","floor":21.0,"gold_loss":0.0,"damage_taken":0.0},{"cards_removed":["Strike_G"],"damage_healed":0.0,"max_hp_gain":0.0,"max_hp_loss":0.0,"gold_gain":0.0,"event_name":"Beggar","player_choice":"Gave Gold","floor":22.0,"gold_loss":75.0,"damage_taken":0.0},{"damage_healed":0.0,"max_hp_gain":0.0,"max_hp_loss":0.0,"gold_gain":0.0,"event_name":"ZunEvent","player_choice":"Keep O-miki","floor":24.0,"gold_loss":40.0,"damage_taken":0.0,"relics_obtained":["ZunR:ReiMu"]}],"is_beta":false,"boss_relics":[{"not_picked":["Painkiller Herb","reliquary:Craggleroot"],"picked":"Busted Crown"},{"not_picked":["hubris:GrandSneckoEye","hubris:Stopwatch"],"picked":"aspiration:MobileForge"}],"items_purged_floors":[31,53],"is_endless":false,"potions_floor_spawned":[5,13,14,18,21,30,35,42,47,54],"ascension_level":3}}