{"host":"diogo","time":1613213325,"event":{"mods":["BaseMod","Minty Spire (QoL Compilation)","StSLib","SuperFastMode"],"gold_per_floor":[114,114,39,39,54,84,84,99,124,154,154,154,169,199,199,299,299,314,314,314,164,164,194,194,224,224,254,254,269,299,314,314,414,414,429,279,294,200,215,245,245,275,275,305,305,335,35,50,50,50],"floor_reached":51,"language":"ENG","playtime":2810,"items_purged":["Twin Strike","Clash","Iron Wave"],"score":957,"play_id":"dc81a8cb-e9df-49c9-88c9-3da6763e44aa","local_time":"20210213114845","daily_mods":["SealedDeck","Colorless Cards","Elite Swarm"],"is_ascension_mode":false,"campfire_choices":[{"data":"Berserk","floor":7,"key":"SMITH"},{"data":"Mayhem","floor":11,"key":"SMITH"},{"data":"Iron Wave","floor":15,"key":"SMITH"},{"data":"Juggernaut","floor":24,"key":"SMITH"},{"data":"Demon Form","floor":32,"key":"SMITH"},{"data":"Pommel Strike","floor":41,"key":"SMITH"},{"data":"Offering","floor":49,"key":"SMITH"}],"circlet_count":0,"master_deck":["Twin Strike","Twin Strike","Iron Wave+1","Iron Wave","Flex+1","Flex+1","Inflame","Berserk+1","Mayhem+1","Master of Strategy+1","Whirlwind","Juggernaut+1","Demon Form+1","Pommel Strike+1","Offering+1","Pummel+1","Panache","Pummel"],"relics":["Burning Blood","Ornamental Fan","Bag of Preparation","Letter Opener","Bottled Lightning","Thread and Needle","Coffee Dripper","Nilry\u0027s Codex","Bag of Marbles","StoneCalendar","Orichalcum","PreservedInsect","Calipers","Smiling Mask","Busted Crown","Nunchaku","War Paint","Blood Vial","Lizard Tail","Bronze Scales","Magic Flower","Lantern"],"acts_visited":["Exordium","TheCity","TheBeyond"],"potions_floor_usage":[23,23,25,27,30,33,46,50,50],"damage_taken":[{"damage":6,"enemies":"Jaw Worm","floor":1,"turns":2},{"damage":0,"enemies":"Cultist","floor":5,"turns":2},{"damage":13,"enemies":"Lagavulin","floor":6,"turns":3},{"damage":0,"enemies":"Small Slimes","floor":8,"turns":2},{"damage":0,"enemies":"3 Sentries","floor":10,"turns":3},{"damage":0,"enemies":"Exordium Wildlife","floor":13,"turns":1},{"damage":4,"enemies":"Lagavulin","floor":14,"turns":3},{"damage":24,"enemies":"The Guardian","floor":16,"turns":5},{"damage":0,"enemies":"Shell Parasite","floor":18,"turns":2},{"damage":4,"enemies":"Book of Stabbing","floor":23,"turns":2},{"damage":0,"enemies":"Gremlin Leader","floor":25,"turns":2},{"damage":5,"enemies":"Book of Stabbing","floor":27,"turns":3},{"damage":0,"enemies":"2 Thieves","floor":29,"turns":1},{"damage":6,"enemies":"Slavers","floor":30,"turns":2},{"damage":0,"enemies":"Sentry and Sphere","floor":31,"turns":2},{"damage":9,"enemies":"Collector","floor":33,"turns":4},{"damage":0,"enemies":"3 Darklings","floor":35,"turns":1},{"damage":18,"enemies":"3 Shapes","floor":37,"turns":3},{"damage":6,"enemies":"Writhing Mass","floor":39,"turns":3},{"damage":0,"enemies":"Reptomancer","floor":40,"turns":3},{"damage":0,"enemies":"Giant Head","floor":42,"turns":3},{"damage":8,"enemies":"Reptomancer","floor":44,"turns":2},{"damage":0,"enemies":"Nemesis","floor":46,"turns":1},{"damage":0,"enemies":"Transient","floor":48,"turns":5},{"damage":23,"enemies":"Donu and Deca","floor":50,"turns":3}],"seed_played":"6099103822572544471","potions_obtained":[{"floor":1,"key":"Swift Potion"},{"floor":6,"key":"Dexterity Potion"},{"floor":8,"key":"SteroidPotion"},{"floor":13,"key":"LiquidMemories"},{"floor":25,"key":"AttackPotion"},{"floor":29,"key":"Explosive Potion"},{"floor":31,"key":"FearPotion"},{"floor":35,"key":"SteroidPotion"},{"floor":40,"key":"Swift Potion"},{"floor":46,"key":"PowerPotion"}],"is_trial":false,"path_per_floor":["M","?","$","?","M","E","R","M","T","E","R","T","M","E","R","B",null,"M","?","?","$","$","E","R","E","T","E","?","M","E","M","R","B",null,"M","$","M","?","M","E","R","E","T","E","?","E","$","M","R","B",null],"character_chosen":"IRONCLAD","items_purchased":["Bag of Marbles","Swift Potion","Weak Potion","Lantern","HeartOfIron"],"campfire_rested":0,"item_purchase_floors":[21,36,36,47,47],"current_hp_per_floor":[80,85,85,85,85,78,78,84,84,85,85,85,85,85,85,67,85,85,69,53,53,53,55,55,61,61,62,62,68,68,74,74,71,90,90,90,78,78,78,84,84,90,90,88,88,90,90,90,90,76],"gold":50,"neow_bonus":"","is_daily":true,"chose_seed":false,"campfire_upgraded":7,"win_rate":0.0,"timestamp":1613213325,"path_taken":["M","?","$","?","M","E","R","?","T","E","R","?","?","E","R","BOSS","M","?","?","?","$","E","R","E","T","E","?","?","E","M","R","BOSS","M","$","M","?","?","E","R","E","T","E","?","E","$","?","R","BOSS"],"items_purchased_type":["Relic","Potion","Potion","Relic","Potion"],"build_version":"2020-12-18","purchased_purges":3,"victory":true,"max_hp_per_floor":[80,85,85,85,85,85,85,85,85,85,85,85,85,85,85,85,85,85,85,90,90,90,90,90,90,90,90,90,90,90,90,90,90,90,90,90,90,90,90,90,90,90,90,90,90,90,90,90,90,90],"card_choices":[{"not_picked":["Purity","Panacea"],"picked":"Inflame","floor":1},{"not_picked":["Body Slam","Clash","Mind Blast"],"picked":"SKIP","floor":5},{"not_picked":["Exhume","Secret Technique"],"picked":"Berserk","floor":6},{"not_picked":["Spot Weakness","Clash","Anger"],"picked":"SKIP","floor":8},{"not_picked":["Thinking Ahead","Metamorphosis"],"picked":"Mayhem","floor":10},{"not_picked":["Blood for Blood","Anger","Flex"],"picked":"SKIP","floor":13},{"not_picked":["Bludgeon","Transmutation","Magnetism"],"picked":"SKIP","floor":14},{"not_picked":["Chrysalis","The Bomb"],"picked":"Master of Strategy","floor":16},{"not_picked":["Twin Strike","Clash"],"picked":"Whirlwind","floor":18},{"not_picked":["Feed","Immolate"],"picked":"Juggernaut","floor":23},{"not_picked":["Impervious","Berserk","Sadistic Nature"],"picked":"SKIP","floor":25},{"not_picked":["Panache","Impervious"],"picked":"Demon Form","floor":27},{"not_picked":["Impatience","Clash+1"],"picked":"Pommel Strike","floor":29},{"not_picked":["Transmutation","Secret Technique","Impervious"],"picked":"SKIP","floor":30},{"not_picked":["Blind","Evolve","Havoc"],"picked":"SKIP","floor":31},{"not_picked":["Brutality","Immolate"],"picked":"Offering","floor":33},{"not_picked":[],"picked":"Pummel+1","floor":35},{"not_picked":["True Grit+1"],"picked":"SKIP","floor":37},{"not_picked":["Purity+1"],"picked":"SKIP","floor":39},{"not_picked":["Exhume"],"picked":"SKIP","floor":40},{"not_picked":[],"picked":"Panache","floor":42},{"not_picked":["Secret Weapon"],"picked":"SKIP","floor":44},{"not_picked":["Immolate"],"picked":"SKIP","floor":46},{"not_picked":["Hemokinesis"],"picked":"SKIP","floor":48}],"player_experience":370341,"relics_obtained":[{"floor":6,"key":"Ornamental Fan"},{"floor":9,"key":"Bag of Preparation"},{"floor":10,"key":"Letter Opener"},{"floor":12,"key":"Bottled Lightning"},{"floor":14,"key":"Thread and Needle"},{"floor":19,"key":"Nilry\u0027s Codex"},{"floor":23,"key":"StoneCalendar"},{"floor":25,"key":"Orichalcum"},{"floor":26,"key":"PreservedInsect"},{"floor":27,"key":"Calipers"},{"floor":30,"key":"Smiling Mask"},{"floor":40,"key":"War Paint"},{"floor":42,"key":"Blood Vial"},{"floor":43,"key":"Lizard Tail"},{"floor":44,"key":"Bronze Scales"},{"floor":46,"key":"Magic Flower"}],"event_choices":[{"damage_healed":0,"gold_gain":0,"player_choice":"Donut","damage_taken":0,"max_hp_gain":5,"max_hp_loss":0,"event_name":"Big Fish","floor":2,"gold_loss":0},{"damage_healed":0,"gold_gain":0,"player_choice":"Forge","damage_taken":0,"max_hp_gain":0,"max_hp_loss":0,"event_name":"Accursed Blacksmith","floor":4,"gold_loss":0,"cards_upgraded":["Flex"]},{"damage_healed":0,"gold_gain":0,"player_choice":"Obtained Book","damage_taken":16,"max_hp_gain":0,"max_hp_loss":0,"event_name":"Cursed Tome","floor":19,"gold_loss":0},{"damage_healed":0,"gold_gain":0,"player_choice":"Shed Blood","damage_taken":21,"max_hp_gain":5,"max_hp_loss":0,"event_name":"Forgotten Altar","floor":20,"gold_loss":0},{"cards_removed":["Cleave"],"damage_healed":0,"gold_gain":0,"player_choice":"Elegance","damage_taken":0,"max_hp_gain":0,"max_hp_loss":0,"event_name":"Back to Basics","floor":28,"gold_loss":0},{"damage_healed":0,"gold_gain":0,"player_choice":"Paid Gold","damage_taken":0,"relics_obtained":["Nunchaku"],"max_hp_gain":0,"max_hp_loss":0,"event_name":"WeMeetAgain","floor":38,"gold_loss":94},{"damage_healed":0,"gold_gain":0,"player_choice":"1 cards matched","damage_taken":0,"max_hp_gain":0,"max_hp_loss":0,"event_name":"Match and Keep!","floor":45,"gold_loss":0,"cards_obtained":["Pummel"]}],"is_beta":true,"boss_relics":[{"not_picked":["Runic Pyramid","Mark of Pain"],"picked":"Coffee Dripper"},{"not_picked":["Black Star","Velvet Choker"],"picked":"Busted Crown"}],"items_purged_floors":[3,36,47],"is_endless":false,"potions_floor_spawned":[1,6,8,13,25,29,31,35,37,40,44,46],"ascension_level":0}}