{"host":"8is2j71l4wmybkoi","time":1613216418,"event":{"mods":["AchievementEnabler","BaseMod","Colored Map","DeckTracker","Minty Spire (QoL Compilation)","Rare Cards Sparkle","Relic Stats","StSLib","SuperFastMode"],"gold_per_floor":[115,130,20,20,20,20,48,78,172,199,241,271,293,325,337,423,435,460,472,159,159,171,171,187,187,187],"floor_reached":25,"language":"KOR","playtime":770,"items_purged":["Strike_B","Defend_B"],"score":420,"play_id":"920beeb6-05ed-48f0-b92b-20edd99b4fb6","local_time":"20210213204018","is_ascension_mode":true,"campfire_choices":[{"data":"Zap","floor":6,"key":"SMITH"},{"data":"Aggregate","floor":15,"key":"SMITH"},{"floor":23,"key":"REST"}],"circlet_count":0,"master_deck":["AscendersBane","Strike_B","Strike_B","Defend_B","Defend_B","Defend_B","Zap+1","Dualcast","Ball Lightning","Sweeping Beam","BootSequence","Self Repair","Steam","Aggregate+1","Go for the Eyes+1","Compile Driver+1","Stack","Skim","Rainbow","Lockon+1","Loop+1","Sunder+1","Coolheaded","Defragment+1"],"relics":["Cracked Core","NeowsBlessing","GremlinMask","MawBank","Frozen Egg 2","Molten Egg 2","Philosopher\u0027s Stone","Membership Card"],"acts_visited":["Exordium","TheCity"],"potions_floor_usage":[16,16,22],"damage_taken":[{"damage":0,"enemies":"Cultist","floor":1,"turns":1},{"damage":0,"enemies":"2 Louse","floor":2,"turns":1},{"damage":0,"enemies":"3 Sentries","floor":7,"turns":1},{"damage":0,"enemies":"Small Slimes","floor":8,"turns":3},{"damage":2,"enemies":"Looter","floor":10,"turns":3},{"damage":19,"enemies":"Lagavulin","floor":11,"turns":7},{"damage":0,"enemies":"Exordium Wildlife","floor":12,"turns":3},{"damage":4,"enemies":"2 Fungi Beasts","floor":13,"turns":3},{"damage":0,"enemies":"Blue Slaver","floor":14,"turns":3},{"damage":23,"enemies":"Hexaghost","floor":16,"turns":9},{"damage":16,"enemies":"Shell Parasite","floor":18,"turns":5},{"damage":26,"enemies":"3 Byrds","floor":22,"turns":4},{"damage":22,"enemies":"Shelled Parasite and Fungi","floor":24,"turns":5},{"damage":32,"enemies":"3 Cultists","floor":25,"turns":3}],"seed_played":"9095425295354056572","potions_obtained":[{"floor":2,"key":"Strength Potion"},{"floor":11,"key":"SteroidPotion"},{"floor":13,"key":"LiquidBronze"},{"floor":18,"key":"EssenceOfSteel"}],"is_trial":false,"path_per_floor":["M","M","$","?","?","R","E","M","T","M","E","M","M","M","R","B",null,"M","?","$","?","M","R","M","M"],"character_chosen":"DEFECT","items_purchased":["BootSequence","Membership Card","Lockon+1","Loop+1","Sunder+1","Coolheaded"],"campfire_rested":1,"item_purchase_floors":[3,20,20,20,20,20],"current_hp_per_floor":[64,64,64,64,64,64,64,71,71,71,59,66,62,69,69,53,67,58,58,58,38,19,41,26,0,0],"gold":187,"neow_bonus":"THREE_ENEMY_KILL","is_daily":false,"chose_seed":false,"campfire_upgraded":2,"win_rate":0.0,"timestamp":1613216418,"path_taken":["M","M","$","?","?","R","E","M","T","?","E","M","M","M","R","BOSS","M","?","$","?","M","R","M","M"],"items_purchased_type":["Card","Relic","Card","Card","Card","Card"],"build_version":"2020-12-22","purchased_purges":2,"victory":false,"max_hp_per_floor":[71,71,71,71,71,71,71,71,71,71,71,71,71,71,71,71,71,71,71,71,76,76,76,76,76,76],"relic_stats":{"counters":[14,51],"MawBank":156,"obtain_stats":[{"NeowsBlessing":0,"GremlinMask":5,"Molten Egg 2":11,"Philosopher\u0027s Stone":17,"Membership Card":20,"Frozen Egg 2":9,"Cracked Core":0,"MawBank":7},{"NeowsBlessing":0,"GremlinMask":2,"Molten Egg 2":6,"Philosopher\u0027s Stone":10,"Membership Card":11,"Frozen Egg 2":4,"Cracked Core":0,"MawBank":3},{"NeowsBlessing":0,"GremlinMask":2,"Molten Egg 2":16,"Philosopher\u0027s Stone":34,"Membership Card":39,"Frozen Egg 2":6,"Cracked Core":0,"MawBank":3}]},"card_choices":[{"not_picked":["Rebound","Force Field"],"picked":"Ball Lightning","floor":1},{"not_picked":["Turbo","Gash"],"picked":"Sweeping Beam","floor":2},{"not_picked":["Beam Cell","Redo"],"picked":"Self Repair","floor":7},{"not_picked":["Sunder","Aggregate"],"picked":"Steam","floor":8},{"not_picked":["Coolheaded","Reprogram"],"picked":"Aggregate","floor":10},{"not_picked":["Conserve Battery","Turbo"],"picked":"Go for the Eyes+1","floor":11},{"not_picked":["Self Repair+1","Gash+1"],"picked":"Compile Driver+1","floor":12},{"not_picked":["Steam","Aggregate"],"picked":"Stack","floor":13},{"not_picked":["Steam","Undo"],"picked":"Skim","floor":14},{"not_picked":["Amplify","Machine Learning+1"],"picked":"Rainbow","floor":16},{"not_picked":["Ball Lightning+1","Sweeping Beam+1","Aggregate"],"picked":"SKIP","floor":18},{"not_picked":["Barrage+1","Darkness","Streamline+1"],"picked":"SKIP","floor":22},{"not_picked":["Scrape+1","Rebound+1"],"picked":"Defragment+1","floor":24}],"player_experience":1169350,"relics_obtained":[{"floor":7,"key":"MawBank"},{"floor":9,"key":"Frozen Egg 2"},{"floor":11,"key":"Molten Egg 2"}],"event_choices":[{"damage_healed":0,"gold_gain":0,"player_choice":"Ignored","damage_taken":0,"max_hp_gain":0,"max_hp_loss":0,"event_name":"Liars Game","floor":4,"gold_loss":0},{"damage_healed":0,"gold_gain":0,"player_choice":"Trade","damage_taken":0,"relics_obtained":["GremlinMask"],"max_hp_gain":0,"max_hp_loss":0,"event_name":"FaceTrader","floor":5,"gold_loss":0},{"cards_removed":["Strike_B"],"damage_healed":0,"gold_gain":0,"player_choice":"Elegance","damage_taken":0,"max_hp_gain":0,"max_hp_loss":0,"event_name":"Back to Basics","floor":19,"gold_loss":0},{"damage_healed":0,"gold_gain":0,"player_choice":"Shed Blood","damage_taken":25,"max_hp_gain":5,"max_hp_loss":0,"event_name":"Forgotten Altar","floor":21,"gold_loss":0}],"is_beta":false,"boss_relics":[{"not_picked":["Busted Crown","Velvet Choker"],"picked":"Philosopher\u0027s Stone"}],"items_purged_floors":[3,20],"is_endless":false,"potions_floor_spawned":[2,11,13,14,18],"killed_by":"3 Cultists","ascension_level":15}}