{"host":"2x189hkb4impm2gi","time":1613187649,"event":{"mods":["AchievementEnabler","BaseMod","Colored Map","Colored Powertips","Downfall","Minty Spire (QoL Compilation)","StSLib"],"gold_per_floor":[99,115,129,129,65,98,98,123,123,141,153,166,197,214,225,225,225,225],"floor_reached":16,"language":"ENG","playtime":1414,"items_purged":[],"score":124,"play_id":"7ff6bd46-bff6-43b0-a10e-fb3a6189937c","local_time":"20210212224049","is_ascension_mode":false,"campfire_choices":[{"floor":1,"key":"RECALL"}],"circlet_count":0,"master_deck":["bronze:Strike","bronze:Defend","bronze:Defend+1","bronze:Defend","bronze:Defend","bronze:Replicate","bronze:Goto","bronze:DelayedGuard+1","bronze:CutThrough","bronze:RecursiveStrike","bronze:DelayedSlice","bronze:BitShift","bronze:Flail","downfall:Icky","bronze:Shell","bronze:Format","bronze:Boost","bronze:Repair","bronze:BronzeOrb","bronze:DelayedGuard"],"relics":["bronze:BronzeCore","War Paint","Question Card","Blue Candle","Incense Burner"],"acts_visited":["Exordium"],"potions_floor_usage":[13,16,16],"damage_taken":[{"damage":1,"enemies":"Cultist","floor":2,"turns":4},{"damage":0,"enemies":"Small Slimes","floor":3,"turns":4},{"damage":0,"enemies":"downfall:FleeingMerchant","floor":5,"turns":4},{"damage":17,"enemies":"Lagavulin","floor":6,"turns":5},{"damage":10,"enemies":"3 Sentries","floor":8,"turns":8},{"damage":7,"enemies":"Jaw Worm","floor":10,"turns":3},{"damage":7,"enemies":"Exordium Wildlife","floor":11,"turns":2},{"damage":0,"enemies":"Gremlin Gang","floor":12,"turns":1},{"damage":15,"enemies":"Gremlin Nob","floor":13,"turns":3},{"damage":0,"enemies":"Exordium Thugs","floor":14,"turns":1},{"damage":7,"enemies":"2 Fungi Beasts","floor":15,"turns":3},{"damage":26,"enemies":"DF_ARCHETYPE_STREAMLINE","floor":16,"turns":6}],"seed_played":"683637654785041151","potions_obtained":[{"floor":8,"key":"ColorlessPotion"},{"floor":10,"key":"bronze:BurnAndBuffPotion"},{"floor":11,"key":"AttackPotion"},{"floor":13,"key":"Fire Potion"},{"floor":15,"key":"Weak Potion"}],"is_trial":false,"path_per_floor":["R","M","M","?","$","E","T","E","?","M","M","M","E","M","M","B"],"character_chosen":"THE_AUTOMATON","items_purchased":["bronze:DelayedSlice"],"campfire_rested":0,"item_purchase_floors":[5],"current_hp_per_floor":[77,76,76,76,76,59,59,49,49,42,35,35,20,20,20,1,1,1],"gold":225,"neow_bonus":"TEN_PERCENT_HP_BONUS","is_daily":false,"chose_seed":false,"campfire_upgraded":0,"win_rate":0.0,"timestamp":1613187649,"path_taken":["R","M","M","?","?","E","T","E","?","M","M","M","E","?","M","BOSS"],"items_purchased_type":["Card"],"build_version":"2020-12-22","purchased_purges":0,"victory":false,"max_hp_per_floor":[77,77,77,77,77,77,77,77,77,77,77,77,77,77,77,77,77,77],"card_choices":[{"not_picked":["bronze:Shield","bronze:Invalidate"],"picked":"bronze:DelayedGuard","floor":2},{"not_picked":["bronze:BitShift","bronze:WhirlingStrike"],"picked":"bronze:CutThrough","floor":3},{"not_picked":["bronze:Boost","bronze:OilSpill"],"picked":"bronze:RecursiveStrike","floor":5},{"not_picked":["bronze:Return","bronze:Frontload"],"picked":"bronze:BitShift","floor":6},{"not_picked":["bronze:Frontload","bronze:WhirlingStrike","bronze:Turbo"],"picked":"bronze:Flail","floor":8},{"not_picked":["bronze:Overheat","bronze:NullPointer","bronze:Iterate"],"picked":"bronze:Shell","floor":10},{"not_picked":["bronze:Turbo","bronze:BitShift","bronze:BronzeArmor"],"picked":"bronze:Format","floor":11},{"not_picked":["bronze:BitShift","bronze:BugBarrage","bronze:WildBeam"],"picked":"bronze:Boost","floor":12},{"not_picked":["bronze:ThunderWave","bronze:OilSpill","bronze:Shield"],"picked":"bronze:Repair","floor":13},{"not_picked":["bronze:Fortify","bronze:Branch","bronze:BuggyMess"],"picked":"bronze:BronzeOrb","floor":14},{"not_picked":["bronze:WildBeam","bronze:Iterate","bronze:BugBarrage"],"picked":"bronze:DelayedGuard","floor":15}],"player_experience":105987,"relics_obtained":[{"floor":6,"key":"War Paint"},{"floor":7,"key":"Question Card"},{"floor":8,"key":"Blue Candle"},{"floor":13,"key":"Incense Burner"}],"event_choices":[{"damage_healed":0,"gold_gain":0,"player_choice":"Ignored","damage_taken":0,"max_hp_gain":0,"max_hp_loss":0,"event_name":"NoteForYourself","floor":4,"gold_loss":0}],"is_beta":false,"boss_relics":[],"items_purged_floors":[],"is_endless":false,"potions_floor_spawned":[8,10,11,12,13,15],"killed_by":"DF_ARCHETYPE_STREAMLINE","ascension_level":0}}