{"host":"i9wanet4r0ff4t9y","time":1613254163,"event":{"mods":["2.2 Compatiblity","Act Like it!","BaseMod","Bestiary","Better Altar","Better Match","Better Note","Better Sensory Stone","Better Skull","Better Third Choice","Better Vampires","BetterRewards","CapriCore","Colored Map","Curses Come First","Downfall","Hubris","Minty Spire (QoL Compilation)","Quick Restart","READ ME - Guardian Mod","READ ME - Snecko Mod","Relic Stats","Reliquary","Say the Spire","Spicy Shops","StSLib","The Gatherer","Waifu the Spire"],"gold_per_floor":[112,112,112,124,139,139,173,191,191,35,35,46,46,58,58,154,154,138,138,138,138,149,149,182,202,249,284,559,573,573,34,34,132,132,150,165,215,227,1,35,35,82,82,97,116,116,116,126,126,126,126],"floor_reached":50,"language":"POL","playtime":2255,"items_purged":[],"score":1199,"play_id":"8bc74ebe-6458-4e36-8e56-bfb4aee87905","local_time":"20210213230923","is_ascension_mode":true,"campfire_choices":[{"floor":6,"key":"REST"},{"floor":11,"key":"REST"},{"data":"Magnetism","floor":15,"key":"SMITH"},{"floor":23,"key":"REST"},{"data":"Echo Form","floor":32,"key":"SMITH"},{"data":"Fission","floor":46,"key":"SMITH"},{"data":"Genetic Algorithm","floor":49,"key":"SMITH"}],"circlet_count":0,"master_deck":["Defend_B","Defend_B","Defend_B","Defend_B","Zap","Dualcast","Magnetism+1","Capacitor","Glacier","Double Energy+1","Force Field","Core Surge","Defragment","FTL","Genetic Algorithm+1","Leap","White Noise+1","Turbo","Self Repair","Chill","Loop","Echo Form+1","Redo+1","Bite","Bite","Bite","Bite","Necronomicurse","Conserve Battery","Go for the Eyes+1","Auto Shields+1","Lockon+1","Regret","Cold Snap+1","Apotheosis+1","Loop","Panacea","Buffer","Ball Lightning","Barrage","Sunder+1","Chaos+1","Echo Form+1","Fission+1","Chaos+1","Doom and Gloom+1","Echo Form","White Noise","Self Repair+1"],"relics":["Cracked Core","reliquary:Stiletto","hubris:BottledRain","Ancient Tea Set","MealTicket","Orrery","Incense Burner","HandDrill","hubris:Spice","hubris:TenFootPole","reliquary:BallBearing","PreservedInsect","ClockworkSouvenir","hubris:CrackedHourglass","Bloody Idol","Blood Vial","Necronomicon","hubris:ToyBattleship","Pocketwatch","hubris:Towel","Membership Card","Mummified Hand","Sling","Nuclear Battery","reliquary:Conveyor","Toolbox","DollysMirror","Potion Belt","War Paint","Lizard Tail","hubris:MedicalManual"],"acts_visited":["Exordium","TheCity","TheBeyond"],"potions_floor_usage":[16,18,22,33,35,40,45,50,50],"damage_taken":[{"damage":3,"enemies":"2 Louse","floor":1,"turns":3},{"damage":5,"enemies":"Small Slimes","floor":4,"turns":3},{"damage":1,"enemies":"Cultist","floor":5,"turns":4},{"damage":9,"enemies":"Lagavulin","floor":7,"turns":7},{"damage":0,"enemies":"Looter","floor":8,"turns":4},{"damage":2,"enemies":"Exordium Wildlife","floor":12,"turns":5},{"damage":11,"enemies":"3 Louse","floor":14,"turns":6},{"damage":12,"enemies":"Slime Boss","floor":16,"turns":7},{"damage":13,"enemies":"2 Thieves","floor":18,"turns":4},{"damage":7,"enemies":"3 Byrds","floor":22,"turns":6},{"damage":15,"enemies":"Sentry and Sphere","floor":24,"turns":4},{"damage":10,"enemies":"Centurion and Healer","floor":25,"turns":8},{"damage":4,"enemies":"Book of Stabbing","floor":27,"turns":6},{"damage":9,"enemies":"Snecko","floor":29,"turns":4},{"damage":10,"enemies":"Champ","floor":33,"turns":10},{"damage":8,"enemies":"3 Shapes","floor":35,"turns":7},{"damage":18,"enemies":"Orb Walker","floor":36,"turns":5},{"damage":0,"enemies":"Mind Bloom Boss Battle","floor":37,"turns":8},{"damage":2,"enemies":"Spire Growth","floor":38,"turns":6},{"damage":0,"enemies":"Giant Head","floor":40,"turns":7},{"damage":56,"enemies":"Nemesis","floor":42,"turns":7},{"damage":0,"enemies":"Jaw Worm Horde","floor":44,"turns":3},{"damage":12,"enemies":"Writhing Mass","floor":45,"turns":3},{"damage":19,"enemies":"3 Darklings","floor":48,"turns":4},{"damage":2,"enemies":"hubris:GrandSnecko","floor":50,"turns":8}],"seed_played":"7585353658126850950","potions_obtained":[{"floor":1,"key":"Dexterity Potion"},{"floor":5,"key":"LiquidMemories"},{"floor":8,"key":"PowerPotion"},{"floor":18,"key":"FocusPotion"},{"floor":29,"key":"Block Potion"},{"floor":36,"key":"SpeedPotion"},{"floor":45,"key":"Fruit Juice"},{"floor":47,"key":"SpeedPotion"},{"floor":47,"key":"SmokeBomb"},{"floor":47,"key":"FearPotion"}],"is_trial":false,"path_per_floor":["M","?","?","M","M","R","E","M","T","$","R","M","?","M","R","B",null,"M","?","?","?","M","R","M","M","T","E","?","M","?","$","R","B",null,"M","M","?","M","$","E","T","E","T","M","M","R","?","M","R","B"],"character_chosen":"DEFECT","items_purchased":["reliquary:Stiletto","hubris:BottledRain","Ancient Tea Set","MealTicket","Magnetism","Orrery","Defragment","HandDrill","FTL","ClockworkSouvenir","Membership Card","Apotheosis","Mummified Hand","Sling","Loop","Panacea","Toolbox","DollysMirror","Fission"],"campfire_rested":3,"item_purchase_floors":[0,0,0,0,0,0,0,0,0,10,31,31,31,31,31,31,39,39,39],"current_hp_per_floor":[25,17,17,12,11,35,26,26,26,41,65,70,70,66,66,61,78,72,63,32,25,38,56,59,71,71,71,71,69,69,71,71,71,71,71,67,71,71,71,71,71,45,45,54,63,63,63,62,62,0,0],"gold":126,"neow_bonus":"","is_daily":false,"chose_seed":false,"campfire_upgraded":4,"win_rate":0.0,"timestamp":1613254163,"path_taken":["M","?","?","?","M","R","E","M","T","$","R","M","?","M","R","BOSS","M","?","?","?","?","R","M","M","T","E","?","?","?","$","R","BOSS","M","M","?","M","$","E","?","E","T","?","M","R","?","?","R","BOSS"],"items_purchased_type":["Relic","Relic","Relic","Relic","Card","Relic","Card","Relic","Card","Relic","Relic","Card","Relic","Relic","Card","Card","Relic","Relic","Card"],"build_version":"2020-12-22","purchased_purges":0,"victory":false,"max_hp_per_floor":[83,83,83,83,83,83,83,83,83,83,83,83,83,83,83,83,83,83,63,63,63,63,63,63,71,71,71,71,71,71,71,71,71,71,71,71,71,71,71,71,71,71,71,71,76,76,76,76,76,76,76],"relic_stats":{"Blood Vial":16,"Lizard Tail":38,"counters":[429,1721],"Mummified Hand":[349],"Bloody Idol":50,"MealTicket":17,"PreservedInsect":223,"HandDrill":[74],"Necronomicon":[11],"War Paint":["Defend_B","Defend_B","Apotheosis","White Noise"],"obtain_stats":[{"Replay:Accelerometer":42,"Spirit Poop":5,"Sling":0,"Replay:Wanted Poster":17,"Blood Vial":12,"Replay:Bronze Core":17,"Fusion Hammer":34,"downfall:ExtraCursedKey":2,"Replay:Bottled Flurry":27,"HandDrill":30,"Necronomicon":21,"hubris:RGBLights":30,"Eternal Feather":10,"Pen Nib":37,"Akabeko":13,"Cables":40,"reliquary:Bookmark":0,"MutagenicStrength":22,"StrikeDummy":41,"Regal Pillow":0,"Singing Bowl":9,"hubris:EmptyBottle":0,"Ancient Tea Set":25,"Smiling Mask":45,"Pet Ghost":9,"Ring of Fangs":46,"WristBlade":17,"Toolbox":3,"hubris:CuriousFeather":29,"Chemical X":37,"InkBottle":44,"Ring of the Snake":0,"Potion Belt":4,"Lee\u0027s Waffle":0,"NeowsBlessing":0,"Golden Idol":2,"Circlet":0,"PreservedInsect":0,"Ring of Greed":2,"hubris:Towel":2,"reliquary:RosewoodLute":21,"Nuclear Battery":17,"reliquary:KinkedSpring":17,"Ornamental Fan":36,"hubris:Spice":28,"betterThird:SlimedRelic":2,"Art of War":26,"Garlic":29,"hexamod:BolsterEngine":9,"hubris:CrackedHourglass":34,"hubris:BottledRain":0,"Ice Cream":0,"Divine Protection":9,"reliquary:FeatherDuster":25,"Tiny House":34,"Calipers":47,"Gremlin Horn":6,"Runic Capacitor":47,"Centennial Puzzle":43,"Honey Jar":34,"Philosopher\u0027s Stone":17,"Prayer Wheel":0,"Girya":0,"hubris:DuctTape":0,"ReplayTheSpireMod:CursedCoin":24,"Replay:Grab Bag":17,"Ring of Chaos":34,"WarpedTongs":29,"reliquary:JackalopeAntler":10,"hubris:Zylophone":13,"Du-Vu Doll":30,"Onion Ring":40,"hubris:PeanutButter":43,"reliquary:BallBearing":2,"reliquary:Knoch":10,"Symbiotic Virus":38,"Pocketwatch":44,"reliquary:PrincelyHelmet":0,"reliquary:BoilingFlask":17,"Snake Skull":25,"Juzu Bracelet":0,"hubris:RunicObelisk":0,"Empty Cage":0,"Nunchaku":9,"Tough Bandages":0,"Dream Catcher":8,"Emotion Chip":41,"Chameleon Ring":0,"hubris:Icosahedron":36,"hubris:Stopwatch":34,"Red Mask":19,"Replay:Antivirus Software":26,"Guide Book":37,"Replay:WaspNest":37,"hubris:MedicalManual":43,"Odd Mushroom":10,"Medical Kit":47,"reliquary:IridiumChain":39,"Mercury Hourglass":23,"Calling Bell":17,"reliquary:ExpiredCoupon":26,"Pondfish Scales":54,"DataDisk":38,"hubris:BundleOfHerbs":39,"Bag of Marbles":44,"Membership Card":0,"reliquary:PurpleTingedLeaf":0,"FossilizedHelix":36,"ReplayTheSpireMod:ShopPack":0,"TwistedFunnel":0,"reliquary:Conveyor":38,"hubris:BallOfYels":44,"Whetstone":24,"Ginger":0,"Bottled Tornado":30,"Boot":23,"Old Coin":2,"reliquary:FerryPass":30,"Sundial":43,"MealTicket":7,"Kunai":44,"Pear":44,"ReplayTheSpireMod:Ring of Addiction":46,"Counterbalance":47,"reliquary:WeakTea":0,"reliquary:SculptingSteel":10,"hubris:TenFootPole":48,"Ring of the Serpent":17,"Lantern":14,"hubris:Metronome":23,"reliquary:Aerogel":42,"Painkiller Herb":34,"StoneCalendar":53,"Blue Doll":25,"Bag of Preparation":6,"Replay:Multitool":27,"Cursed Key":34,"BranchBurnRelic":15,"Matryoshka":27,"Ninja Scroll":21,"hubris:ScarierMask":17,"reliquary:Buckler":20,"WingedGreaves":23,"Ring of Panic":5,"Thread and Needle":26,"betterThird:NestCultRelic":21,"The Courier":45,"Omamori":9,"Frozen Egg 2":26,"MawBank":2,"sneckomod:BabySnecko":31,"Bloody Idol":25,"Orrery":0,"Turnip":7,"ReplayTheSpireMod:Onyx Gauntlets":17,"Toy Ornithopter":46,"Mark of the Bloom":48,"reliquary:PartyBalloon":34,"CeramicFish":8,"Vajra":22,"reliquary:QuartzCube":12,"Lizard Tail":47,"Replay:Frozen Program":0,"HornCleat":6,"DollysMirror":39,"Strawberry":37,"Toxic Egg 2":26,"Happy Flower":43,"reliquary:Sideboard":26,"Dead Branch":0,"Oddly Smooth Stone":20,"Replay:Kaleidoscope":0,"War Paint":26,"Question Card":0,"Replay:Baseball":11,"Bottled Flame":30,"reliquary:PorcupineQuills":0,"ReplayTheSpireMod:Shallot":11,"Shuriken":9,"Bronze Scales":48,"Simple Rune":24,"Molten Egg 2":0,"Black Star":17,"ReplayTheSpireMod:TigerMarble":0,"hubris:ToyBattleship":26,"reliquary:WritOfMandamus":17,"Darkstone Periapt":0,"Replay:PocketPolymizer":17,"reliquary:Boomerang":41,"SacredBark":46,"Mango":10,"Incense Burner":28,"ClockworkSouvenir":25,"Frozen Eye":21,"Replay:Bandana":43,"Mummified Hand":37,"Pantograph":37,"Gambling Chip":36,"Tiny Chest":0,"reliquary:RoseTintedGlasses":9,"Cracked Core":0,"Gremlin Food":30,"BargainBundle":53,"ReplayTheSpireMod:Ninjato":7,"reliquary:LoveEmittingDiode":0,"Quantum Egg":30,"hexamod:Sixitude":37,"Orichalcum":5,"White Beast Statue":36,"Peace Pipe":36,"Anchor":23,"CaptainsWheel":37,"reliquary:RedPaperclip":34,"reliquary:Craggleroot":34,"reliquary:Stiletto":27,"reliquary:TuningFork":24},{"Replay:Accelerometer":122,"Spirit Poop":172,"Sling":26,"Replay:Wanted Poster":84,"Blood Vial":263,"Replay:Bronze Core":34,"Fusion Hammer":186,"downfall:ExtraCursedKey":342,"Replay:Bottled Flurry":39,"HandDrill":41,"Necronomicon":413,"hubris:RGBLights":304,"Eternal Feather":380,"Pen Nib":66,"Akabeko":7,"Cables":190,"reliquary:Bookmark":192,"MutagenicStrength":353,"StrikeDummy":333,"Regal Pillow":214,"Singing Bowl":128,"hubris:EmptyBottle":259,"Ancient Tea Set":15,"Smiling Mask":97,"Pet Ghost":105,"Ring of Fangs":48,"WristBlade":58,"Toolbox":171,"hubris:CuriousFeather":327,"Chemical X":66,"InkBottle":71,"Ring of the Snake":0,"Potion Belt":293,"Lee\u0027s Waffle":49,"NeowsBlessing":0,"Golden Idol":260,"Circlet":0,"PreservedInsect":154,"Ring of Greed":171,"hubris:Towel":240,"reliquary:RosewoodLute":353,"Nuclear Battery":200,"reliquary:KinkedSpring":245,"Ornamental Fan":93,"hubris:Spice":251,"betterThird:SlimedRelic":102,"Art of War":15,"Garlic":137,"hexamod:BolsterEngine":220,"hubris:CrackedHourglass":329,"hubris:BottledRain":404,"Ice Cream":192,"Divine Protection":159,"reliquary:FeatherDuster":205,"Tiny House":43,"Calipers":257,"Gremlin Horn":158,"Runic Capacitor":282,"Centennial Puzzle":22,"Honey Jar":117,"Philosopher\u0027s Stone":9,"Prayer Wheel":49,"Girya":312,"hubris:DuctTape":284,"ReplayTheSpireMod:CursedCoin":113,"Replay:Grab Bag":58,"Ring of Chaos":92,"WarpedTongs":62,"reliquary:JackalopeAntler":197,"hubris:Zylophone":244,"Du-Vu Doll":391,"Onion Ring":69,"hubris:PeanutButter":257,"reliquary:BallBearing":405,"reliquary:Knoch":197,"Symbiotic Virus":256,"Pocketwatch":23,"reliquary:PrincelyHelmet":337,"reliquary:BoilingFlask":350,"Snake Skull":37,"Juzu Bracelet":26,"hubris:RunicObelisk":291,"Empty Cage":214,"Nunchaku":30,"Tough Bandages":126,"Dream Catcher":159,"Emotion Chip":257,"Chameleon Ring":76,"hubris:Icosahedron":255,"hubris:Stopwatch":274,"Red Mask":11,"Replay:Antivirus Software":182,"Guide Book":45,"Replay:WaspNest":119,"hubris:MedicalManual":425,"Odd Mushroom":31,"Medical Kit":150,"reliquary:IridiumChain":395,"Mercury Hourglass":181,"Calling Bell":162,"reliquary:ExpiredCoupon":303,"Pondfish Scales":76,"DataDisk":256,"hubris:BundleOfHerbs":278,"Bag of Marbles":148,"Membership Card":26,"reliquary:PurpleTingedLeaf":239,"FossilizedHelix":331,"ReplayTheSpireMod:ShopPack":101,"TwistedFunnel":76,"reliquary:Conveyor":232,"hubris:BallOfYels":371,"Whetstone":61,"Ginger":337,"Bottled Tornado":366,"Boot":113,"Old Coin":171,"reliquary:FerryPass":273,"Sundial":70,"MealTicket":53,"Kunai":310,"Pear":71,"ReplayTheSpireMod:Ring of Addiction":48,"Counterbalance":150,"reliquary:WeakTea":291,"reliquary:SculptingSteel":291,"hubris:TenFootPole":374,"Ring of the Serpent":132,"Lantern":199,"hubris:Metronome":269,"reliquary:Aerogel":280,"Painkiller Herb":140,"StoneCalendar":152,"Blue Doll":166,"Bag of Preparation":3,"Replay:Multitool":39,"Cursed Key":18,"BranchBurnRelic":33,"Matryoshka":89,"Ninja Scroll":59,"hubris:ScarierMask":320,"reliquary:Buckler":301,"WingedGreaves":204,"Ring of Panic":104,"Thread and Needle":37,"betterThird:NestCultRelic":36,"The Courier":48,"Omamori":4,"Frozen Egg 2":88,"MawBank":1,"sneckomod:BabySnecko":229,"Bloody Idol":249,"Orrery":337,"Turnip":128,"ReplayTheSpireMod:Onyx Gauntlets":58,"Toy Ornithopter":48,"Mark of the Bloom":401,"reliquary:PartyBalloon":254,"CeramicFish":80,"Vajra":12,"reliquary:QuartzCube":221,"Lizard Tail":24,"Replay:Frozen Program":170,"HornCleat":294,"DollysMirror":423,"Strawberry":45,"Toxic Egg 2":113,"Happy Flower":122,"reliquary:Sideboard":205,"Dead Branch":26,"Oddly Smooth Stone":110,"Replay:Kaleidoscope":26,"War Paint":135,"Question Card":337,"Replay:Baseball":31,"Bottled Flame":90,"reliquary:PorcupineQuills":192,"ReplayTheSpireMod:Shallot":31,"Shuriken":80,"Bronze Scales":191,"Simple Rune":165,"Molten Egg 2":239,"Black Star":58,"ReplayTheSpireMod:TigerMarble":101,"hubris:ToyBattleship":416,"reliquary:WritOfMandamus":360,"Darkstone Periapt":49,"Replay:PocketPolymizer":162,"reliquary:Boomerang":212,"SacredBark":48,"Mango":220,"Incense Burner":40,"ClockworkSouvenir":37,"Frozen Eye":353,"Replay:Bandana":97,"Mummified Hand":66,"Pantograph":66,"Gambling Chip":119,"Tiny Chest":76,"reliquary:RoseTintedGlasses":262,"Cracked Core":0,"Gremlin Food":41,"BargainBundle":75,"ReplayTheSpireMod:Ninjato":80,"reliquary:LoveEmittingDiode":214,"Quantum Egg":63,"hexamod:Sixitude":210,"Orichalcum":28,"White Beast Statue":275,"Peace Pipe":209,"Anchor":13,"CaptainsWheel":20,"reliquary:RedPaperclip":306,"reliquary:Craggleroot":230,"reliquary:Stiletto":303,"reliquary:TuningFork":269},{"Replay:Accelerometer":422,"Spirit Poop":625,"Sling":101,"Replay:Wanted Poster":313,"Blood Vial":971,"Replay:Bronze Core":127,"Fusion Hammer":676,"downfall:ExtraCursedKey":1307,"Replay:Bottled Flurry":144,"HandDrill":153,"Necronomicon":1626,"hubris:RGBLights":1163,"Eternal Feather":1478,"Pen Nib":253,"Akabeko":19,"Cables":695,"reliquary:Bookmark":711,"MutagenicStrength":1368,"StrikeDummy":1277,"Regal Pillow":792,"Singing Bowl":446,"hubris:EmptyBottle":957,"Ancient Tea Set":54,"Smiling Mask":346,"Pet Ghost":367,"Ring of Fangs":186,"WristBlade":230,"Toolbox":621,"hubris:CuriousFeather":1256,"Chemical X":253,"InkBottle":268,"Ring of the Snake":0,"Potion Belt":1117,"Lee\u0027s Waffle":194,"NeowsBlessing":0,"Golden Idol":960,"Circlet":0,"PreservedInsect":556,"Ring of Greed":621,"hubris:Towel":883,"reliquary:RosewoodLute":1368,"Nuclear Battery":738,"reliquary:KinkedSpring":903,"Ornamental Fan":335,"hubris:Spice":920,"betterThird:SlimedRelic":361,"Art of War":54,"Garlic":486,"hexamod:BolsterEngine":809,"hubris:CrackedHourglass":1264,"hubris:BottledRain":1584,"Ice Cream":711,"Divine Protection":573,"reliquary:FeatherDuster":758,"Tiny House":164,"Calipers":948,"Gremlin Horn":570,"Runic Capacitor":1078,"Centennial Puzzle":78,"Honey Jar":408,"Philosopher\u0027s Stone":30,"Prayer Wheel":194,"Girya":1200,"hubris:DuctTape":1093,"ReplayTheSpireMod:CursedCoin":394,"Replay:Grab Bag":230,"Ring of Chaos":332,"WarpedTongs":240,"reliquary:JackalopeAntler":725,"hubris:Zylophone":895,"Du-Vu Doll":1549,"Onion Ring":262,"hubris:PeanutButter":948,"reliquary:BallBearing":1587,"reliquary:Knoch":725,"Symbiotic Virus":944,"Pocketwatch":83,"reliquary:PrincelyHelmet":1297,"reliquary:BoilingFlask":1351,"Snake Skull":137,"Juzu Bracelet":101,"hubris:RunicObelisk":1113,"Empty Cage":792,"Nunchaku":111,"Tough Bandages":437,"Dream Catcher":573,"Emotion Chip":948,"Chameleon Ring":283,"hubris:Icosahedron":941,"hubris:Stopwatch":1030,"Red Mask":38,"Replay:Antivirus Software":660,"Guide Book":173,"Replay:WaspNest":415,"hubris:MedicalManual":1704,"Odd Mushroom":114,"Medical Kit":534,"reliquary:IridiumChain":1570,"Mercury Hourglass":657,"Calling Bell":589,"reliquary:ExpiredCoupon":1159,"Pondfish Scales":283,"DataDisk":944,"hubris:BundleOfHerbs":1051,"Bag of Marbles":526,"Membership Card":101,"reliquary:PurpleTingedLeaf":880,"FossilizedHelix":1271,"ReplayTheSpireMod:ShopPack":360,"TwistedFunnel":283,"reliquary:Conveyor":854,"hubris:BallOfYels":1440,"Whetstone":237,"Ginger":1297,"Bottled Tornado":1421,"Boot":394,"Old Coin":621,"reliquary:FerryPass":1021,"Sundial":265,"MealTicket":209,"Kunai":1189,"Pear":268,"ReplayTheSpireMod:Ring of Addiction":186,"Counterbalance":534,"reliquary:WeakTea":1113,"reliquary:SculptingSteel":1113,"hubris:TenFootPole":1455,"Ring of the Serpent":465,"Lantern":731,"hubris:Metronome":1005,"reliquary:Aerogel":1064,"Painkiller Herb":500,"StoneCalendar":544,"Blue Doll":600,"Bag of Preparation":3,"Replay:Multitool":144,"Cursed Key":66,"BranchBurnRelic":118,"Matryoshka":324,"Ninja Scroll":232,"hubris:ScarierMask":1234,"reliquary:Buckler":1152,"WingedGreaves":754,"Ring of Panic":365,"Thread and Needle":137,"betterThird:NestCultRelic":133,"The Courier":186,"Omamori":7,"Frozen Egg 2":320,"MawBank":1,"sneckomod:BabySnecko":839,"Bloody Idol":915,"Orrery":1297,"Turnip":446,"ReplayTheSpireMod:Onyx Gauntlets":230,"Toy Ornithopter":186,"Mark of the Bloom":1576,"reliquary:PartyBalloon":938,"CeramicFish":298,"Vajra":42,"reliquary:QuartzCube":813,"Lizard Tail":88,"Replay:Frozen Program":616,"HornCleat":1123,"DollysMirror":1690,"Strawberry":173,"Toxic Egg 2":394,"Happy Flower":422,"reliquary:Sideboard":758,"Dead Branch":101,"Oddly Smooth Stone":381,"Replay:Kaleidoscope":101,"War Paint":477,"Question Card":1297,"Replay:Baseball":114,"Bottled Flame":326,"reliquary:PorcupineQuills":711,"ReplayTheSpireMod:Shallot":114,"Shuriken":298,"Bronze Scales":701,"Simple Rune":598,"Molten Egg 2":880,"Black Star":230,"ReplayTheSpireMod:TigerMarble":360,"hubris:ToyBattleship":1644,"reliquary:WritOfMandamus":1398,"Darkstone Periapt":194,"Replay:PocketPolymizer":589,"reliquary:Boomerang":786,"SacredBark":186,"Mango":809,"Incense Burner":148,"ClockworkSouvenir":137,"Frozen Eye":1368,"Replay:Bandana":346,"Mummified Hand":253,"Pantograph":253,"Gambling Chip":415,"Tiny Chest":283,"reliquary:RoseTintedGlasses":968,"Cracked Core":0,"Gremlin Food":153,"BargainBundle":280,"ReplayTheSpireMod:Ninjato":298,"reliquary:LoveEmittingDiode":792,"Quantum Egg":243,"hexamod:Sixitude":781,"Orichalcum":106,"White Beast Statue":1035,"Peace Pipe":778,"Anchor":46,"CaptainsWheel":72,"reliquary:RedPaperclip":1175,"reliquary:Craggleroot":847,"reliquary:Stiletto":1159,"reliquary:TuningFork":1005}],"Pocketwatch":[6]},"card_choices":[{"not_picked":["Undo","FTL"],"picked":"Capacitor","floor":0},{"not_picked":["Melter","Gash"],"picked":"Glacier","floor":0},{"not_picked":["Conserve Battery","Sweeping Beam"],"picked":"Double Energy","floor":0},{"not_picked":["Rebound","Redo"],"picked":"Force Field","floor":0},{"not_picked":["Chaos","Glacier"],"picked":"Core Surge","floor":0},{"not_picked":["Rebound","Steam"],"picked":"Genetic Algorithm","floor":1},{"not_picked":["Steam","Gash"],"picked":"Leap","floor":4},{"not_picked":["Auto Shields","Cold Snap"],"picked":"White Noise","floor":5},{"not_picked":["Coolheaded","Hologram"],"picked":"Turbo","floor":7},{"not_picked":["Coolheaded","Double Energy"],"picked":"Self Repair","floor":8},{"not_picked":["Steam","Glacier"],"picked":"Chill","floor":12},{"not_picked":["Go for the Eyes","Hello World"],"picked":"Loop","floor":14},{"not_picked":["Buffer","Reboot"],"picked":"Echo Form","floor":16},{"not_picked":["Coolheaded","Turbo"],"picked":"Redo+1","floor":18},{"not_picked":["Hologram","Coolheaded"],"picked":"Conserve Battery","floor":22},{"not_picked":["Heatsinks","Genetic Algorithm"],"picked":"Go for the Eyes+1","floor":24},{"not_picked":["Turbo","Rebound"],"picked":"Auto Shields+1","floor":25},{"not_picked":["Conserve Battery","Gash+1"],"picked":"Lockon+1","floor":27},{"not_picked":["Leap","Aggregate"],"picked":"Cold Snap+1","floor":29},{"not_picked":["Echo Form","Multi-Cast"],"picked":"Buffer","floor":33},{"not_picked":["Recycle","Rebound+1"],"picked":"Ball Lightning","floor":35},{"not_picked":["Recycle+1","Steam Power+1"],"picked":"Barrage","floor":36},{"not_picked":["Redo","hubris:SpiceAddiction"],"picked":"Sunder+1","floor":37},{"not_picked":["Ball Lightning","hubris:SpiceAddiction"],"picked":"Chaos+1","floor":38},{"not_picked":["Reprogram","Recycle"],"picked":"Chaos+1","floor":40},{"not_picked":["Go for the Eyes","hubris:SpiceAddiction"],"picked":"Doom and Gloom+1","floor":42},{"not_picked":["Streamline+1","Melter+1"],"picked":"Echo Form","floor":44},{"not_picked":["Chaos+1","Steam+1"],"picked":"White Noise","floor":45},{"not_picked":["Go for the Eyes+1","Glacier"],"picked":"Self Repair+1","floor":48}],"player_experience":473033,"relics_obtained":[{"floor":7,"key":"reliquary:FerryPass"},{"floor":9,"key":"PreservedInsect"},{"floor":21,"key":"Necronomicon"},{"floor":25,"key":"hubris:Spice"},{"floor":26,"key":"hubris:ToyBattleship"},{"floor":27,"key":"Pocketwatch"},{"floor":37,"key":"reliquary:Conveyor"},{"floor":40,"key":"Potion Belt"},{"floor":41,"key":"War Paint"},{"floor":42,"key":"Lizard Tail"},{"floor":43,"key":"hubris:MedicalManual"}],"event_choices":[{"damage_healed":0,"gold_gain":1,"player_choice":"Relic Relic ","damage_taken":15,"max_hp_gain":0,"max_hp_loss":0,"event_name":"betterThird:BetterScrap","floor":2,"gold_loss":0,"cards_obtained":["Expertise"]},{"damage_healed":0,"gold_gain":0,"player_choice":"Ignored","damage_taken":0,"max_hp_gain":0,"max_hp_loss":0,"event_name":"Purifier","floor":3,"gold_loss":0},{"damage_healed":0,"gold_gain":0,"player_choice":"Grow","damage_taken":0,"max_hp_gain":0,"max_hp_loss":0,"event_name":"Living Wall","floor":13,"gold_loss":0,"cards_upgraded":["Double Energy"]},{"damage_healed":0,"gold_gain":0,"player_choice":"Became a vampire","damage_taken":0,"max_hp_gain":0,"max_hp_loss":20,"event_name":"Vampires","floor":19,"gold_loss":0,"cards_obtained":["Bite","Bite","Bite","Bite"]},{"damage_healed":0,"gold_gain":0,"player_choice":" Idol Potion Vial ","damage_taken":63,"relics_obtained":["Bloody Idol","Blood Vial"],"max_hp_gain":63,"max_hp_loss":32,"event_name":"betterAltar:BetterAltar","floor":20,"potions_obtained":["betterAltar:AltarPotion"],"relics_lost":[],"gold_loss":0},{"damage_healed":0,"gold_gain":0,"player_choice":"Obtained Book","damage_taken":16,"max_hp_gain":0,"max_hp_loss":0,"event_name":"Cursed Tome","floor":21,"gold_loss":0},{"damage_healed":0,"gold_gain":275,"player_choice":"Desecrate","damage_taken":0,"max_hp_gain":0,"max_hp_loss":0,"event_name":"Golden Shrine","floor":28,"gold_loss":0,"cards_obtained":["Regret"]},{"damage_healed":0,"gold_gain":0,"player_choice":"Fight","damage_taken":0,"max_hp_gain":0,"max_hp_loss":0,"event_name":"MindBloom","floor":37,"gold_loss":0},{"damage_healed":0,"gold_gain":0,"player_choice":"Got Potions","damage_taken":0,"max_hp_gain":0,"max_hp_loss":0,"event_name":"Lab","floor":47,"gold_loss":0}],"is_beta":false,"boss_relics":[{"not_picked":["bronze:MakeshiftBattery","reliquary:RedCape"],"picked":"hubris:CrackedHourglass"},{"not_picked":["hubris:Spice","hubris:Spice"],"picked":"Nuclear Battery"}],"items_purged_floors":[],"is_endless":false,"potions_floor_spawned":[1,5,8,14,18,29,36,42,45],"killed_by":"hubris:GrandSnecko","ascension_level":8}}