{"host":"uv5ws9rdk87e8i5k","time":1613190813,"event":{"mods":["AchievementEnabler","BaseMod","Colored Map","Minty Spire (QoL Compilation)","Permanent Neow","Quick Restart","StSLib","SuperFastMode","The Necromancer"],"gold_per_floor":[362,312,47,61,78,78,107,36,87,118,129,163,174,209,209,304,304,319,319,594,48,68,68,93,106,132,132,132],"floor_reached":27,"language":"ENG","playtime":713,"items_purged":["Regret"],"score":342,"play_id":"363d37de-e53c-470e-a931-9669640624c4","local_time":"20210212223333","is_ascension_mode":true,"campfire_choices":[{"data":"Chaos","floor":6.0,"key":"SMITH"},{"data":"Loop","floor":15.0,"key":"SMITH"},{"data":"Storm","floor":23.0,"key":"SMITH"}],"circlet_count":0,"master_deck":["Strike_B","Strike_B","Strike_B","Defend_B","Defend_B","Defend_B","Defend_B","Zap","Dualcast","Coolheaded","Loop+1","Tempest","Chaos+1","Storm+1","Ball Lightning","Sweeping Beam","White Noise","Thunder Strike","Chaos+1","Capacitor","Doom and Gloom","Consume+1"],"relics":["Cracked Core","Runic Capacitor","PreservedInsect","Anchor","Bag of Preparation","Letter Opener","Gremlin Horn","Potion Belt","Black Star","Incense Burner","Bottled Flame","WingedGreaves","Tiny Chest"],"acts_visited":["Exordium","TheCity"],"potions_floor_usage":[27],"damage_taken":[{"damage":9.0,"enemies":"2 Louse","floor":1.0,"turns":3.0},{"damage":0.0,"enemies":"Cultist","floor":4.0,"turns":4.0},{"damage":3.0,"enemies":"Small Slimes","floor":5.0,"turns":4.0},{"damage":12.0,"enemies":"3 Sentries","floor":7.0,"turns":6.0},{"damage":4.0,"enemies":"Lagavulin","floor":10.0,"turns":6.0},{"damage":1.0,"enemies":"Gremlin Gang","floor":11.0,"turns":3.0},{"damage":0.0,"enemies":"3 Sentries","floor":12.0,"turns":3.0},{"damage":5.0,"enemies":"Large Slime","floor":13.0,"turns":3.0},{"damage":13.0,"enemies":"Lagavulin","floor":14.0,"turns":3.0},{"damage":6.0,"enemies":"Hexaghost","floor":16.0,"turns":8.0},{"damage":21.0,"enemies":"Spheric Guardian","floor":18.0,"turns":4.0},{"damage":7.0,"enemies":"Shell Parasite","floor":22.0,"turns":5.0},{"damage":0.0,"enemies":"Gremlin Leader","floor":24.0,"turns":4.0},{"damage":2.0,"enemies":"Cultist and Chosen","floor":25.0,"turns":4.0},{"damage":41,"enemies":"Slavers","floor":27,"turns":3}],"seed_played":"-8982879768242924677","potions_obtained":[{"floor":4.0,"key":"PowerPotion"},{"floor":5.0,"key":"BlessingOfTheForge"},{"floor":11.0,"key":"AttackPotion"},{"floor":13.0,"key":"SteroidPotion"},{"floor":16.0,"key":"Weak Potion"},{"floor":25.0,"key":"SpeedPotion"}],"is_trial":false,"path_per_floor":["M","?","$","M","M","R","E","?","T","E","M","E","M","E","R","B",null,"M","?","?","$","M","R","E","M","T","E"],"character_chosen":"DEFECT","items_purchased":["Loop","Runic Capacitor","Tempest","Incense Burner","Capacitor","Energy Potion","Doom and Gloom"],"campfire_rested":0,"item_purchase_floors":[3,3,3,21,21,21,21],"current_hp_per_floor":[59,59,59,59,56,56,44,44,44,40,39,39,34,21,21,15,68,47,47,47,47,40,40,40,38,38,0,0],"gold":132,"neow_bonus":"TWO_FIFTY_GOLD","is_daily":false,"chose_seed":false,"campfire_upgraded":3,"win_rate":0.0,"timestamp":1613190813,"path_taken":["M","?","$","M","M","R","E","?","T","E","?","E","M","E","R","BOSS","M","?","?","$","?","R","E","M","T","E"],"items_purchased_type":["Card","Relic","Card","Relic","Card","Potion","Card"],"build_version":"2020-12-22","purchased_purges":1,"victory":false,"max_hp_per_floor":[68,68,68,68,68,68,68,68,68,68,68,68,68,68,68,68,68,68,68,68,68,68,68,68,68,68,68,68],"card_choices":[{"not_picked":["Turbo","Streamline"],"picked":"Coolheaded","floor":1.0},{"not_picked":["Cold Snap","Capacitor"],"picked":"Chaos","floor":4.0},{"not_picked":["Aggregate","Doom and Gloom"],"picked":"Storm","floor":5.0},{"not_picked":["Core Surge","Reinforced Body"],"picked":"Ball Lightning","floor":7.0},{"not_picked":["Steam","Gash"],"picked":"Sweeping Beam","floor":10.0},{"not_picked":["Leap","Stack","Static Discharge"],"picked":"SKIP","floor":11.0},{"not_picked":["Cold Snap","Chill"],"picked":"White Noise","floor":12.0},{"not_picked":["Hologram","Sweeping Beam","Darkness"],"picked":"SKIP","floor":13.0},{"not_picked":["Sweeping Beam","All For One","Blizzard"],"picked":"SKIP","floor":14.0},{"not_picked":["Core Surge","Meteor Strike"],"picked":"Thunder Strike","floor":16.0},{"not_picked":["Streamline","Hologram"],"picked":"Chaos+1","floor":18.0},{"not_picked":["Leap","Rebound+1","Sweeping Beam"],"picked":"SKIP","floor":22.0},{"not_picked":["Tempest","Gash+1","Steam"],"picked":"SKIP","floor":24.0},{"not_picked":["Steam","Reprogram"],"picked":"Consume+1","floor":25.0}],"player_experience":178807,"relics_obtained":[{"floor":7.0,"key":"PreservedInsect"},{"floor":9.0,"key":"Bag of Preparation"},{"floor":10.0,"key":"Letter Opener"},{"floor":12.0,"key":"Gremlin Horn"},{"floor":14.0,"key":"Potion Belt"},{"floor":24.0,"key":"Bottled Flame"},{"floor":24.0,"key":"WingedGreaves"},{"floor":26.0,"key":"Tiny Chest"}],"event_choices":[{"cards_removed":["Strike_B"],"damage_healed":0.0,"max_hp_gain":0.0,"max_hp_loss":0.0,"gold_gain":0.0,"event_name":"The Cleric","player_choice":"Card Removal","floor":2.0,"gold_loss":50.0,"damage_taken":0.0},{"damage_healed":0.0,"max_hp_gain":0.0,"max_hp_loss":0.0,"gold_gain":0.0,"event_name":"WeMeetAgain","player_choice":"Paid Gold","floor":8.0,"gold_loss":71.0,"damage_taken":0.0,"relics_obtained":["Anchor"]},{"damage_healed":0.0,"max_hp_gain":0.0,"max_hp_loss":0.0,"gold_gain":0.0,"event_name":"Ghosts","player_choice":"Ignored","floor":19.0,"gold_loss":0.0,"damage_taken":0.0},{"damage_healed":0.0,"max_hp_gain":0.0,"max_hp_loss":0.0,"gold_gain":275.0,"event_name":"Golden Shrine","player_choice":"Desecrate","floor":20.0,"gold_loss":0.0,"damage_taken":0.0,"cards_obtained":["Regret"]}],"is_beta":false,"boss_relics":[{"not_picked":["Sozu","Tiny House"],"picked":"Black Star"}],"items_purged_floors":[21],"is_endless":false,"potions_floor_spawned":[4,5,11,13,16,25],"killed_by":"Slavers","ascension_level":2}}