{"host":"bf5upntvbdompq33","time":1613238918,"event":{"mods":["BaseMod","Bestiary","Colored Map","Colored Powertips","Curses Come First","Minty Spire (QoL Compilation)","StSLib","ojb\u0027s Info Mod"],"gold_per_floor":[118,129,129,139,158,158,184,184,254,272,272,296,296,332,332,430,430,445,466,466,466],"floor_reached":20,"language":"ENG","playtime":1201,"items_purged":[],"score":316,"play_id":"e14ffba4-ba75-4ff0-9ec4-104b385402cd","local_time":"20210213105518","is_ascension_mode":true,"campfire_choices":[{"data":"Dark Embrace","floor":6,"key":"SMITH"},{"floor":13,"key":"REST"},{"floor":15,"key":"REST"}],"circlet_count":0,"master_deck":["AscendersBane","Strike_R","Strike_R","Strike_R","Defend_R","Defend_R+1","Defend_R","Defend_R","Bash","Metallicize+1","Disarm","Twin Strike","Shockwave","Dark Embrace+1","Dual Wield","Anger","Entrench","Anger","Demon Form","Havoc","Anger+1"],"relics":["Burning Blood","Lizard Tail","Golden Idol","Gremlin Horn","Tiny Chest","Fusion Hammer"],"acts_visited":["Exordium","TheCity"],"potions_floor_usage":[],"damage_taken":[{"damage":2,"enemies":"Small Slimes","floor":1,"turns":4},{"damage":8,"enemies":"Jaw Worm","floor":2,"turns":5},{"damage":0,"enemies":"Cultist","floor":4,"turns":5},{"damage":10,"enemies":"Exordium Wildlife","floor":5,"turns":4},{"damage":34,"enemies":"3 Sentries","floor":7,"turns":15},{"damage":10,"enemies":"Red Slaver","floor":10,"turns":5},{"damage":5,"enemies":"Blue Slaver","floor":12,"turns":4},{"damage":20,"enemies":"Lagavulin","floor":14,"turns":9},{"damage":76,"enemies":"Slime Boss","floor":16,"turns":13},{"damage":25,"enemies":"Shell Parasite","floor":18,"turns":4},{"damage":21,"enemies":"Spheric Guardian","floor":19,"turns":5},{"damage":25,"enemies":"Chosen and Byrds","floor":20,"turns":5}],"seed_played":"228011459000132284","potions_obtained":[{"floor":1,"key":"FearPotion"},{"floor":7,"key":"Dexterity Potion"}],"is_trial":false,"path_per_floor":["M","M","?","M","M","R","E","?","T","M","?","M","R","E","R","B",null,"M","M","M"],"character_chosen":"IRONCLAD","items_purchased":[],"campfire_rested":2,"item_purchase_floors":[],"current_hp_per_floor":[68,66,52,58,54,54,26,26,26,22,22,23,41,27,45,10,50,31,16,0,0],"gold":466,"neow_bonus":"TRANSFORM_TWO_CARDS","is_daily":false,"chose_seed":false,"campfire_upgraded":1,"win_rate":0.0,"timestamp":1613238918,"path_taken":["M","M","?","M","M","R","E","?","T","M","?","M","R","E","R","BOSS","M","M","M"],"items_purchased_type":[],"build_version":"2020-12-22","purchased_purges":0,"victory":false,"max_hp_per_floor":[68,68,68,68,68,68,68,63,63,63,63,63,63,63,63,63,63,63,63,63,63],"card_choices":[{"not_picked":["Burning Pact","Combust"],"picked":"Twin Strike","floor":1},{"not_picked":["Infernal Blade","True Grit"],"picked":"Shockwave","floor":2},{"not_picked":["Warcry","Clothesline"],"picked":"Dark Embrace","floor":4},{"not_picked":["Clash","Warcry"],"picked":"Dual Wield","floor":5},{"not_picked":["Inflame","Combust"],"picked":"Anger","floor":7},{"not_picked":["Warcry","Twin Strike"],"picked":"Entrench","floor":10},{"not_picked":["Clothesline","Clash"],"picked":"Anger","floor":12},{"not_picked":["Heavy Blade","Dark Embrace","Disarm"],"picked":"SKIP","floor":14},{"not_picked":["Exhume","Offering"],"picked":"Demon Form","floor":16},{"not_picked":["Rage","Perfected Strike+1"],"picked":"Havoc","floor":18},{"not_picked":["Body Slam+1","Metallicize"],"picked":"Anger+1","floor":19}],"player_experience":1575726,"relics_obtained":[{"floor":7,"key":"Lizard Tail"},{"floor":9,"key":"Gremlin Horn"},{"floor":14,"key":"Tiny Chest"}],"event_choices":[{"damage_healed":0,"gold_gain":0,"player_choice":"Entered Light","damage_taken":14,"max_hp_gain":0,"max_hp_loss":0,"event_name":"Shining Light","floor":3,"gold_loss":0,"cards_upgraded":["Defend_R","Metallicize"]},{"damage_healed":0,"gold_gain":0,"player_choice":"Lose Max HP","damage_taken":0,"relics_obtained":["Golden Idol"],"max_hp_gain":0,"max_hp_loss":5,"event_name":"Golden Idol","floor":8,"gold_loss":0},{"damage_healed":0,"gold_gain":0,"player_choice":"Bought 0 Potions","damage_taken":0,"max_hp_gain":0,"max_hp_loss":0,"event_name":"The Woman in Blue","floor":11,"gold_loss":0}],"is_beta":false,"boss_relics":[{"not_picked":["Busted Crown","Empty Cage"],"picked":"Fusion Hammer"}],"items_purged_floors":[],"is_endless":false,"potions_floor_spawned":[1,7,10],"killed_by":"Chosen and Byrds","ascension_level":14}}