{"host":"lehbxtjrpalkmwwj","time":1613234448,"event":{"mods":["ATMod(°¢èªMod)","Aspiration","BaseMod","Challenge The Spire","Colored Map","Colored Powertips","Conspire","Dota2Spire","Energized Spire","Hunter ÁÔÈË","Minty Spire (QoL Compilation)","Quick Restart","Relic Stats","Reliquary","Replay The Spire","Spicy Shops","StSLib","TestMod","The Cursed","The IronCluck","The Poker Player","Waifu the Spire","Wide Potions","[IsaacMod]ÒÔÈö¼âËþ","¡¾ÒÅÎï¿¨ÅÆ¡¿REMEMod","É³µñ²ÄÖÊ°ümod","óô»ðÖ¸ÄÏ"],"gold_per_floor":[113,128,128,128,145,173,173,198,198,198,198,140,152,177,177,273,273,291,291,305,7,24,55,55,55,55],"floor_reached":24,"language":"ZHS","playtime":1030,"items_purged":[],"score":298,"play_id":"f4aafe38-c7b4-4244-aa3e-6581c74fd00a","local_time":"20210214004048","is_ascension_mode":true,"metric_token":1750,"campfire_choices":[{"floor":7.0,"key":"RECALL"},{"data":"EpicFetus","floor":11.0,"key":"SMITH"},{"data":"PokerPlayerMod:TheDieIsCast","floor":15.0,"key":"SMITH"}],"circlet_count":0,"master_deck":["PokerPlayerMod:Diamond1","PokerPlayerMod:Diamond2","PokerPlayerMod:Diamond3","PokerPlayerMod:Diamond4","PokerPlayerMod:Diamond5","PokerPlayerMod:Spade1","PokerPlayerMod:Spade2","PokerPlayerMod:Spade3","PokerPlayerMod:Spade4","PokerPlayerMod:Club1","PokerPlayerMod:Club2","PokerPlayerMod:Heart2","PokerPlayerMod:TrumpStrike+1","PokerPlayerMod:BadJoker+1","PokerPlayerMod:Mulligan","EpicFetus+1","EpicFetus+1","PokerPlayerMod:TheDieIsCast+1","PokerPlayerMod:CloakAndDiamond"],"relics":["PokerPlayerMod:DeckCase","HushsDoor","AT_ATBox","testmod-TestBox","REME_ComplimentaryCards","testmod-DreamHouse","Happy Flower","Lantern","HowToJump","NeowsBlessing","AT_ChloranthyRing","AT_ArcaneBoots","testmod-Faith","Dota2Spire:Satanic","Dota2Spire:MantaStyle","energizedSpire:MagnifyingGlass","Replay:Bottled Steam","reliquary:JackalopeAntler"],"acts_visited":["Exordium","TheCity"],"potions_floor_usage":[23,23],"damage_taken":[{"damage":0.0,"enemies":"Small Slimes","floor":1.0,"turns":1.0},{"damage":0.0,"enemies":"2 Louse","floor":2.0,"turns":1.0},{"damage":0.0,"enemies":"Jaw Worm","floor":5.0,"turns":1.0},{"damage":0.0,"enemies":"Gremlin Nob","floor":6.0,"turns":2.0},{"damage":0.0,"enemies":"Lagavulin","floor":8.0,"turns":4.0},{"damage":0.0,"enemies":"Exordium Wildlife","floor":13.0,"turns":1.0},{"damage":10.0,"enemies":"Gremlin Nob","floor":14.0,"turns":3.0},{"damage":17.0,"enemies":"The Guardian","floor":16.0,"turns":7.0},{"damage":18.0,"enemies":"2 Thieves","floor":18.0,"turns":3.0},{"damage":8.0,"enemies":"conspire:FuzzyDice","floor":20.0,"turns":4.0},{"damage":9.0,"enemies":"Snecko","floor":22.0,"turns":3.0},{"damage":1,"enemies":"Slavers","floor":23,"turns":4},{"damage":4,"enemies":"Centurion and Healer","floor":24,"turns":3}],"seed_played":"-8598782847934752696","potions_obtained":[{"floor":1.0,"key":"Languid Potion"},{"floor":6.0,"key":"FearPotion"},{"floor":16.0,"key":"Reflective Coating"},{"floor":20.0,"key":"ColorlessPotion"},{"floor":23,"key":"Elixir"}],"is_trial":false,"path_per_floor":["M","M","?","?","M","E","R","E","T","?","R","$","M","E","R","B",null,"M","?","M","$","M","E","M"],"character_chosen":"THE_POKER_PLAYER","items_purchased":["testmod-Faith","Dota2Spire:Satanic","Replay:Bottled Steam"],"campfire_rested":0,"item_purchase_floors":[12,12,21],"current_hp_per_floor":[52,52,52,52,52,52,52,52,52,42,42,42,44,34,34,23,52,37,26,18,18,9,11,7,7,7],"gold":55,"neow_bonus":"THREE_ENEMY_KILL","is_daily":false,"chose_seed":false,"campfire_upgraded":2,"win_rate":0.0,"timestamp":1613234448,"path_taken":["M","M","?","?","M","E","R","E","T","?","R","$","M","E","R","BOSS","M","?","M","$","?","E","M"],"items_purchased_type":["Relic","Relic","Relic"],"build_version":"2020-12-22","purchased_purges":0,"victory":false,"max_hp_per_floor":[52,52,52,52,52,52,52,52,52,52,52,52,52,52,52,52,52,52,26,26,26,26,26,26,26,26],"relic_stats":{"Happy Flower":[12],"counters":[13,37],"obtain_stats":[{"KeepersGift":0,"AT_ChloranthyRing":6,"Lantern":0,"Dota2Spire:MantaStyle":14,"AT_ATBox":0,"testmod-TestBox":0,"Happy Flower":0,"HowToJump":0,"NeowsBlessing":0,"AT_ArcaneBoots":22,"reliquary:JackalopeAntler":23,"Dota2Spire:Satanic":12,"PokerPlayerMod:DeckCase":0,"AT_SpeedBoots":8,"testmod-DreamHouse":0,"testmod-Faith":12,"energizedSpire:MagnifyingGlass":17,"HushsDoor":0,"REME_ComplimentaryCards":0,"Replay:Bottled Steam":21},{"KeepersGift":0,"AT_ChloranthyRing":4,"Lantern":0,"Dota2Spire:MantaStyle":7,"AT_ATBox":0,"testmod-TestBox":0,"Happy Flower":0,"HowToJump":0,"NeowsBlessing":0,"AT_ArcaneBoots":11,"reliquary:JackalopeAntler":12,"Dota2Spire:Satanic":5,"PokerPlayerMod:DeckCase":0,"AT_SpeedBoots":5,"testmod-DreamHouse":0,"testmod-Faith":5,"energizedSpire:MagnifyingGlass":8,"HushsDoor":0,"REME_ComplimentaryCards":0,"Replay:Bottled Steam":10},{"KeepersGift":0,"AT_ChloranthyRing":5,"Lantern":0,"Dota2Spire:MantaStyle":13,"AT_ATBox":0,"testmod-TestBox":0,"Happy Flower":0,"HowToJump":0,"NeowsBlessing":0,"AT_ArcaneBoots":28,"reliquary:JackalopeAntler":34,"Dota2Spire:Satanic":9,"PokerPlayerMod:DeckCase":0,"AT_SpeedBoots":9,"testmod-DreamHouse":0,"testmod-Faith":9,"energizedSpire:MagnifyingGlass":20,"HushsDoor":0,"REME_ComplimentaryCards":0,"Replay:Bottled Steam":27}]},"card_choices":[{"not_picked":[],"picked":"EpicFetus","floor":0.0},{"not_picked":[],"picked":"EpicFetus","floor":0.0},{"not_picked":["PokerPlayerMod:Diamond2","PokerPlayerMod:Spade3"],"picked":"PokerPlayerMod:PoorCopy","floor":1.0},{"not_picked":["PokerPlayerMod:Diamond1","PokerPlayerMod:Club4"],"picked":"PokerPlayerMod:Diamond4","floor":2.0},{"not_picked":["PokerPlayerMod:Harden","PokerPlayerMod:Spade1"],"picked":"PokerPlayerMod:Club4","floor":5.0},{"not_picked":["PokerPlayerMod:Heart1","PokerPlayerMod:MagicTrick"],"picked":"PokerPlayerMod:SecondChance","floor":6.0},{"not_picked":["PokerPlayerMod:Spade7","PokerPlayerMod:Spade3"],"picked":"PokerPlayerMod:Club4","floor":8.0},{"not_picked":["PokerPlayerMod:Raise","PokerPlayerMod:Club1"],"picked":"PokerPlayerMod:FillThePot","floor":13.0},{"not_picked":["PokerPlayerMod:DiamondStrike","PokerPlayerMod:Heart10+"],"picked":"PokerPlayerMod:ClubShade","floor":14.0},{"not_picked":["PokerPlayerMod:Diamond10+","PokerPlayerMod:Club8"],"picked":"PokerPlayerMod:RoyalStrike","floor":16.0},{"not_picked":["PokerPlayerMod:Diamond3","PokerPlayerMod:MagicTrick"],"picked":"PokerPlayerMod:CloakAndDiamond","floor":18.0},{"not_picked":["PokerPlayerMod:CloakAndDiamond","PokerPlayerMod:Spade2"],"picked":"PokerPlayerMod:FillThePot","floor":20.0},{"not_picked":["PokerPlayerMod:Club2","PokerPlayerMod:Diamond3"],"picked":"PokerPlayerMod:Spade4","floor":22.0},{"not_picked":["PokerPlayerMod:DartThrow","PokerPlayerMod:Heart1"],"picked":"PokerPlayerMod:ClubStrike","floor":23}],"player_experience":177179,"relics_obtained":[{"floor":6.0,"key":"AT_ChloranthyRing"},{"floor":8.0,"key":"AT_SpeedBoots"},{"floor":14.0,"key":"Dota2Spire:MantaStyle"},{"floor":23,"key":"reliquary:JackalopeAntler"}],"event_choices":[{"damage_healed":0.0,"max_hp_gain":0.0,"max_hp_loss":0.0,"gold_gain":0.0,"event_name":"Golden Wing","player_choice":"Ignored","floor":3.0,"gold_loss":0.0,"damage_taken":0.0},{"damage_healed":0.0,"max_hp_gain":0.0,"max_hp_loss":0.0,"gold_gain":0.0,"event_name":"PokerPlayerMod:ExordiumClub","player_choice":"Jackpot","floor":4.0,"gold_loss":0.0,"damage_taken":0.0,"cards_obtained":["PokerPlayerMod:Club2","PokerPlayerMod:Club3","PokerPlayerMod:Club4","PokerPlayerMod:Club5","PokerPlayerMod:Club6"]},{"damage_healed":0.0,"max_hp_gain":0.0,"max_hp_loss":0.0,"gold_gain":0.0,"event_name":"PokerPlayerMod:ExordiumClub","player_choice":"Jackpot","floor":4.0,"gold_loss":0.0,"damage_taken":0.0,"cards_obtained":["PokerPlayerMod:Club2","PokerPlayerMod:Club3","PokerPlayerMod:Club4","PokerPlayerMod:Club5","PokerPlayerMod:Club6"]},{"damage_healed":0.0,"max_hp_gain":0.0,"max_hp_loss":0.0,"gold_gain":0.0,"event_name":"PokerPlayerMod:ExordiumClub","player_choice":"Jackpot","floor":4.0,"gold_loss":0.0,"damage_taken":0.0,"cards_obtained":["PokerPlayerMod:Club2","PokerPlayerMod:Club3","PokerPlayerMod:Club4","PokerPlayerMod:Club5","PokerPlayerMod:Club6"]},{"damage_healed":0.0,"max_hp_gain":0.0,"max_hp_loss":0.0,"gold_gain":0.0,"event_name":"PokerPlayerMod:ExordiumClub","player_choice":"Jackpot","floor":4.0,"gold_loss":0.0,"damage_taken":0.0,"cards_obtained":["PokerPlayerMod:Club2","PokerPlayerMod:Club3","PokerPlayerMod:Club4","PokerPlayerMod:Club5","PokerPlayerMod:Club6"]},{"damage_healed":0.0,"max_hp_gain":0.0,"max_hp_loss":0.0,"gold_gain":0.0,"event_name":"PokerPlayerMod:ExordiumClub","player_choice":"Jackpot","floor":4.0,"gold_loss":0.0,"damage_taken":0.0,"cards_obtained":["PokerPlayerMod:Club2","PokerPlayerMod:Club3","PokerPlayerMod:Club4","PokerPlayerMod:Club5","PokerPlayerMod:Club6"]},{"damage_healed":0.0,"max_hp_gain":0.0,"max_hp_loss":0.0,"gold_gain":0.0,"event_name":"Shining Light","player_choice":"Entered Light","floor":10.0,"gold_loss":0.0,"damage_taken":10.0,"cards_upgraded":["PokerPlayerMod:BadJoker","PokerPlayerMod:TrumpStrike"]},{"damage_healed":0.0,"max_hp_gain":0.0,"max_hp_loss":26.0,"gold_gain":0.0,"event_name":"Ghosts","player_choice":"Became a Ghost","floor":19.0,"gold_loss":0.0,"damage_taken":0.0,"cards_obtained":["Ghostly","Ghostly","Ghostly","Ghostly","Ghostly"]}],"is_beta":false,"boss_relics":[{"not_picked":["Ectoplasm","AT_TrinityForce"],"picked":"energizedSpire:MagnifyingGlass"},{"not_picked":[]}],"items_purged_floors":[],"is_endless":false,"potions_floor_spawned":[1,6,16,20,23],"killed_by":"Centurion and Healer","ascension_level":1}}