{"host":"swc5gdc7cm0k0g7l","time":1613237538,"event":{"mods":["AchievementEnabler","Act Like it!","Aspiration","BaseMod","BetterRewards","Colored Map","Colored Powertips","Downfall","Duelist Mod","Gensokyo","Hermit","Highlight Path","Hubris","Infinite Spire","Jorbs\u0027s Wanderer Trilogy","Koishi","Minty Spire (QoL Compilation)","Quick Restart","Replay The Spire","Shop Mod","StSLib","SuperFastMode","The Animator"],"gold_per_floor":[145,165,165,178,178,205,205,240,240,253,266,25,53,63,63,160,160,171,183,183,194,194,219,219,253,277,289,315,315,326,326,326,429,429,444,496,496,496,127,207,219,229,256,273,273,304,304,304],"floor_reached":47,"language":"ENG","playtime":3287,"items_purged":["theDuelist:StatueAnguishPattern"],"score":773,"play_id":"e5d7c3fa-667a-4877-a084-2f4885d44888","local_time":"20210213123218","is_ascension_mode":true,"campfire_choices":[{"data":"Mayhem","floor":7,"key":"SMITH"},{"data":"ReplayTheSpireMod:Faulty Equipment","floor":15,"key":"SMITH"},{"floor":24,"key":"REST"},{"floor":29,"key":"REST"},{"floor":32,"key":"REST"}],"circlet_count":0,"master_deck":["theDuelist:CastleWalls","theDuelist:MysticalElf+1","theDuelist:TimeWizard","theDuelist:IrisEarthMother","theDuelist:MysticalElf+1","theDuelist:NeoMagic","theDuelist:Sparks","theDuelist:CastleWalls","theDuelist:GeminiElf+1","theDuelist:InjectionFairy","theDuelist:SilentDoom+1","theDuelist:GrandSpellbookTower+1","theDuelist:Sparks","theDuelist:IrisEarthMother+1","theDuelist:NeoMagic+1","theDuelist:RainbowOverdragon","theDuelist:IrisEarthMother+1","theDuelist:Sparks+1","theDuelist:InariFire","theDuelist:DarkMagician","theDuelist:ApprenticeIllusionMagician+2","theDuelist:ApprenticeIllusionMagician","theDuelist:LegendaryFlameLord+1","theDuelist:InjectionFairy","theDuelist:FuryFire","theDuelist:ApprenticeIllusionMagician","theDuelist:BlueDragonSummoner","theDuelist:CallAtlanteans","Mayhem+1","Mayhem+1","theDuelist:VoidExpansion","theDuelist:WhiteMagicalHat+1","theDuelist:CircleFireKings","theDuelist:SpiritHarp+1"],"relics":["theDuelist:MillenniumPuzzle","theDuelist:CardPoolRelic","theDuelist:CardPoolBasicRelic","theDuelist:BoosterPackPoolRelic","theDuelist:CardPoolAddRelic","theDuelist:CardPoolMinusRelic","theDuelist:CardPoolSaveRelic","theDuelist:CardPoolOptionsRelic","ReplayTheSpireMod:Ring of Collecting","Pen Nib","Gremlin Food","Ring of Fangs","MerchantsRug","DollysMirror","Red Skull","Fusion Hammer","Sozu","hubris:PeanutButter","hubris:DeckOfHolding","Replay:Wax Seal","theDuelist:TributeEggRelic","theDuelist:MetronomeRelicD","Black Star","Whetstone","Boot","Guide Book","Oddly Smooth Stone","hubris:MobiusCoin","theDuelist:AeroRelic","ReplayTheSpireMod:Ninjato","infinitespire:Satchel"],"acts_visited":["Gensokyo:Gensokyo","Gensokyo:Gensokyoer","TheBeyond"],"potions_floor_usage":[10,19,23,28],"damage_taken":[{"damage":0,"enemies":"Gensokyo:Python","floor":1,"turns":4},{"damage":1,"enemies":"Gensokyo:2_Kodama","floor":2,"turns":4},{"damage":0,"enemies":"Gensokyo:Gryphon","floor":4,"turns":3},{"damage":7,"enemies":"Gensokyo:Cirno","floor":6,"turns":6},{"damage":5,"enemies":"Gensokyo:Mamizou","floor":8,"turns":8},{"damage":13,"enemies":"Gensokyo:3_Kodama","floor":10,"turns":5},{"damage":14,"enemies":"Gensokyo:VengefulSpirit","floor":11,"turns":4},{"damage":10,"enemies":"Gensokyo:Aya","floor":13,"turns":7},{"damage":11,"enemies":"Gensokyo:2_Rabbits","floor":14,"turns":3},{"damage":7,"enemies":"Gensokyo:Kokoro","floor":16,"turns":9},{"damage":18,"enemies":"Gensokyo:AngelMirror","floor":18,"turns":4},{"damage":8,"enemies":"Gensokyo:CosmicMonolith","floor":19,"turns":4},{"damage":27,"enemies":"Gensokyo:Wraith","floor":21,"turns":5},{"damage":27,"enemies":"Gensokyo:Koishi","floor":23,"turns":6},{"damage":10,"enemies":"Gensokyo:Reisen","floor":25,"turns":7},{"damage":13,"enemies":"Gensokyo:Mirror_and_Dog","floor":27,"turns":5},{"damage":61,"enemies":"Gensokyo:Tenshi","floor":28,"turns":4},{"damage":25,"enemies":"Gensokyo:Slime_Group","floor":30,"turns":5},{"damage":0,"enemies":"Gensokyo:Eternal_Rivals","floor":33,"turns":9},{"damage":0,"enemies":"3 Shapes","floor":35,"turns":6},{"damage":0,"enemies":"Giant Head","floor":40,"turns":8},{"damage":34,"enemies":"3 Darklings","floor":41,"turns":5},{"damage":29,"enemies":"Spire Growth","floor":42,"turns":5},{"damage":19,"enemies":"4 Shapes","floor":44,"turns":5},{"damage":65,"enemies":"Reptomancer","floor":46,"turns":6},{"damage":27,"enemies":"Jaw Worm Horde","floor":47,"turns":1}],"seed_played":"-8899070110078259130","potions_obtained":[{"floor":2,"key":"theDuelist:BigTributeBottle"},{"floor":6,"key":"theDuelist:IcePotion"},{"floor":8,"key":"infinitespire:BlackPotion"},{"floor":10,"key":"theDuelist:LavaBottle"},{"floor":11,"key":"Swift Potion"},{"floor":18,"key":"ColorlessPotion"}],"is_trial":false,"path_per_floor":["M","M","?","M","?","E","R","E","T","M","M","$","E","M","R","B",null,"M","M","?","M","AVR","E","R","E","T","M","E","R","M","?","R","B",null,"M","?","AVR","?","$","E","M","M","T","M","?","E","M"],"character_chosen":"THE_DUELIST","items_purchased":["MerchantsRug","DollysMirror","Boot","Guide Book","theDuelist:InariFire"],"campfire_rested":3,"item_purchase_floors":[12,12,39,39,39],"current_hp_per_floor":[88,87,88,88,88,81,81,76,76,63,49,49,51,44,44,45,88,70,66,75,64,64,49,75,81,81,72,19,45,32,26,52,72,88,88,66,66,66,66,78,48,27,27,16,77,16,0,0],"gold":304,"neow_bonus":"TEN_PERCENT_HP_BONUS","is_daily":false,"chose_seed":false,"campfire_upgraded":2,"win_rate":0.0,"timestamp":1613237538,"path_taken":["M","M","?","?","?","E","R","E","T","M","M","$","E","M","R","BOSS","M","M","?","M","AVR","E","R","E","T","?","E","R","M","?","R","BOSS","M","?","AVR","?","$","E","M","M","T","?","?","E","M"],"items_purchased_type":["Relic","Relic","Relic","Relic","Card"],"build_version":"2020-12-22","purchased_purges":1,"victory":false,"max_hp_per_floor":[88,88,88,88,88,88,88,88,88,88,88,88,88,88,88,88,88,88,88,88,88,88,88,88,88,88,88,88,88,88,88,88,88,88,88,88,88,88,88,88,88,88,88,88,77,77,77,77],"card_choices":[{"not_picked":["theDuelist:BlizzardWarrior","theDuelist:DarkMagician","theDuelist:BlueDragonSummoner","theDuelist:SpiritHarp"],"picked":"theDuelist:LegendaryFlameLord","floor":1},{"not_picked":["theDuelist:RedMedicine","theDuelist:EvilswarmHeliotrope","theDuelist:ShardGreed","theDuelist:RainbowLife"],"picked":"theDuelist:RainbowOverdragon","floor":2},{"not_picked":["theDuelist:MillenniumGolem","theDuelist:MudragonSwamp","theDuelist:RainbowOverdragon","theDuelist:Sangan"],"picked":"theDuelist:FuryFire","floor":4},{"not_picked":["Deep Breath","Metamorphosis","Trip"],"picked":"Mayhem","floor":6},{"not_picked":["theDuelist:LegendaryExodia","theDuelist:CircleFireKings","theDuelist:MysticalElf","theDuelist:InfernoFireBlast"],"picked":"theDuelist:TimeWizard","floor":8},{"not_picked":["theDuelist:SilentDoom","theDuelist:ExodiaLL","theDuelist:CosmoBrain","theDuelist:MindAir"],"picked":"theDuelist:ApprenticeIllusionMagician","floor":10},{"not_picked":["theDuelist:MagicalBlast","theDuelist:WitchBlackRose","theDuelist:AncientElf","theDuelist:CosmoBrain"],"picked":"theDuelist:InjectionFairy","floor":11},{"not_picked":["theDuelist:NeoMagic","theDuelist:ExodiaRL","theDuelist:DarkMagician","theDuelist:OnslaughtFireKings"],"picked":"theDuelist:BlueDragonSummoner","floor":13},{"not_picked":["theDuelist:RainbowMagician","theDuelist:RainbowKuriboh","theDuelist:RainbowOverdragon","theDuelist:RainbowDarkDragon"],"picked":"theDuelist:IrisEarthMother","floor":14},{"not_picked":["theDuelist:Wildfire","theDuelist:RainbowMagician","theDuelist:ThousandEyesRestrict","theDuelist:SangaWater"],"picked":"theDuelist:GrandSpellbookTower","floor":16},{"not_picked":["theDuelist:BlizzardWarrior+1","theDuelist:SpiritHarp","theDuelist:DarkMagicianGirl","theDuelist:AltarTribute"],"picked":"theDuelist:ApprenticeIllusionMagician","floor":18},{"not_picked":["theDuelist:SpellShatteringArrow+1","theDuelist:SangaThunder","theDuelist:NeoMagic","theDuelist:SilentDoom+1"],"picked":"theDuelist:InjectionFairy","floor":19},{"not_picked":["theDuelist:BattleOx","theDuelist:Blockman","theDuelist:Hinotama","theDuelist:Sangan+1","theDuelist:Mathematician"],"picked":"SKIP","floor":21},{"not_picked":["theDuelist:IcyCrevasse","theDuelist:BadReaction","theDuelist:WhiteHowling+1","theDuelist:Graverobber"],"picked":"theDuelist:StatueAnguishPattern","floor":23},{"not_picked":["theDuelist:CrystalWingDragon+1","theDuelist:BlueBloodedOni","theDuelist:GreenGraveOni","theDuelist:PurplePainOni+1","theDuelist:RedHeadedOni"],"picked":"SKIP","floor":25},{"not_picked":["theDuelist:MagiciansRod","theDuelist:InariFire","theDuelist:BadReaction"],"picked":"theDuelist:VoidExpansion","floor":27},{"not_picked":["theDuelist:MythicalBeast","theDuelist:MindAir","theDuelist:Graverobber","theDuelist:WitchBlackRose"],"picked":"theDuelist:GeminiElf+1","floor":28},{"not_picked":["theDuelist:ClearKuriboh","theDuelist:LightningDarts+1","theDuelist:MagicalStone+1","theDuelist:Wiretap"],"picked":"theDuelist:SilentDoom+1","floor":30},{"not_picked":["theDuelist:RainbowDarkDragon","theDuelist:RainbowMagician","theDuelist:RainbowKuriboh","theDuelist:RainbowOverdragon"],"picked":"theDuelist:IrisEarthMother+1","floor":33},{"not_picked":["theDuelist:BlizzardWarrior+1","theDuelist:DarkMagicianGirl+1","theDuelist:Mudballman+1","theDuelist:WhiteMagicalHat"],"picked":"theDuelist:CallAtlanteans","floor":35},{"not_picked":["theDuelist:MagicalBlast+1","theDuelist:BlizzardPrincess"],"picked":"theDuelist:ApprenticeIllusionMagician+2","floor":36},{"not_picked":["theDuelist:RainbowDarkDragon","theDuelist:RainbowMagician","theDuelist:RainbowOverdragon+1"],"picked":"theDuelist:IrisEarthMother","floor":40},{"not_picked":["theDuelist:EvilswarmHeliotrope+1","theDuelist:GoldenApples+1","theDuelist:EarthGiant","theDuelist:ReinforcementsArmy+1","theDuelist:MirrorForce"],"picked":"SKIP","floor":41},{"not_picked":["theDuelist:LegendaryExodia","theDuelist:SangaThunder","theDuelist:LordD","theDuelist:DarkMagicianGirl"],"picked":"theDuelist:WhiteMagicalHat+1","floor":42},{"not_picked":["theDuelist:ApprenticeIllusionMagician","theDuelist:TimeWizard+1","theDuelist:MagicalBlast+1","theDuelist:ExodiaLA"],"picked":"theDuelist:CircleFireKings","floor":44},{"not_picked":["theDuelist:SangaThunder+1","theDuelist:CallAtlanteans+1","theDuelist:ThousandEyesIdol","theDuelist:SpellShatteringArrow"],"picked":"theDuelist:SpiritHarp+1","floor":46}],"player_experience":89242,"relics_obtained":[{"floor":5,"key":"ReplayTheSpireMod:Ring of Collecting"},{"floor":6,"key":"Pen Nib"},{"floor":8,"key":"Gremlin Food"},{"floor":9,"key":"theDuelist:MonsterEggRelic"},{"floor":9,"key":"Ring of Fangs"},{"floor":13,"key":"Red Skull"},{"floor":23,"key":"hubris:PeanutButter"},{"floor":25,"key":"hubris:DeckOfHolding"},{"floor":26,"key":"Replay:Wax Seal"},{"floor":28,"key":"theDuelist:TributeEggRelic"},{"floor":40,"key":"Oddly Smooth Stone"},{"floor":40,"key":"hubris:MobiusCoin"},{"floor":43,"key":"theDuelist:AeroRelic"},{"floor":46,"key":"ReplayTheSpireMod:Ninjato"},{"floor":46,"key":"infinitespire:Satchel"}],"event_choices":[{"damage_healed":0,"gold_gain":0,"player_choice":"Dig - random Duelist relic","duelist":true,"damage_taken":0,"max_hp_gain":0,"max_hp_loss":0,"event_name":"Aknamkanon\u0027s Tomb","floor":31,"gold_loss":0},{"damage_healed":0,"gold_gain":0,"player_choice":"Leave","duelist":true,"damage_taken":0,"max_hp_gain":0,"max_hp_loss":0,"event_name":"Millennium Items","floor":38,"gold_loss":0},{"damage_healed":77,"gold_gain":0,"player_choice":"Heal","damage_taken":0,"max_hp_gain":0,"max_hp_loss":11,"event_name":"The Moai Head","floor":45,"gold_loss":0}],"is_beta":false,"boss_relics":[{"not_picked":["Honey Jar","theDuelist:MillenniumKey"],"picked":"Fusion Hammer"},{"not_picked":["infinitespire:Burning Sword","hubris:HollowSoul"],"picked":"Black Star"}],"items_purged_floors":[37],"is_endless":false,"potions_floor_spawned":[2,6,8,10,11,16,18,21,30,33,35,40,42],"killed_by":"Jaw Worm Horde","ascension_level":3}}