{"host":"fx4ma24vdin0c28l","time":1613180396,"event":{"mods":["AchievementEnabler","BaseMod","Colored Map","Colored Powertips","Minty Spire (QoL Compilation)","Quick Restart"],"gold_per_floor":[9999,8838,8848,8866,8883,8883,8910,8910,8935,8968,8985,9049,9095,9095,9095,9193,9243,9257,9172,8341,8360,8360,8360,8390,8390,8390,8390,8413,8425,3549,3549,3549,3648,3648,3660,3673,3673,3228,2963,2997,2997,3031,3055,3055,3075,3075,3104,3120,3120,3120,3120,3120,2844,2876,2876],"floor_reached":56,"language":"ENG","playtime":1616,"items_purged":["Defend_R","Strike_R","Strike_R","Strike_R","Defend_R","Defend_R"],"score":1841,"play_id":"24c35f53-4778-4829-8049-6db60f7b4ae3","local_time":"20210212203956","is_ascension_mode":true,"campfire_choices":[{"data":"Heavy Blade","floor":6,"key":"SMITH"},{"floor":15,"key":"RECALL"},{"data":"Limit Break","floor":23,"key":"SMITH"},{"data":"Heavy Blade","floor":25,"key":"SMITH"},{"data":"Mind Blast","floor":27,"key":"SMITH"},{"floor":32,"key":"DIG"},{"data":"Dramatic Entrance","floor":41,"key":"SMITH"},{"data":"Master of Strategy","floor":44,"key":"SMITH"},{"data":"Violence","floor":49,"key":"SMITH"},{"data":"Cleave","floor":52,"key":"SMITH"}],"circlet_count":3,"master_deck":["Strike_R","Strike_R","Defend_R+1","Bash","Twin Strike","Mind Blast+1","Violence+1","Heavy Blade+1","Uppercut+1","Clash+1","Cleave+1","Rage","Rampage+1","Limit Break+1","Heavy Blade+1","Flex+1","Master of Strategy+1","Flex","Flex","Flex","Flex","Dramatic Entrance+1","Cleave+1","Madness+1","Good Instincts+1","Swift Strike+1","Mind Blast+1","RitualDagger+1","Flex+1","Thunderclap+1","Twin Strike+1","Dramatic Entrance+1","Panache+1","Inflame+1","Clash+1","Clash+1"],"relics":["Burning Blood","HornCleat","Tiny Chest","Brimstone","Centennial Puzzle","Bag of Marbles","Ancient Tea Set","Art of War","Tiny House","Red Skull","Chemical X","Lantern","War Paint","Peace Pipe","The Courier","Vajra","Oddly Smooth Stone","Cauldron","Boot","Bottled Lightning","Lizard Tail","Toy Ornithopter","Omamori","Juzu Bracelet","Shovel","Meat on the Bone","Kunai","Bronze Scales","PreservedInsect","Orichalcum","MealTicket","Paper Frog","Question Card","Whetstone","White Beast Statue","Potion Belt","Happy Flower","Strawberry","Pear","Calipers","Pocketwatch","WingedGreaves","Bag of Preparation","Molten Egg 2","Pen Nib","Blue Candle","Anchor","Matryoshka","Self Forming Clay","Mango","Nunchaku","InkBottle","Ginger","Blood Vial","Darkstone Periapt","Eternal Feather","Regal Pillow","Frozen Egg 2","Bird Faced Urn","Champion Belt","Letter Opener","Sundial","Ornamental Fan","Gremlin Horn","Shuriken","Pantograph","Torii","Singing Bowl","Toxic Egg 2","Mummified Hand","Unceasing Top","TungstenRod","Ice Cream","Prayer Wheel","FossilizedHelix","StoneCalendar","Mercury Hourglass","Thread and Needle","Dead Branch","CaptainsWheel","Magic Flower","Charon\u0027s Ashes","Incense Burner","Gambling Chip","Circlet","Du-Vu Doll","Bottled Flame","Calling Bell","TheAbacus","Sling","ClockworkSouvenir"],"acts_visited":["Exordium","TheCity","TheBeyond","TheEnding"],"potions_floor_usage":[10,16,21,21,55,55,55,55],"damage_taken":[{"damage":11,"enemies":"Cultist","floor":1,"turns":4},{"damage":7,"enemies":"2 Louse","floor":3,"turns":2},{"damage":13,"enemies":"Jaw Worm","floor":4,"turns":2},{"damage":9,"enemies":"3 Louse","floor":5,"turns":2},{"damage":8,"enemies":"Lagavulin","floor":7,"turns":3},{"damage":10,"enemies":"3 Sentries","floor":10,"turns":3},{"damage":0,"enemies":"Large Slime","floor":11,"turns":1},{"damage":8,"enemies":"Lagavulin Event","floor":12,"turns":3},{"damage":61,"enemies":"Hexaghost","floor":16,"turns":7},{"damage":16,"enemies":"Shell Parasite","floor":18,"turns":3},{"damage":19,"enemies":"3 Byrds","floor":21,"turns":3},{"damage":12,"enemies":"Gremlin Leader","floor":24,"turns":2},{"damage":11,"enemies":"Shelled Parasite and Fungi","floor":29,"turns":2},{"damage":0,"enemies":"Automaton","floor":33,"turns":3},{"damage":0,"enemies":"Orb Walker","floor":35,"turns":1},{"damage":3,"enemies":"3 Shapes","floor":36,"turns":1},{"damage":0,"enemies":"Reptomancer","floor":40,"turns":1},{"damage":0,"enemies":"Giant Head","floor":42,"turns":1},{"damage":0,"enemies":"Jaw Worm Horde","floor":45,"turns":1},{"damage":0,"enemies":"Reptomancer","floor":47,"turns":1},{"damage":0,"enemies":"4 Shapes","floor":48,"turns":1},{"damage":0,"enemies":"Awakened One","floor":50,"turns":3},{"damage":0,"enemies":"Shield and Spear","floor":54,"turns":1},{"damage":27,"enemies":"The Heart","floor":55,"turns":4}],"seed_played":"-5655175868146150336","potions_obtained":[{"floor":10,"key":"Swift Potion"},{"floor":17,"key":"Block Potion"},{"floor":24,"key":"ColorlessPotion"},{"floor":29,"key":"Dexterity Potion"},{"floor":30,"key":"Explosive Potion"},{"floor":30,"key":"GamblersBrew"},{"floor":30,"key":"Regen Potion"},{"floor":30,"key":"SteroidPotion"},{"floor":30,"key":"Strength Potion"},{"floor":45,"key":"FairyPotion"}],"is_trial":false,"path_per_floor":["M","$","M","M","M","R","E","?","T","E","M","?","T","?","R","B",null,"M","?","$","M","?","R","E","R","T","R","T","M","$","?","R","B",null,"M","M","?","$","$","E","R","E","T","R","M","T","E","M","R","B",null,"R","$","E","B",null],"character_chosen":"IRONCLAD","items_purchased":["HornCleat","Tiny Chest","Brimstone","Mind Blast","Violence","Heavy Blade","Strength Potion","BloodPotion","Swift Potion","Uppercut","Chemical X","Lantern","War Paint","Master of Strategy","Fruit Juice","Oddly Smooth Stone","Cauldron","Boot","Bottled Lightning","Lizard Tail","Toy Ornithopter","Omamori","Juzu Bracelet","Shovel","Meat on the Bone","Kunai","Bronze Scales","PreservedInsect","Orichalcum","MealTicket","Paper Frog","Question Card","Whetstone","White Beast Statue","Potion Belt","Dramatic Entrance","Happy Flower","Strawberry","Pear","Calipers","Pocketwatch","WingedGreaves","Bag of Preparation","Molten Egg 2","Pen Nib","Blue Candle","Anchor","Matryoshka","Self Forming Clay","Mango","Nunchaku","InkBottle","Ginger","Blood Vial","Darkstone Periapt","Eternal Feather","Regal Pillow","Frozen Egg 2","Bird Faced Urn","Champion Belt","Letter Opener","Sundial","Ornamental Fan","Gremlin Horn","Cleave+1","Shuriken","Pantograph","Torii","Singing Bowl","Toxic Egg 2","Mummified Hand","Unceasing Top","TungstenRod","Ice Cream","Prayer Wheel","FossilizedHelix","StoneCalendar","Mercury Hourglass","Thread and Needle","Dead Branch","CaptainsWheel","Magic Flower","Charon\u0027s Ashes","Incense Burner","Gambling Chip","Circlet","Circlet","Circlet","Du-Vu Doll","Bottled Flame","Madness+1","Good Instincts+1","Swift Strike+1","Mind Blast+1","AttackPotion","ColorlessPotion","TheAbacus","Panache+1","Inflame+1","Sling","ClockworkSouvenir"],"campfire_rested":0,"item_purchase_floors":[2,2,2,2,2,2,2,2,2,2,20,20,20,20,20,30,30,30,30,30,30,30,30,30,30,30,30,30,30,30,30,30,30,30,30,30,30,30,30,30,30,30,30,30,30,30,30,30,30,30,30,30,30,30,30,30,30,30,30,30,30,30,30,30,30,30,30,30,30,30,30,30,30,30,30,30,30,30,30,30,30,30,30,30,30,30,30,30,30,30,30,30,30,30,30,30,38,38,38,39,53],"current_hp_per_floor":[91,91,90,83,80,80,78,69,69,84,90,88,88,88,88,33,101,91,91,91,83,83,83,77,77,77,77,77,72,103,98,116,139,139,139,141,141,141,141,143,143,143,143,143,145,145,147,151,151,151,151,151,151,153,135],"gold":2876,"neow_bonus":"TWENTY_PERCENT_HP_BONUS","is_daily":false,"chose_seed":false,"campfire_upgraded":8,"win_rate":0.0,"timestamp":1613180396,"path_taken":["M","$","M","M","M","R","E","?","T","E","?","?","?","?","R","BOSS","M","?","$","M","?","R","E","R","T","R","?","?","$","?","R","BOSS","M","M","?","$","$","E","R","E","T","R","M","?","E","M","R","BOSS","R","$","E","BOSS"],"items_purchased_type":["Relic","Relic","Relic","Card","Card","Card","Potion","Potion","Potion","Card","Relic","Relic","Relic","Card","Potion","Relic","Relic","Relic","Relic","Relic","Relic","Relic","Relic","Relic","Relic","Relic","Relic","Relic","Relic","Relic","Relic","Relic","Relic","Relic","Relic","Card","Relic","Relic","Relic","Relic","Relic","Relic","Relic","Relic","Relic","Relic","Relic","Relic","Relic","Relic","Relic","Relic","Relic","Relic","Relic","Relic","Relic","Relic","Relic","Relic","Relic","Relic","Relic","Relic","Card","Relic","Relic","Relic","Relic","Relic","Relic","Relic","Relic","Relic","Relic","Relic","Relic","Relic","Relic","Relic","Relic","Relic","Relic","Relic","Relic","Undefined","Undefined","Undefined","Relic","Relic","Card","Card","Card","Card","Potion","Potion","Relic","Card","Card","Relic","Relic"],"build_version":"2020-12-22","purchased_purges":6,"victory":true,"max_hp_per_floor":[96,96,96,96,96,96,96,96,96,96,96,96,96,96,96,96,101,101,101,101,106,106,106,106,106,106,106,106,106,137,137,137,139,139,139,141,141,141,141,143,143,143,143,143,145,145,147,151,151,151,151,151,151,153,153],"card_choices":[{"not_picked":["Clothesline","Disarm"],"picked":"Twin Strike","floor":1},{"not_picked":["Sever Soul","Dark Embrace","True Grit"],"picked":"SKIP","floor":3},{"not_picked":["Body Slam","Sentinel"],"picked":"Clash","floor":4},{"not_picked":["Thunderclap","Carnage"],"picked":"Cleave","floor":5},{"not_picked":["Sever Soul","Warcry"],"picked":"Rage","floor":7},{"not_picked":["Warcry","Iron Wave","Headbutt"],"picked":"SKIP","floor":10},{"not_picked":["Sword Boomerang","Reckless Charge","Dual Wield"],"picked":"SKIP","floor":11},{"not_picked":["Wild Strike","Barricade"],"picked":"Rampage","floor":12},{"not_picked":["Corruption","Barricade"],"picked":"Limit Break","floor":16},{"not_picked":["Warcry","Anger"],"picked":"Heavy Blade","floor":17},{"not_picked":["Perfected Strike","Cleave+1"],"picked":"Flex","floor":18},{"not_picked":["Spot Weakness","Reaper"],"picked":"Flex","floor":21},{"not_picked":["Havoc","Sword Boomerang+1"],"picked":"Flex","floor":24},{"not_picked":["Sentinel","Carnage+1"],"picked":"Flex","floor":29},{"not_picked":["Berserk+1","Reaper+1","Offering+1","Corruption+1"],"picked":"Singing Bowl","floor":33},{"not_picked":["Bloodletting+1","Warcry+1","Entrench+1"],"picked":"Flex+1","floor":35},{"not_picked":["Bloodletting+1","Rupture+1","Cleave+1"],"picked":"Thunderclap+1","floor":35},{"not_picked":["Havoc+1","Iron Wave+1","Hemokinesis+1","Sever Soul+1"],"picked":"Singing Bowl","floor":36},{"not_picked":["Heavy Blade+1","Warcry+1","Sword Boomerang+1"],"picked":"Twin Strike+1","floor":36},{"not_picked":["Purity+1","Enlightenment+1","Madness+1"],"picked":"Dramatic Entrance+1","floor":37},{"not_picked":["Pommel Strike+1","Wild Strike+1","Second Wind+1","Rupture+1"],"picked":"Singing Bowl","floor":40},{"not_picked":["Burning Pact+1","Body Slam+1","Metallicize+1"],"picked":"Clash+1","floor":42},{"not_picked":["Iron Wave+1","Berserk+1","Anger+1","Sword Boomerang+1"],"picked":"Singing Bowl","floor":45},{"not_picked":["Headbutt+1","Shrug It Off+1","Armaments+1"],"picked":"Clash+1","floor":45},{"not_picked":["Perfected Strike+1","Clash+1","Sword Boomerang+1","Iron Wave+1"],"picked":"Singing Bowl","floor":47},{"not_picked":["Iron Wave+1","True Grit+1","Intimidate+1","Battle Trance+1"],"picked":"Singing Bowl","floor":48},{"not_picked":["Dual Wield+1","Thunderclap+1","Twin Strike+1","Armaments+1"],"picked":"Singing Bowl","floor":48},{"not_picked":["Warcry+1","Rampage+1","Corruption+1","Carnage+1"],"picked":"Singing Bowl","floor":54}],"player_experience":62939,"relics_obtained":[{"floor":7,"key":"Centennial Puzzle"},{"floor":10,"key":"Bag of Marbles"},{"floor":12,"key":"Ancient Tea Set"},{"floor":13,"key":"Art of War"},{"floor":24,"key":"Peace Pipe"},{"floor":26,"key":"The Courier"},{"floor":28,"key":"Vajra"}],"event_choices":[{"damage_healed":0,"gold_gain":0,"player_choice":"Damaged","damage_taken":9,"max_hp_gain":0,"max_hp_loss":0,"event_name":"Wheel of Change","floor":8,"gold_loss":0},{"damage_healed":0,"gold_gain":0,"player_choice":"Searched \u00271\u0027 times","damage_taken":0,"max_hp_gain":0,"max_hp_loss":0,"event_name":"Dead Adventurer","floor":12,"gold_loss":0},{"damage_healed":0,"gold_gain":0,"player_choice":"Ignored","damage_taken":0,"max_hp_gain":0,"max_hp_loss":0,"event_name":"Golden Wing","floor":14,"gold_loss":0},{"damage_healed":0,"gold_gain":0,"player_choice":"Obtained Relic","damage_taken":0,"relics_obtained":["Red Skull"],"max_hp_gain":0,"max_hp_loss":0,"event_name":"Addict","floor":19,"gold_loss":85},{"damage_healed":0,"gold_gain":0,"player_choice":"Read","damage_taken":0,"max_hp_gain":0,"max_hp_loss":0,"event_name":"The Library","floor":22,"gold_loss":0,"cards_obtained":["Flex"]},{"damage_healed":0,"gold_gain":0,"player_choice":"Joined the Cult","damage_taken":6,"max_hp_gain":0,"max_hp_loss":0,"event_name":"Nest","floor":31,"gold_loss":0,"cards_obtained":["RitualDagger"]},{"damage_healed":0,"gold_gain":0,"player_choice":"Memory 1","damage_taken":0,"max_hp_gain":0,"max_hp_loss":0,"event_name":"SensoryStone","floor":37,"gold_loss":0}],"is_beta":false,"boss_relics":[{"not_picked":["Pandora\u0027s Box","Cursed Key"],"picked":"Tiny House"},{"not_picked":["Velvet Choker","Busted Crown"],"picked":"Calling Bell"}],"items_purged_floors":[2,20,30,38,39,53],"is_endless":false,"potions_floor_spawned":[4,7,10,12,24,29,33,35,36,40,42,45,47,48,54],"ascension_level":4}}