{"host":"prxrhpgaxnj4om9r","time":1613189571,"event":{"mods":["AchievementEnabler","BaseMod","DeckTracker","Minty Spire (QoL Compilation)"],"gold_per_floor":[128,240,267,294,318,330,376,388,425,460,547,559,237,262,262,262,262],"floor_reached":16,"language":"KOR","playtime":560,"items_purged":[],"score":102,"play_id":"91968503-38cb-47f0-b90f-ea3d2ff72162","local_time":"20210213131251","is_ascension_mode":false,"campfire_choices":[{"data":"Eruption","floor":6,"key":"SMITH"},{"floor":12,"key":"REST"},{"data":"Fasting2","floor":15,"key":"SMITH"}],"circlet_count":0,"master_deck":["Strike_P","Strike_P","Strike_P","Strike_P","Defend_P","Defend_P","Defend_P","Defend_P","Eruption+1","Vigilance","SignatureMove","WheelKick","Evaluate","Halt","Protect","Brilliance","Fasting2+1","Prostrate"],"relics":["PureWater","MawBank","CeramicFish","Potion Belt","Oddly Smooth Stone","ClockworkSouvenir"],"acts_visited":["Exordium"],"potions_floor_usage":[5],"damage_taken":[{"damage":10,"enemies":"Jaw Worm","floor":1,"turns":3},{"damage":0,"enemies":"Cultist","floor":3,"turns":2},{"damage":0,"enemies":"Small Slimes","floor":4,"turns":2},{"damage":0,"enemies":"3 Louse","floor":5,"turns":2},{"damage":31,"enemies":"3 Sentries","floor":7,"turns":9},{"damage":1,"enemies":"Red Slaver","floor":10,"turns":3},{"damage":0,"enemies":"2 Fungi Beasts","floor":14,"turns":2},{"damage":51,"enemies":"The Guardian","floor":16,"turns":4}],"seed_played":"-8015226769492715368","potions_obtained":[{"floor":4,"key":"BottledMiracle"},{"floor":5,"key":"SpeedPotion"},{"floor":7,"key":"SpeedPotion"}],"is_trial":false,"path_per_floor":["M","?","M","M","M","R","E","?","T","M","?","R","$","M","R","B"],"character_chosen":"WATCHER","items_purchased":["Oddly Smooth Stone","ClockworkSouvenir","Fasting2"],"campfire_rested":1,"item_purchase_floors":[13,13,13],"current_hp_per_floor":[62,62,62,62,62,62,31,36,36,35,24,47,47,47,47,0,0],"gold":262,"neow_bonus":"RANDOM_COMMON_RELIC","is_daily":false,"chose_seed":false,"campfire_upgraded":2,"win_rate":0.0,"timestamp":1613189571,"path_taken":["M","?","M","M","?","R","E","?","T","M","?","R","$","M","R","BOSS"],"items_purchased_type":["Relic","Relic","Card"],"build_version":"2020-12-22","purchased_purges":0,"victory":false,"max_hp_per_floor":[72,72,72,72,72,72,72,77,77,77,77,77,77,77,77,77,77],"card_choices":[{"not_picked":["EmptyFist","EmptyBody"],"picked":"SignatureMove","floor":1},{"not_picked":["EmptyFist","Crescendo"],"picked":"WheelKick","floor":3},{"not_picked":["Prostrate","PathToVictory"],"picked":"Evaluate","floor":4},{"not_picked":["Conclude","EmptyFist"],"picked":"Halt","floor":5},{"not_picked":["FollowUp","Perseverance"],"picked":"Protect","floor":7},{"not_picked":["Crescendo","EmptyFist"],"picked":"Brilliance","floor":10},{"not_picked":["FearNoEvil","Evaluate"],"picked":"Prostrate","floor":14}],"player_experience":415498,"relics_obtained":[{"floor":7,"key":"CeramicFish"},{"floor":9,"key":"Potion Belt"}],"event_choices":[{"damage_healed":0,"gold_gain":100,"player_choice":"Pray","damage_taken":0,"max_hp_gain":0,"max_hp_loss":0,"event_name":"Golden Shrine","floor":2,"gold_loss":0},{"damage_healed":0,"gold_gain":0,"player_choice":"Donut","damage_taken":0,"max_hp_gain":5,"max_hp_loss":0,"event_name":"Big Fish","floor":8,"gold_loss":0},{"damage_healed":0,"gold_gain":75,"player_choice":"Gather Gold","damage_taken":11,"max_hp_gain":0,"max_hp_loss":0,"event_name":"World of Goop","floor":11,"gold_loss":0}],"is_beta":false,"boss_relics":[],"items_purged_floors":[],"is_endless":false,"potions_floor_spawned":[4,5,7],"killed_by":"The Guardian","ascension_level":0}}