{"host":"ajak9mjnql5yolum","time":1613257537,"event":{"mods":["BaseMod","Better Match","Better Note","Block Reminder","Colored Powertips","Fox Events","Minty Spire (QoL Compilation)","Shop Mod","StSLib"],"gold_per_floor":[112,123,123,123,140,157,3,15,15,26,43,118,118,143,143,263,326,340,390,403,313,413,413,413,413,413,432,476,491,491,491],"floor_reached":30,"language":"ENG","playtime":1026,"items_purged":[],"score":224,"play_id":"e120d0eb-7f41-4108-81ce-7900072ca161","local_time":"20210213170537","is_ascension_mode":false,"campfire_choices":[{"floor":15,"key":"REST"},{"data":"Bloodletting","floor":23,"key":"SMITH"},{"data":"Clothesline","floor":25,"key":"SMITH"}],"circlet_count":0,"master_deck":["Strike_R","Strike_R","Strike_R","Strike_R","Defend_R","Defend_R+1","Defend_R+1","Defend_R","Bash","Perfected Strike","Perfected Strike","Clothesline+1","Sword Boomerang","Reaper","Heavy Blade","Anger","Flex","Pommel Strike","Demon Form","Bloodletting+1","Carnage","Flex","Clash","Spot Weakness","Anger+1"],"relics":["Burning Blood","MerchantsRug","The Courier","Golden Idol","Tiny House","Question Card","Red Mask"],"acts_visited":["Exordium","TheCity"],"potions_floor_usage":[2,16,16,16,24,28,30],"damage_taken":[{"damage":1,"enemies":"Jaw Worm","floor":1,"turns":3},{"damage":1,"enemies":"Cultist","floor":2,"turns":3},{"damage":6,"enemies":"Small Slimes","floor":5,"turns":3},{"damage":7,"enemies":"Blue Slaver","floor":6,"turns":4},{"damage":26,"enemies":"Exordium Wildlife","floor":8,"turns":4},{"damage":7,"enemies":"Looter","floor":11,"turns":3},{"damage":9,"enemies":"2 Fungi Beasts","floor":14,"turns":2},{"damage":57,"enemies":"Hexaghost","floor":16,"turns":9},{"damage":42,"enemies":"Shell Parasite","floor":18,"turns":6},{"damage":13,"enemies":"Chosen","floor":20,"turns":4},{"damage":0,"enemies":"Snecko","floor":24,"turns":1},{"damage":33,"enemies":"Snake Plant","floor":27,"turns":6},{"damage":18,"enemies":"Masked Bandits","floor":28,"turns":4},{"damage":37,"enemies":"Chosen and Byrds","floor":29,"turns":7},{"damage":6,"enemies":"Centurion and Healer","floor":30,"turns":3}],"seed_played":"-3872069462587210451","potions_obtained":[{"floor":2,"key":"Fruit Juice"},{"floor":4,"key":"HeartOfIron"},{"floor":4,"key":"Fire Potion"},{"floor":4,"key":"SteroidPotion"},{"floor":14,"key":"Swift Potion"},{"floor":17,"key":"SmokeBomb"},{"floor":20,"key":"ElixirPotion"},{"floor":27,"key":"Swift Potion"},{"floor":29,"key":"PowerPotion"}],"is_trial":false,"path_per_floor":["M","M","?","?","M","M","$","M","T","$","M","?","?","M","R","B",null,"M","?","M","?","?","R","M","R","T","M","?","M","M"],"character_chosen":"IRONCLAD","items_purchased":["MerchantsRug","Anger"],"campfire_rested":1,"item_purchase_floors":[7,10],"current_hp_per_floor":[80,85,85,85,85,84,84,64,64,64,63,52,52,49,74,23,90,66,66,65,65,65,65,71,71,71,44,32,14,16,16],"gold":491,"neow_bonus":"TRANSFORM_CARD","is_daily":false,"chose_seed":false,"campfire_upgraded":2,"win_rate":0.0,"timestamp":1613257537,"path_taken":["M","M","?","?","?","M","?","M","T","$","M","?","?","?","R","BOSS","M","?","?","?","?","R","M","R","T","M","?","?","?"],"items_purchased_type":["Relic","Card"],"build_version":"2020-12-22","purchased_purges":0,"victory":false,"max_hp_per_floor":[80,85,85,85,85,85,85,85,85,85,85,85,85,85,85,85,90,90,90,90,90,90,90,90,90,90,90,90,90,90,90],"card_choices":[{"not_picked":["Headbutt","True Grit"],"picked":"Perfected Strike","floor":1},{"not_picked":["Havoc","Disarm"],"picked":"Clothesline","floor":2},{"not_picked":["Headbutt","Hemokinesis"],"picked":"Sword Boomerang","floor":5},{"not_picked":["Combust","Reckless Charge"],"picked":"Reaper","floor":6},{"not_picked":["Wild Strike","Shrug It Off"],"picked":"Heavy Blade","floor":8},{"not_picked":["Perfected Strike","True Grit"],"picked":"Flex","floor":11},{"not_picked":["Sword Boomerang","Sentinel"],"picked":"Pommel Strike","floor":14},{"not_picked":["Barricade","Double Tap"],"picked":"Demon Form","floor":16},{"not_picked":["Havoc","Clash"],"picked":"Bloodletting","floor":17},{"not_picked":["Pummel","Intimidate"],"picked":"Carnage","floor":18},{"not_picked":["Twin Strike","Flame Barrier"],"picked":"Flex","floor":20},{"not_picked":["Rupture","Warcry+1","Armaments+1"],"picked":"Clash","floor":27},{"not_picked":["Brutality","Dropkick","Headbutt"],"picked":"Spot Weakness","floor":28},{"not_picked":["Twin Strike","Fire Breathing","Sword Boomerang+1"],"picked":"Anger+1","floor":29}],"player_experience":430176,"relics_obtained":[{"floor":9,"key":"The Courier"},{"floor":26,"key":"Question Card"},{"floor":28,"key":"Red Mask"}],"event_choices":[{"damage_healed":0,"gold_gain":0,"player_choice":"Leave","damage_taken":0,"max_hp_gain":0,"max_hp_loss":0,"event_name":"The Cleric","floor":3,"gold_loss":0},{"damage_healed":0,"gold_gain":0,"player_choice":"Got Potions","damage_taken":0,"max_hp_gain":0,"max_hp_loss":0,"event_name":"Lab","floor":4,"gold_loss":0},{"damage_healed":0,"gold_gain":75,"player_choice":"Gather Gold","damage_taken":11,"max_hp_gain":0,"max_hp_loss":0,"event_name":"World of Goop","floor":12,"gold_loss":0},{"damage_healed":0,"gold_gain":0,"player_choice":"Take Wound","damage_taken":0,"relics_obtained":["Golden Idol"],"max_hp_gain":0,"max_hp_loss":0,"event_name":"Golden Idol","floor":13,"gold_loss":0,"cards_obtained":["Injury"]},{"damage_healed":0,"gold_gain":100,"player_choice":"Bet on Murderer","damage_taken":0,"max_hp_gain":0,"max_hp_loss":0,"event_name":"The Joust","floor":19,"gold_loss":50},{"cards_removed":["Injury"],"damage_healed":0,"gold_gain":0,"player_choice":"Upgrade and Remove","damage_taken":0,"max_hp_gain":0,"max_hp_loss":0,"event_name":"Designer","floor":21,"gold_loss":90,"cards_upgraded":["Defend_R"]},{"damage_healed":0,"gold_gain":100,"player_choice":"Pray","damage_taken":0,"max_hp_gain":0,"max_hp_loss":0,"event_name":"Golden Shrine","floor":22,"gold_loss":0},{"damage_healed":0,"gold_gain":0,"player_choice":"Fought Bandits","damage_taken":0,"max_hp_gain":0,"max_hp_loss":0,"event_name":"Masked Bandits","floor":28,"gold_loss":0}],"is_beta":false,"boss_relics":[{"not_picked":["SacredBark","Sozu"],"picked":"Tiny House"}],"items_purged_floors":[],"is_endless":false,"potions_floor_spawned":[2,14,20,27,29],"killed_by":"Centurion and Healer","ascension_level":0}}