{"host":"m4pe905ae9bldoe7","time":1613241925,"event":{"mods":["BaseMod","Bestiary","Block Reminder","Downfall","Minty Spire (QoL Compilation)","StSLib"],"gold_per_floor":[99,115,115,129,579,593,593,593,593,610,629,648,663,694,710,724,724,724,724],"floor_reached":17,"language":"ENG","playtime":664,"items_purged":[],"score":163,"play_id":"58d9c797-9f71-4d20-95f8-cfd6e38cf9b9","local_time":"20210213194525","is_ascension_mode":false,"campfire_choices":[{"data":"bronze:HyperBeam","floor":1,"key":"SMITH"},{"data":"1","floor":9,"key":"LIFT"}],"circlet_count":0,"master_deck":["bronze:Strike","bronze:Defend","bronze:Defend","bronze:Defend","bronze:Defend","bronze:Replicate","bronze:Goto","bronze:HyperBeam+1","bronze:Constructor","downfall:Icky","bronze:RecursiveStrike","downfall:Icky","downfall:Icky","downfall:Icky","bronze:Frontload","bronze:Shield","bronze:Frontload","bronze:Fortify","bronze:Terminator","bronze:SpaghettiCode","bronze:Frontload","bronze:Turbo"],"relics":["bronze:BronzeCore","Sundial","Girya","bronze:CableSpool"],"acts_visited":["Exordium"],"potions_floor_usage":[14],"damage_taken":[{"damage":4,"enemies":"2 Louse","floor":2,"turns":4},{"damage":0,"enemies":"Cultist","floor":4,"turns":3},{"damage":2,"enemies":"Small Slimes","floor":6,"turns":4},{"damage":7,"enemies":"3 Louse","floor":10,"turns":4},{"damage":8,"enemies":"Gremlin Gang","floor":11,"turns":3},{"damage":7,"enemies":"2 Fungi Beasts","floor":12,"turns":4},{"damage":2,"enemies":"Blue Slaver","floor":13,"turns":5},{"damage":0,"enemies":"Gremlin Nob","floor":14,"turns":2},{"damage":8,"enemies":"Red Slaver","floor":15,"turns":4},{"damage":13,"enemies":"Exordium Wildlife","floor":16,"turns":3},{"damage":26,"enemies":"WA_ARCHETYPE_RETAIN","floor":17,"turns":8}],"seed_played":"6192070490032773869","potions_obtained":[{"floor":2,"key":"bronze:FreeFunctionsPotion"},{"floor":4,"key":"bronze:CleanCodePotion"},{"floor":12,"key":"Dexterity Potion"},{"floor":14,"key":"EntropicBrew"},{"floor":15,"key":"bronze:FreeFunctionsPotion"}],"is_trial":false,"path_per_floor":["R","M","?","M","?","M","T","T","R","M","M","M","M","E","M","M","B"],"character_chosen":"THE_AUTOMATON","items_purchased":[],"campfire_rested":0,"item_purchase_floors":[],"current_hp_per_floor":[70,66,66,66,66,64,64,64,64,57,49,42,40,40,32,19,0,0,0],"gold":724,"neow_bonus":"ONE_RANDOM_RARE_CARD","is_daily":false,"chose_seed":false,"campfire_upgraded":1,"win_rate":0.0,"timestamp":1613241925,"path_taken":["R","M","?","?","?","M","T","T","R","M","M","M","M","E","M","M","BOSS"],"items_purchased_type":[],"build_version":"2020-12-22","purchased_purges":0,"victory":false,"max_hp_per_floor":[70,70,70,70,70,70,70,70,70,70,70,70,70,70,70,70,70,70,70],"card_choices":[{"not_picked":["bronze:Safeguard","bronze:WhirlingStrike"],"picked":"bronze:Constructor","floor":2},{"not_picked":["bronze:Iterate","bronze:Constructor"],"picked":"bronze:RecursiveStrike","floor":4},{"not_picked":["bronze:Overheat","bronze:MaxOutput"],"picked":"bronze:Frontload","floor":6},{"not_picked":["bronze:FineTuning","bronze:Deprecate"],"picked":"bronze:Shield","floor":10},{"not_picked":["bronze:Safeguard","bronze:Terminator"],"picked":"bronze:Frontload","floor":11},{"not_picked":["bronze:WildBeam","bronze:Deprecate"],"picked":"bronze:Fortify","floor":12},{"not_picked":["bronze:WildBeam","bronze:Turbo"],"picked":"bronze:Terminator","floor":13},{"not_picked":["bronze:ForceShield","bronze:Allocate"],"picked":"bronze:SpaghettiCode","floor":14},{"not_picked":["bronze:Overheat","bronze:WildBeam"],"picked":"bronze:Frontload","floor":15},{"not_picked":["bronze:ForLoop","bronze:Branch"],"picked":"bronze:Turbo","floor":16}],"player_experience":590604,"relics_obtained":[{"floor":7,"key":"Sundial"},{"floor":8,"key":"Girya"},{"floor":14,"key":"bronze:CableSpool"}],"event_choices":[],"is_beta":false,"boss_relics":[],"items_purged_floors":[],"is_endless":false,"potions_floor_spawned":[2,4,12,14,15,16],"killed_by":"WA_ARCHETYPE_RETAIN","ascension_level":0}}