{"host":"a6pjfiz7lhls3cu7","time":1613200966,"event":{"mods":["AchievementEnabler","BaseMod","Colored Map","Colored Powertips","Highlight Path","Minty Spire (QoL Compilation)","Random Character Button","Relic Stats"],"gold_per_floor":[112,45,45,65,240,273,348,403,450,473,473,516,534,384,384,504,504,519,519,519,533,533,533],"floor_reached":22,"language":"ENG","playtime":1088,"items_purged":[],"score":260,"play_id":"0a73f09d-301e-482d-a57f-911dc8d307b9","local_time":"20210213002246","is_ascension_mode":true,"campfire_choices":[{"floor":15,"key":"REST"}],"circlet_count":0,"master_deck":["Strike_G","Strike_G+1","Strike_G+1","Strike_G","Strike_G","Defend_G","Defend_G","Defend_G","Defend_G","Defend_G","Survivor","Neutralize","Deflect","Noxious Fumes","Injury","Noxious Fumes","Doubt","Terror","Cloak And Dagger","Slice","Noxious Fumes","Unload","Necronomicurse","Flying Knee"],"relics":["Ring of the Snake","NeowsBlessing","Golden Idol","MealTicket","Bronze Scales","Matryoshka","Art of War","Whetstone","SlaversCollar","Necronomicon"],"acts_visited":["Exordium","TheCity"],"potions_floor_usage":[12,16,21],"damage_taken":[{"damage":0,"enemies":"Jaw Worm","floor":1,"turns":1},{"damage":0,"enemies":"2 Louse","floor":4,"turns":1},{"damage":0,"enemies":"Gremlin Nob","floor":6,"turns":1},{"damage":7,"enemies":"Small Slimes","floor":10,"turns":4},{"damage":21,"enemies":"Lagavulin","floor":12,"turns":9},{"damage":8,"enemies":"Looter","floor":13,"turns":4},{"damage":23,"enemies":"Hexaghost","floor":16,"turns":8},{"damage":48,"enemies":"Spheric Guardian","floor":18,"turns":6},{"damage":16,"enemies":"3 Byrds","floor":21,"turns":4},{"damage":71,"enemies":"3 Cultists","floor":22,"turns":5}],"seed_played":"7096598194996242589","potions_obtained":[{"floor":4,"key":"EssenceOfSteel"},{"floor":12,"key":"Poison Potion"},{"floor":16,"key":"SteroidPotion"},{"floor":18,"key":"SkillPotion"}],"is_trial":false,"path_per_floor":["M","$","?","M","?","E","?","T","T","M","?","E","M","$","R","B",null,"M","?","?","M","M"],"character_chosen":"THE_SILENT","items_purchased":["Noxious Fumes","Whetstone"],"campfire_rested":1,"item_purchase_floors":[2,14],"current_hp_per_floor":[70,70,70,70,70,70,59,59,59,52,45,24,16,31,52,29,70,22,6,70,54,0,0],"gold":533,"neow_bonus":"THREE_ENEMY_KILL","is_daily":false,"chose_seed":false,"campfire_upgraded":0,"win_rate":0.0,"timestamp":1613200966,"path_taken":["M","$","?","M","?","E","?","?","T","?","?","E","M","$","R","BOSS","M","?","?","?","?"],"items_purchased_type":["Card","Relic"],"build_version":"2020-12-22","purchased_purges":0,"victory":false,"max_hp_per_floor":[70,70,70,70,70,70,70,70,70,70,70,70,70,70,70,70,70,70,70,70,70,70,70],"relic_stats":{"counters":[10,43],"Golden Idol":59,"Bronze Scales":[129],"MealTicket":15,"Art of War":[3],"Necronomicon":[0],"Whetstone":["Strike_G","Strike_G"],"obtain_stats":[{"SlaversCollar":17,"Matryoshka":11,"NeowsBlessing":0,"Golden Idol":3,"Bronze Scales":9,"MealTicket":6,"Art of War":12,"Necronomicon":19,"Whetstone":14,"Ring of the Snake":0},{"SlaversCollar":7,"Matryoshka":4,"NeowsBlessing":0,"Golden Idol":1,"Bronze Scales":3,"MealTicket":3,"Art of War":5,"Necronomicon":8,"Whetstone":6,"Ring of the Snake":0},{"SlaversCollar":28,"Matryoshka":7,"NeowsBlessing":0,"Golden Idol":1,"Bronze Scales":3,"MealTicket":3,"Art of War":16,"Necronomicon":34,"Whetstone":20,"Ring of the Snake":0}],"Ring of the Snake":[20]},"card_choices":[{"not_picked":["Acrobatics","Riddle With Holes"],"picked":"Deflect","floor":1},{"not_picked":["Prepared","Dagger Throw"],"picked":"Noxious Fumes","floor":4},{"not_picked":["Skewer","Footwork"],"picked":"Terror","floor":6},{"not_picked":["Crippling Poison","Blur"],"picked":"Cloak And Dagger","floor":10},{"not_picked":["Outmaneuver","Prepared"],"picked":"Slice","floor":12},{"not_picked":["Choke","Terror"],"picked":"Noxious Fumes","floor":13},{"not_picked":["Night Terror","Doppelganger"],"picked":"Unload","floor":16},{"not_picked":["PiercingWail+1","Underhanded Strike"],"picked":"Reflex+1","floor":18},{"not_picked":["Blur+1","Outmaneuver"],"picked":"Flying Knee","floor":21}],"player_experience":297263,"relics_obtained":[{"floor":6,"key":"MealTicket"},{"floor":9,"key":"Bronze Scales"},{"floor":12,"key":"Art of War"},{"floor":19,"key":"Necronomicon"}],"event_choices":[{"damage_healed":0,"gold_gain":0,"player_choice":"Take Wound","damage_taken":0,"relics_obtained":["Golden Idol"],"max_hp_gain":0,"max_hp_loss":0,"event_name":"Golden Idol","floor":3,"gold_loss":0,"cards_obtained":["Injury"]},{"damage_healed":0,"gold_gain":175,"player_choice":"AGREE","damage_taken":0,"max_hp_gain":0,"max_hp_loss":0,"event_name":"Liars Game","floor":5,"gold_loss":0,"cards_obtained":["Doubt"]},{"damage_healed":0,"gold_gain":75,"player_choice":"Gather Gold","damage_taken":11,"max_hp_gain":0,"max_hp_loss":0,"event_name":"World of Goop","floor":7,"gold_loss":0},{"damage_healed":0,"gold_gain":0,"player_choice":"Success","damage_taken":7,"relics_obtained":["Matryoshka"],"max_hp_gain":0,"max_hp_loss":0,"event_name":"Scrap Ooze","floor":11,"gold_loss":0},{"damage_healed":0,"gold_gain":0,"player_choice":"Obtained Book","damage_taken":16,"max_hp_gain":0,"max_hp_loss":0,"event_name":"Cursed Tome","floor":19,"gold_loss":0},{"cards_removed":["Reflex"],"damage_healed":64,"gold_gain":0,"player_choice":"Offered Uncommon","damage_taken":0,"max_hp_gain":0,"max_hp_loss":0,"event_name":"Bonfire Elementals","floor":20,"gold_loss":0}],"is_beta":false,"boss_relics":[{"not_picked":["Pandora\u0027s Box","Snecko Eye"],"picked":"SlaversCollar"}],"items_purged_floors":[],"is_endless":false,"potions_floor_spawned":[4,12,16,18],"killed_by":"3 Cultists","ascension_level":4}}