{"host":"hf8wn58z41rkrmnq","time":1613181253,"event":{"mods":["BaseMod","Better Third Choice","BetterRewards","Colored Map","Colored Powertips","Infinite Spire","Minty Spire (QoL Compilation)","Quick Restart","Relic Sorter","Relic Stats","Replay The Spire","Spicy Shops","StSLib"],"gold_per_floor":[111,131,131,146,146,146,3,50,76,96,152,196,251,301,301,406,406,449,449,497,23,65,65,65,65,65,109,109,118,159,159,159],"floor_reached":31,"language":"ENG","playtime":2479,"items_purged":["Pain","Defend_P"],"score":268,"play_id":"f98d8ffa-6e88-4249-be3f-87f19a13aa2d","local_time":"20210212205413","is_ascension_mode":true,"campfire_choices":[{"data":"Wish","floor":6.0,"key":"SMITH"},{"floor":15.0,"key":"REST"},{"floor":23.0,"key":"REST"},{"floor":25.0,"key":"REST"}],"circlet_count":0,"master_deck":["Strike_P","Strike_P","Defend_P","Defend_P","Eruption","Vigilance","Wish+1","Evaluate","FlurryOfBlows","Conclude","Tantrum","Judgement","Wallop"],"relics":["PureWater","WarpedTongs","CeramicFish","ReplayTheSpireMod:TigerMarble","betterThird:NestCultRelic","Replay:Ringing Soul","TeardropLocket"],"acts_visited":["Exordium","TheCity"],"potions_floor_usage":[30],"damage_taken":[{"damage":7.0,"enemies":"Jaw Worm","floor":1.0,"turns":3.0},{"damage":5.0,"enemies":"2 Louse","floor":2.0,"turns":2.0},{"damage":0.0,"enemies":"Cultist","floor":4.0,"turns":2.0},{"damage":18.0,"enemies":"Large Slime","floor":8.0,"turns":7.0},{"damage":9.0,"enemies":"Exordium Wildlife","floor":10.0,"turns":5.0},{"damage":10.0,"enemies":"Blue Slaver","floor":11.0,"turns":4.0},{"damage":3.0,"enemies":"3 Louse","floor":12.0,"turns":2.0},{"damage":0.0,"enemies":"Gremlin Gang","floor":13.0,"turns":3.0},{"damage":0.0,"enemies":"Lots of Slimes","floor":14.0,"turns":3.0},{"damage":4.0,"enemies":"Fading Forest","floor":16.0,"turns":11.0},{"damage":31.0,"enemies":"Shell Parasite","floor":18.0,"turns":11.0},{"damage":1.0,"enemies":"Chosen","floor":20.0,"turns":6.0},{"damage":10.0,"enemies":"Centurion and Healer","floor":22.0,"turns":6.0},{"damage":56.0,"enemies":"Shelled Parasite and Fungi","floor":27.0,"turns":7.0},{"damage":0,"enemies":"Cultist and Chosen","floor":30,"turns":3},{"damage":0,"enemies":"Gremlin Leader","floor":31,"turns":1}],"seed_played":"-4643027400401727801","potions_obtained":[{"floor":2.0,"key":"SteroidPotion"},{"floor":4.0,"key":"Elixir"},{"floor":11.0,"key":"BottledMiracle"},{"floor":12.0,"key":"Elixir"},{"floor":13.0,"key":"Explosive Potion"},{"floor":20.0,"key":"LiquidBronze"},{"floor":22.0,"key":"Explosive Potion"}],"is_trial":false,"path_per_floor":["M","M","?","M","?","R","$","M","T","M","M","M","M","M","R","B",null,"M","?","M","$","M","R","?","R","T","M","T","?","M","E"],"character_chosen":"WATCHER","items_purchased":["Evaluate","Judgement","ReplayTheSpireMod:TigerMarble"],"campfire_rested":3,"item_purchase_floors":[7,21,21],"current_hp_per_floor":[65,60,53,53,53,53,53,35,35,26,16,13,13,13,34,38,72,41,28,27,27,17,40,40,63,63,7,7,10,10,10,10],"gold":159,"neow_bonus":"REMOVE_CARD","is_daily":false,"chose_seed":false,"campfire_upgraded":1,"win_rate":0.0,"timestamp":1613181253,"path_taken":["M","M","?","M","?","R","$","M","T","M","M","M","?","M","R","BOSS","M","?","M","$","M","R","?","R","T","M","?","?","?","E"],"items_purchased_type":["Card","Card","Relic"],"build_version":"2020-12-22","purchased_purges":2,"victory":false,"max_hp_per_floor":[72,72,72,72,72,72,72,72,72,72,72,72,72,72,72,72,72,72,77,77,77,77,77,77,77,77,77,77,80,80,80,80],"relic_stats":{"counters":[16,76],"CeramicFish":45,"obtain_stats":[{"Replay:Ringing Soul":26,"CeramicFish":9,"betterThird:NestCultRelic":24,"ReplayTheSpireMod:TigerMarble":21,"TeardropLocket":28,"PureWater":0,"WarpedTongs":5},{"Replay:Ringing Soul":13,"CeramicFish":4,"betterThird:NestCultRelic":13,"ReplayTheSpireMod:TigerMarble":12,"TeardropLocket":14,"PureWater":0,"WarpedTongs":3},{"Replay:Ringing Soul":65,"CeramicFish":14,"betterThird:NestCultRelic":65,"ReplayTheSpireMod:TigerMarble":59,"TeardropLocket":72,"PureWater":0,"WarpedTongs":7}],"WarpedTongs":[69]},"card_choices":[{"not_picked":["Adaptation","PathToVictory","FollowUp"],"picked":"SKIP","floor":1.0},{"not_picked":["Swivel","CarveReality","SashWhip"],"picked":"SKIP","floor":2.0},{"not_picked":["FollowUp","JustLucky"],"picked":"Wish","floor":4.0},{"not_picked":["Crescendo","ThirdEye","EmptyMind"],"picked":"SKIP","floor":8.0},{"not_picked":["Meditate","BowlingBash"],"picked":"FlurryOfBlows","floor":10.0},{"not_picked":["Prostrate","PathToVictory"],"picked":"Conclude","floor":11.0},{"not_picked":["EmptyBody","Swivel","ForeignInfluence"],"picked":"SKIP","floor":12.0},{"not_picked":["Replay:Anticipation","Collect"],"picked":"Tantrum","floor":13.0},{"not_picked":["Replay:AtTheReady","Halt","SignatureMove"],"picked":"SKIP","floor":14.0},{"not_picked":["Replay:BluntJabs","CutThroughFate","Evaluate"],"picked":"SKIP","floor":18.0},{"not_picked":["Replay:Cycle","CutThroughFate","JustLucky+1"],"picked":"SKIP","floor":20.0},{"not_picked":["Replay:AtTheReady","CarveReality","Evaluate"],"picked":"SKIP","floor":22.0},{"not_picked":["Replay:Vibes","InnerPeace","Study"],"picked":"SKIP","floor":27.0},{"not_picked":["Omniscience","CrushJoints","EmptyMind"],"picked":"SKIP","floor":30}],"player_experience":255490,"relics_obtained":[{"floor":9.0,"key":"CeramicFish"},{"floor":26.0,"key":"Replay:Ringing Soul"},{"floor":28.0,"key":"TeardropLocket"}],"event_choices":[{"cards_removed":["Strike_P"],"damage_healed":0.0,"max_hp_gain":0.0,"max_hp_loss":0.0,"gold_gain":0.0,"event_name":"Golden Wing","player_choice":"Card Removal","floor":3.0,"gold_loss":0.0,"damage_taken":7.0},{"damage_healed":0.0,"max_hp_gain":0.0,"max_hp_loss":0.0,"gold_gain":0.0,"event_name":"Accursed Blacksmith","player_choice":"Rummage","floor":5.0,"gold_loss":0.0,"damage_taken":0.0,"relics_obtained":["WarpedTongs"],"cards_obtained":["Pain"]},{"damage_healed":0.0,"max_hp_gain":5.0,"max_hp_loss":0.0,"gold_gain":0.0,"event_name":"Forgotten Altar","player_choice":"Shed Blood","floor":19.0,"gold_loss":0.0,"damage_taken":18.0},{"damage_healed":0.0,"max_hp_gain":0.0,"max_hp_loss":0.0,"gold_gain":0.0,"event_name":"betterThird:BetterNest","player_choice":"Madness","floor":24.0,"gold_loss":0.0,"damage_taken":0.0,"relics_obtained":["betterThird:NestCultRelic"]},{"damage_healed":0.0,"max_hp_gain":0.0,"max_hp_loss":0.0,"gold_gain":0.0,"cards_transformed":["Strike_P"],"event_name":"Transmorgrifier","player_choice":"Transformed","floor":29.0,"gold_loss":0.0,"damage_taken":0.0,"cards_obtained":["Wallop"]}],"is_beta":false,"boss_relics":[{"not_picked":["Cursed Key","Velvet Choker","Coffee Dripper"]}],"items_purged_floors":[7,21],"is_endless":false,"potions_floor_spawned":[2,4,11,12,13,20,22],"killed_by":"Gremlin Leader","ascension_level":3}}