{"host":"0mhttqdumuceah7q","time":1613230343,"event":{"mods":["AchievementEnabler","BaseMod","Colored Map","DeckTracker","Minty Spire (QoL Compilation)","Permanent Neow"],"gold_per_floor":[19,37,54,72,86,121,131,131,155,170,170,270,285,308,308,409,409,396,414,429,447,458,458,458,418,442,68,86,86,99,116,116,219,219,239,254,24,24,42,75,75,75,75,75,94,113,113,146,146,146],"floor_reached":51,"language":"KOR","playtime":5102,"items_purged":["Defend_R"],"score":669,"play_id":"3b7894ef-76ae-4431-a90c-e6cc1a407d6c","local_time":"20210214003223","is_ascension_mode":false,"campfire_choices":[{"data":"Entrench","floor":8,"key":"SMITH"},{"data":"Rage","floor":11,"key":"SMITH"},{"data":"Iron Wave","floor":15,"key":"SMITH"},{"data":"Demon Form","floor":23,"key":"SMITH"},{"floor":29,"key":"REST"},{"data":"Flame Barrier","floor":32,"key":"SMITH"},{"data":"Bludgeon","floor":42,"key":"SMITH"},{"data":"Clothesline","floor":44,"key":"SMITH"},{"data":"Inflame","floor":47,"key":"SMITH"},{"data":"Sweeping Beam","floor":49,"key":"SMITH"}],"circlet_count":0,"master_deck":["Strike_R","Strike_R","Strike_R","Defend_R+1","Defend_R+1","Bash","Clothesline+1","Rage+1","Iron Wave+1","Entrench+1","Pommel Strike","Inflame+1","Shrug It Off","Flame Barrier+1","Demon Form+1","Thunderclap+1","Blood for Blood","Armaments","Pommel Strike+1","Finesse","Corpse Explosion","Headbutt+1","Mayhem","Stack+1","Bludgeon+1","Parasite","Glacier+1","Pain","WheelKick","Headbutt+1","Sweeping Beam+1"],"relics":["Burning Blood","Calipers","TungstenRod","War Paint","Ancient Tea Set","Snecko Eye","Oddly Smooth Stone","PrismaticShard","Strawberry","Empty Cage","Happy Flower","Bronze Scales","WarpedTongs","Mummified Hand","PreservedInsect"],"acts_visited":["Exordium","TheCity","TheBeyond"],"potions_floor_usage":[4,5,5,6,6,16,21,22,22,22,28,33,38,40,48],"damage_taken":[{"damage":0,"enemies":"Small Slimes","floor":1,"turns":3},{"damage":0,"enemies":"Cultist","floor":2,"turns":3},{"damage":5,"enemies":"Jaw Worm","floor":3,"turns":4},{"damage":4,"enemies":"2 Fungi Beasts","floor":4,"turns":4},{"damage":7,"enemies":"Gremlin Gang","floor":5,"turns":7},{"damage":15,"enemies":"3 Sentries","floor":6,"turns":7},{"damage":14,"enemies":"3 Louse","floor":7,"turns":6},{"damage":11,"enemies":"Lots of Slimes","floor":10,"turns":5},{"damage":0,"enemies":"Red Slaver","floor":13,"turns":4},{"damage":51,"enemies":"Slime Boss","floor":16,"turns":17},{"damage":13,"enemies":"2 Thieves","floor":18,"turns":4},{"damage":0,"enemies":"3 Byrds","floor":19,"turns":3},{"damage":3,"enemies":"Centurion and Healer","floor":20,"turns":6},{"damage":37,"enemies":"Snake Plant","floor":21,"turns":6},{"damage":27,"enemies":"3 Cultists","floor":22,"turns":6},{"damage":26,"enemies":"Cultist and Chosen","floor":28,"turns":5},{"damage":9,"enemies":"Centurion and Healer","floor":30,"turns":5},{"damage":9,"enemies":"Snecko","floor":31,"turns":5},{"damage":31,"enemies":"Automaton","floor":33,"turns":9},{"damage":14,"enemies":"3 Shapes","floor":35,"turns":4},{"damage":23,"enemies":"3 Darklings","floor":36,"turns":5},{"damage":0,"enemies":"Jaw Worm Horde","floor":38,"turns":1},{"damage":3,"enemies":"Writhing Mass","floor":39,"turns":6},{"damage":23,"enemies":"Giant Head","floor":40,"turns":8},{"damage":0,"enemies":"Sphere and 2 Shapes","floor":45,"turns":4},{"damage":9,"enemies":"4 Shapes","floor":46,"turns":3},{"damage":10,"enemies":"Reptomancer","floor":48,"turns":6},{"damage":29,"enemies":"Time Eater","floor":50,"turns":9}],"seed_played":"2170891633726074784","potions_obtained":[{"floor":1,"key":"BlessingOfTheForge"},{"floor":3,"key":"EntropicBrew"},{"floor":4,"key":"Energy Potion"},{"floor":13,"key":"Ancient Potion"},{"floor":16,"key":"Swift Potion"},{"floor":20,"key":"BlessingOfTheForge"},{"floor":21,"key":"Fire Potion"},{"floor":25,"key":"Ancient Potion"},{"floor":25,"key":"Ancient Potion"},{"floor":25,"key":"SmokeBomb"},{"floor":28,"key":"DuplicationPotion"},{"floor":35,"key":"Swift Potion"},{"floor":40,"key":"GamblersBrew"},{"floor":45,"key":"Regen Potion"}],"is_trial":false,"path_per_floor":["M","M","M","M","M","E","M","R","T","M","R","?","M","T","R","B",null,"M","M","M","M","M","R","?","?","T","$","M","R","M","M","R","B",null,"M","M","$","M","M","E","?","R","T","R","M","M","R","E","R","B",null],"character_chosen":"IRONCLAD","items_purchased":["PrismaticShard","Strawberry","Happy Flower","Bludgeon"],"campfire_rested":1,"item_purchase_floors":[27,27,37,37],"current_hp_per_floor":[80,80,80,80,79,70,62,62,62,57,57,57,63,63,63,18,80,73,79,80,49,44,44,44,44,44,51,31,57,54,51,51,26,87,79,62,62,68,71,54,54,54,54,54,60,57,57,62,62,39],"gold":146,"neow_bonus":"ONE_RARE_RELIC","is_daily":false,"chose_seed":false,"campfire_upgraded":9,"win_rate":0.0,"timestamp":1613230343,"path_taken":["M","M","M","M","M","E","M","R","T","M","R","?","?","?","R","BOSS","M","M","M","M","M","R","?","?","T","$","M","R","M","M","R","BOSS","M","M","$","?","M","E","?","R","T","R","M","M","R","E","R","BOSS"],"items_purchased_type":["Relic","Relic","Relic","Card"],"build_version":"2020-12-22","purchased_purges":1,"victory":true,"max_hp_per_floor":[80,80,80,80,80,80,80,80,80,80,80,80,80,80,80,80,80,80,80,80,80,80,80,80,80,80,87,87,87,87,87,87,87,87,87,87,87,87,87,87,87,87,87,87,87,87,87,87,87,87],"card_choices":[{"not_picked":["Perfected Strike","Battle Trance"],"picked":"Clothesline","floor":1},{"not_picked":["Fire Breathing","Clash"],"picked":"Rage","floor":2},{"not_picked":["Sentinel","Shockwave"],"picked":"Iron Wave","floor":3},{"not_picked":["Warcry","Perfected Strike"],"picked":"Entrench","floor":4},{"not_picked":["Warcry","Thunderclap"],"picked":"Pommel Strike","floor":5},{"not_picked":["Pummel","Searing Blow"],"picked":"Inflame","floor":6},{"not_picked":["Heavy Blade","Sever Soul","Combust"],"picked":"SKIP","floor":7},{"not_picked":["Feel No Pain","Reaper"],"picked":"Shrug It Off","floor":10},{"not_picked":["Clash","Infernal Blade"],"picked":"Flame Barrier","floor":13},{"not_picked":["Corruption","Limit Break"],"picked":"Demon Form","floor":16},{"not_picked":["Cleave","Shockwave"],"picked":"Thunderclap+1","floor":18},{"not_picked":["Rupture","Seeing Red+1"],"picked":"Blood for Blood","floor":19},{"not_picked":["Sword Boomerang+1","Power Through","Infernal Blade+1"],"picked":"SKIP","floor":20},{"not_picked":["Feel No Pain+1","Sentinel"],"picked":"Armaments","floor":21},{"not_picked":["Perfected Strike","Twin Strike"],"picked":"Pommel Strike+1","floor":22},{"not_picked":["Havoc","Beam Cell"],"picked":"Finesse","floor":28},{"not_picked":["Disarm","Quick Slash"],"picked":"Corpse Explosion","floor":30},{"not_picked":["Protect","Power Through+1"],"picked":"Headbutt+1","floor":31},{"not_picked":["Violence","Offering"],"picked":"Mayhem","floor":33},{"not_picked":["EmptyFist","CarveReality"],"picked":"Stack+1","floor":35},{"not_picked":["Panacea","Worship+1","Steam Power+1"],"picked":"SKIP","floor":36},{"not_picked":["Perfected Strike","Coolheaded","Barrage"],"picked":"SKIP","floor":39},{"not_picked":["PathToVictory+1","True Grit"],"picked":"Glacier+1","floor":40},{"not_picked":["CutThroughFate+1","Indignation"],"picked":"WheelKick","floor":45},{"not_picked":["Searing Blow","Twin Strike"],"picked":"Headbutt+1","floor":46},{"not_picked":["Seeing Red+1","Lockon"],"picked":"Sweeping Beam","floor":48}],"player_experience":42372,"relics_obtained":[{"floor":6,"key":"TungstenRod"},{"floor":9,"key":"War Paint"},{"floor":14,"key":"Ancient Tea Set"},{"floor":26,"key":"Oddly Smooth Stone"},{"floor":40,"key":"Bronze Scales"},{"floor":43,"key":"Mummified Hand"},{"floor":48,"key":"PreservedInsect"}],"event_choices":[{"damage_healed":0,"gold_gain":100,"player_choice":"Pray","damage_taken":0,"max_hp_gain":0,"max_hp_loss":0,"event_name":"Golden Shrine","floor":12,"gold_loss":0},{"cards_removed":["Strike_R"],"damage_healed":0,"gold_gain":0,"player_choice":"Elegance","damage_taken":0,"max_hp_gain":0,"max_hp_loss":0,"event_name":"Back to Basics","floor":24,"gold_loss":0},{"damage_healed":0,"gold_gain":0,"player_choice":"Bought 3 Potions","damage_taken":0,"max_hp_gain":0,"max_hp_loss":0,"event_name":"The Woman in Blue","floor":25,"gold_loss":0},{"damage_healed":0,"gold_gain":0,"player_choice":"Rummage","damage_taken":0,"relics_obtained":["WarpedTongs"],"max_hp_gain":0,"max_hp_loss":0,"event_name":"Accursed Blacksmith","floor":41,"gold_loss":0,"cards_obtained":["Pain"]}],"is_beta":false,"boss_relics":[{"not_picked":["SacredBark","Cursed Key"],"picked":"Snecko Eye"},{"not_picked":["Sozu","Black Blood"],"picked":"Empty Cage"}],"items_purged_floors":[27],"is_endless":false,"potions_floor_spawned":[1,3,4,13,16,20,21,28,35,40,45,46],"ascension_level":0}}