{"host":"sav7uxregyirlf69","time":1613216233,"event":{"mods":["AchievementEnabler","BaseMod","Colored Map","DeckTracker","Keyboard Shortcuts","Minty Spire (QoL Compilation)","READ ME - Guardian Mod","StSLib","SuperFastMode"],"gold_per_floor":[114,125,125,0,10,10,41,41,117,149,166,200,200,212,212,286,286,302,320,130,144,144,144,144],"floor_reached":23,"language":"KOR","playtime":440,"items_purged":["Defend_G","Strike_G"],"score":422,"play_id":"7f9a5f0d-c07f-4ec2-be7d-8f698da8af47","local_time":"20210213203713","is_ascension_mode":true,"campfire_choices":[{"data":"Choke","floor":6,"key":"SMITH"},{"floor":8,"key":"REST"},{"floor":13,"key":"REST"},{"data":"Cloak And Dagger","floor":15,"key":"SMITH"}],"circlet_count":0,"master_deck":["AscendersBane","Strike_G","Strike_G","Strike_G","Defend_G","Defend_G","Defend_G","Defend_G","Survivor","Neutralize","Cloak And Dagger+1","Quick Slash","Blade Dance","Choke+1","After Image","Dagger Spray","Backflip","After Image","Noxious Fumes","Accuracy","Ghostly","Ghostly","Ghostly"],"relics":["Ring of the Snake","Centennial Puzzle","Lantern","Eternal Feather","TungstenRod","Gremlin Horn","Runic Pyramid"],"acts_visited":["Exordium","TheCity"],"potions_floor_usage":[16,16,16,19,21],"damage_taken":[{"damage":1,"enemies":"Small Slimes","floor":1,"turns":4},{"damage":5,"enemies":"Cultist","floor":2,"turns":4},{"damage":0,"enemies":"2 Louse","floor":5,"turns":3},{"damage":26,"enemies":"3 Sentries","floor":7,"turns":10},{"damage":30,"enemies":"Lagavulin","floor":10,"turns":8},{"damage":3,"enemies":"Blue Slaver","floor":11,"turns":3},{"damage":5,"enemies":"Gremlin Nob","floor":12,"turns":3},{"damage":2,"enemies":"Exordium Thugs","floor":14,"turns":3},{"damage":6,"enemies":"Slime Boss","floor":16,"turns":10},{"damage":19,"enemies":"Shell Parasite","floor":18,"turns":5},{"damage":21,"enemies":"Chosen","floor":19,"turns":6},{"damage":10,"enemies":"Snake Plant","floor":21,"turns":4},{"damage":20,"enemies":"Slavers","floor":23,"turns":1}],"seed_played":"8987921026722990008","potions_obtained":[{"floor":1,"key":"SpeedPotion"},{"floor":12,"key":"CunningPotion"},{"floor":14,"key":"EntropicBrew"},{"floor":16,"key":"Weak Potion"}],"is_trial":false,"path_per_floor":["M","M","?","$","M","R","E","R","T","E","M","E","R","M","R","B",null,"M","M","$","M","?","E"],"character_chosen":"THE_SILENT","items_purchased":["Blade Dance","Accuracy"],"campfire_rested":2,"item_purchase_floors":[4,20],"current_hp_per_floor":[58,53,53,53,53,53,27,46,46,16,13,8,36,34,43,37,59,40,19,19,9,9,0,0],"gold":144,"neow_bonus":"RANDOM_COMMON_RELIC","is_daily":false,"chose_seed":false,"campfire_upgraded":2,"win_rate":0.0,"timestamp":1613216233,"path_taken":["M","M","?","?","M","R","E","R","T","E","?","E","R","M","R","BOSS","M","M","$","?","?","E"],"items_purchased_type":["Card","Card"],"build_version":"2020-12-22","purchased_purges":2,"victory":false,"max_hp_per_floor":[66,66,66,66,66,66,66,66,66,66,66,66,66,66,66,66,66,66,66,66,66,33,33,33],"card_choices":[{"not_picked":["Leg Sweep","Underhanded Strike"],"picked":"Cloak And Dagger","floor":1},{"not_picked":["Acrobatics","Slice"],"picked":"Quick Slash","floor":2},{"not_picked":["Deflect","Endless Agony"],"picked":"Choke","floor":5},{"not_picked":["Quick Slash","Deflect"],"picked":"After Image","floor":7},{"not_picked":["Finisher","Quick Slash"],"picked":"Dagger Spray","floor":10},{"not_picked":["Flying Knee","Cloak And Dagger","Quick Slash"],"picked":"SKIP","floor":11},{"not_picked":["Deflect","Deadly Poison"],"picked":"Backflip","floor":12},{"not_picked":["Dagger Spray","Backflip","Dagger Throw"],"picked":"SKIP","floor":14},{"not_picked":["Burst","Envenom"],"picked":"After Image","floor":16},{"not_picked":["Quick Slash","Predator","Dagger Throw+1"],"picked":"SKIP","floor":18},{"not_picked":["Quick Slash","Outmaneuver"],"picked":"Noxious Fumes","floor":19},{"not_picked":["Poisoned Stab","Riddle With Holes","Infinite Blades"],"picked":"SKIP","floor":21}],"player_experience":1562474,"relics_obtained":[{"floor":7,"key":"Lantern"},{"floor":9,"key":"Eternal Feather"},{"floor":10,"key":"TungstenRod"},{"floor":12,"key":"Gremlin Horn"}],"event_choices":[{"cards_removed":["Strike_G"],"damage_healed":0,"gold_gain":0,"player_choice":"Offered Basic","damage_taken":0,"max_hp_gain":0,"max_hp_loss":0,"event_name":"Bonfire Elementals","floor":3,"gold_loss":0},{"damage_healed":0,"gold_gain":0,"player_choice":"Became a Ghost","damage_taken":0,"max_hp_gain":0,"max_hp_loss":33,"event_name":"Ghosts","floor":22,"gold_loss":0,"cards_obtained":["Ghostly","Ghostly","Ghostly"]}],"is_beta":false,"boss_relics":[{"not_picked":["Runic Dome","Ectoplasm"],"picked":"Runic Pyramid"}],"items_purged_floors":[4,20],"is_endless":false,"potions_floor_spawned":[1,12,14,16],"killed_by":"Slavers","ascension_level":20}}