{"host":"tetk82fuf8thwxol","time":1613190501,"event":{"mods":["AchievementEnabler","BaseMod","BetterRewards","GifTheSpireLib","Hermit","Minty Spire (QoL Compilation)","Permanent Neow","Quick Restart","Shop Mod","Spicy Shops","StSLib","The Bug Knight","The Cursed","The Runesmith"],"gold_per_floor":[10018,9034,9046,9063,9076,9107,9125,9155,9181,9181,9213,9225,9225,9241,9241,9336,9336,9347,9446,9446,9465,9476,9504,9504,9518,9518,9552,9552,8049,8075,8075,8075,8173,8173,8191,7486,7497,7516,7527,7527,7545,7576,7599,7074,7074,7085,7101,7133,7133,7133,7133,7133,6702,6729,6729],"floor_reached":56,"language":"ENG","playtime":1508,"items_purged":["Strike_R","Strike_R","Defend_R","Strike_R","Evolve+1","Defend_R","Bash+1"],"score":1932,"play_id":"69d335e5-c343-461c-92b3-8743efb8e55c","local_time":"20210212222821","is_ascension_mode":true,"campfire_choices":[{"floor":15,"key":"RECALL"},{"floor":24,"key":"REST"},{"floor":28,"key":"REST"},{"floor":32,"key":"REST"},{"floor":40,"key":"REST"},{"floor":45,"key":"REST"},{"floor":49,"key":"REST"},{"floor":52,"key":"REST"}],"circlet_count":0,"master_deck":["Strike_R+1","Strike_R+1","Defend_R+1","Defend_R+1","Flex+1","Flex+1","Heavy Blade+1","Heavy Blade+1","Cleave+1","Inflame+1","Flex+1","Clash+1","Flex+1","Double Tap+1","Feed+1","Thunderclap+1","Limit Break+1","Limit Break+1","Whirlwind+1","Limit Break+1"],"relics":["Burning Blood","Vajra","Toxic Egg 2","Brimstone","Frozen Egg 2","Meat on the Bone","HandDrill","Molten Egg 2","Omamori","Kunai","Shuriken","Anchor","StoneCalendar","War Paint","Orichalcum","Magic Flower","Blood Vial","Bronze Scales","Fusion Hammer","Bag of Preparation","Ginger","Strawberry","Eternal Feather","CaptainsWheel","Torii","Medical Kit","Centennial Puzzle","ClockworkSouvenir","Dead Branch","Cursed Key","Membership Card","Happy Flower","Question Card","Paper Frog","Whetstone","Pear","StrikeDummy","Ancient Tea Set","Juzu Bracelet","InkBottle","Lantern","Self Forming Clay","FossilizedHelix","Lee\u0027s Waffle","HollowMod:PaleOreRelic"],"acts_visited":["Exordium","TheCity","TheBeyond","TheEnding"],"potions_floor_usage":[8,16,33,37,50],"damage_taken":[{"damage":0,"enemies":"Jaw Worm","floor":1,"turns":1},{"damage":0,"enemies":"2 Louse","floor":3,"turns":1},{"damage":0,"enemies":"Small Slimes","floor":4,"turns":2},{"damage":0,"enemies":"Red Slaver","floor":5,"turns":1},{"damage":0,"enemies":"Gremlin Nob","floor":6,"turns":2},{"damage":0,"enemies":"Looter","floor":7,"turns":1},{"damage":0,"enemies":"3 Sentries","floor":8,"turns":2},{"damage":12,"enemies":"Gremlin Nob","floor":11,"turns":3},{"damage":12,"enemies":"Exordium Thugs","floor":12,"turns":1},{"damage":0,"enemies":"Gremlin Gang","floor":14,"turns":1},{"damage":52,"enemies":"Hexaghost","floor":16,"turns":4},{"damage":4,"enemies":"2 Thieves","floor":18,"turns":3},{"damage":0,"enemies":"Chosen","floor":21,"turns":2},{"damage":14,"enemies":"Snecko","floor":22,"turns":3},{"damage":12,"enemies":"Slavers","floor":23,"turns":3},{"damage":0,"enemies":"Cultist and Chosen","floor":25,"turns":2},{"damage":0,"enemies":"Gremlin Leader","floor":27,"turns":2},{"damage":1,"enemies":"Slavers","floor":30,"turns":2},{"damage":21,"enemies":"Automaton","floor":33,"turns":3},{"damage":0,"enemies":"3 Shapes","floor":35,"turns":2},{"damage":0,"enemies":"3 Darklings","floor":37,"turns":2},{"damage":6,"enemies":"Sphere and 2 Shapes","floor":38,"turns":1},{"damage":0,"enemies":"Transient","floor":39,"turns":4},{"damage":0,"enemies":"Maw","floor":41,"turns":2},{"damage":30,"enemies":"Reptomancer","floor":42,"turns":3},{"damage":0,"enemies":"Jaw Worm Horde","floor":46,"turns":1},{"damage":0,"enemies":"Writhing Mass","floor":47,"turns":1},{"damage":0,"enemies":"Giant Head","floor":48,"turns":2},{"damage":17,"enemies":"Time Eater","floor":50,"turns":2},{"damage":0,"enemies":"Shield and Spear","floor":54,"turns":1},{"damage":117,"enemies":"The Heart","floor":55,"turns":4}],"seed_played":"2116852003862388571","potions_obtained":[{"floor":3,"key":"SpeedPotion"},{"floor":4,"key":"Block Potion"},{"floor":11,"key":"BloodPotion"},{"floor":14,"key":"Energy Potion"},{"floor":16,"key":"FairyPotion"},{"floor":22,"key":"Fire Potion"},{"floor":25,"key":"SteroidPotion"},{"floor":39,"key":"ElixirPotion"},{"floor":41,"key":"Fire Potion"},{"floor":48,"key":"Block Potion"},{"floor":54,"key":"PowerPotion"}],"is_trial":false,"path_per_floor":["M","$","M","M","M","E","M","E","T","?","E","M","?","M","R","B",null,"M","?","?","M","M","E","R","M","T","E","R","$","E","?","R","B",null,"M","$","M","M","M","R","M","E","T","$","R","M","M","E","R","B",null,"R","$","E","B",null],"character_chosen":"IRONCLAD","items_purchased":["Vajra","Toxic Egg 2","Brimstone","Flex+1","Flex+1","Frozen Egg 2","Meat on the Bone","HandDrill","Molten Egg 2","Omamori","Heavy Blade+1","Kunai","Heavy Blade+1","Shuriken","Anchor","StoneCalendar","Inflame+1","Flex+1","War Paint","Eternal Feather","CaptainsWheel","Torii","Medical Kit","Centennial Puzzle","ClockworkSouvenir","Membership Card","Happy Flower","Question Card","Paper Frog","Limit Break+1","Pear","StrikeDummy","Ancient Tea Set","Juzu Bracelet","Limit Break+1","Lantern","Self Forming Clay","FossilizedHelix","Lee\u0027s Waffle"],"campfire_rested":7,"item_purchase_floors":[0,0,0,0,0,0,0,0,0,0,0,0,0,2,2,2,2,2,2,29,29,29,29,29,29,36,36,36,36,36,44,44,44,44,44,53,53,53,53],"current_hp_per_floor":[78,78,80,80,80,80,80,80,80,80,77,77,61,73,73,57,74,80,80,80,80,75,81,84,84,84,91,91,91,91,91,91,79,88,91,91,91,91,95,95,95,74,74,84,105,109,109,109,109,107,112,113,120,120,30],"gold":6729,"neow_bonus":"","is_daily":false,"chose_seed":false,"campfire_upgraded":0,"win_rate":0.0,"timestamp":1613190501,"path_taken":["M","$","M","M","M","E","M","E","T","?","E","M","?","M","R","BOSS","M","?","?","M","?","E","R","M","T","E","R","$","E","?","R","BOSS","M","$","M","M","M","R","M","E","T","$","R","M","M","E","R","BOSS","R","$","E","BOSS"],"items_purchased_type":["Relic","Relic","Relic","Card","Card","Relic","Relic","Relic","Relic","Relic","Card","Relic","Card","Relic","Relic","Relic","Card","Card","Relic","Relic","Relic","Relic","Relic","Relic","Relic","Relic","Relic","Relic","Relic","Card","Relic","Relic","Relic","Relic","Card","Relic","Relic","Relic","Relic"],"build_version":"2020-12-22","purchased_purges":7,"victory":true,"max_hp_per_floor":[80,80,80,80,80,80,80,80,80,80,80,80,80,80,80,80,80,80,80,80,80,80,84,84,84,84,91,91,91,91,91,91,91,91,91,91,91,91,95,95,95,95,95,105,105,109,109,109,109,113,113,113,120,120,120],"card_choices":[{"not_picked":["Clothesline+1","Blood for Blood+1"],"picked":"Cleave+1","floor":1},{"not_picked":["Iron Wave+1","Clothesline+1","Entrench+1"],"picked":"SKIP","floor":3},{"not_picked":["Havoc+1","Body Slam+1"],"picked":"Clash+1","floor":4},{"not_picked":["Body Slam+1","Cleave+1"],"picked":"Flex+1","floor":5},{"not_picked":["Seeing Red+1","Twin Strike+1","Blood for Blood+1"],"picked":"SKIP","floor":6},{"not_picked":["Uppercut+1","Havoc+1","Shrug It Off+1"],"picked":"SKIP","floor":7},{"not_picked":["Rampage+1","Rage+1","Spot Weakness+1"],"picked":"SKIP","floor":8},{"not_picked":["Bloodletting+1","Warcry+1","Dropkick+1"],"picked":"SKIP","floor":11},{"not_picked":["Sword Boomerang+1","Perfected Strike+1"],"picked":"Double Tap+1","floor":12},{"not_picked":["Clothesline+1","Feel No Pain+1"],"picked":"Evolve+1","floor":14},{"not_picked":["Brutality+1","Juggernaut+1"],"picked":"Feed+1","floor":16},{"not_picked":["Wild Strike+1","Burning Pact+1"],"picked":"Thunderclap+1","floor":18},{"not_picked":["Havoc+1","Hemokinesis+1","Evolve+1"],"picked":"SKIP","floor":21},{"not_picked":["Rupture+1","Anger+1","True Grit+1"],"picked":"SKIP","floor":22},{"not_picked":["Shrug It Off+1","Battle Trance+1","Double Tap+1"],"picked":"SKIP","floor":23},{"not_picked":["Clash+1","Havoc+1","Shrug It Off+1"],"picked":"SKIP","floor":25},{"not_picked":["True Grit+1","Headbutt+1","Ghostly Armor+1"],"picked":"SKIP","floor":27},{"not_picked":["Flame Barrier+1","Wild Strike+1","Armaments+1"],"picked":"SKIP","floor":30},{"not_picked":["Feed+1","Bludgeon+1"],"picked":"Limit Break+1","floor":33},{"not_picked":["Anger+1","True Grit+1","Rage+1"],"picked":"SKIP","floor":35},{"not_picked":["Headbutt+1","Heavy Blade+1","Armaments+1"],"picked":"Whirlwind+1","floor":37},{"not_picked":["Combust+1","Anger+1","Heavy Blade+1","Entrench+1"],"picked":"SKIP","floor":38},{"not_picked":["Sword Boomerang+1","Rage+1","Headbutt+1","Pommel Strike+1"],"picked":"SKIP","floor":39},{"not_picked":["Cleave+1","Ghostly Armor+1","Wild Strike+1","Flame Barrier+1"],"picked":"SKIP","floor":41},{"not_picked":["True Grit+1","Havoc+1","Body Slam+1","Headbutt+1"],"picked":"SKIP","floor":42},{"not_picked":["Burning Pact+1","Clothesline+1","Shockwave+1","Wild Strike+1"],"picked":"SKIP","floor":46},{"not_picked":["Twin Strike+1","Iron Wave+1","Spot Weakness+1","Sword Boomerang+1"],"picked":"SKIP","floor":47},{"not_picked":["Impervious+1","Immolate+1","Clash+1","Twin Strike+1"],"picked":"SKIP","floor":48},{"not_picked":["Barricade+1","Seeing Red+1","Bloodletting+1","Sentinel+1"],"picked":"SKIP","floor":54}],"player_experience":210910,"relics_obtained":[{"floor":6,"key":"Orichalcum"},{"floor":8,"key":"Magic Flower"},{"floor":9,"key":"Blood Vial"},{"floor":11,"key":"Bronze Scales"},{"floor":23,"key":"Bag of Preparation"},{"floor":26,"key":"Ginger"},{"floor":27,"key":"Strawberry"},{"floor":30,"key":"Dead Branch"},{"floor":42,"key":"Whetstone"},{"floor":48,"key":"InkBottle"},{"floor":54,"key":"HollowMod:PaleOreRelic"}],"event_choices":[{"damage_healed":0,"gold_gain":0,"player_choice":"Grow","damage_taken":0,"max_hp_gain":0,"max_hp_loss":0,"event_name":"Living Wall","floor":10,"gold_loss":0,"cards_upgraded":["Bash"]},{"damage_healed":0,"gold_gain":0,"player_choice":"Entered Light","damage_taken":16,"max_hp_gain":0,"max_hp_loss":0,"event_name":"Shining Light","floor":13,"gold_loss":0,"cards_upgraded":["Strike_R","Strike_R"]},{"damage_healed":0,"gold_gain":99,"player_choice":"Stole From Cult","damage_taken":0,"max_hp_gain":0,"max_hp_loss":0,"event_name":"Nest","floor":19,"gold_loss":0},{"damage_healed":0,"gold_gain":0,"player_choice":"Got Potions","damage_taken":0,"max_hp_gain":0,"max_hp_loss":0,"event_name":"Lab","floor":20,"gold_loss":0},{"damage_healed":0,"gold_gain":0,"player_choice":"Cursed","damage_taken":0,"max_hp_gain":0,"max_hp_loss":0,"event_name":"Wheel of Change","floor":31,"gold_loss":0,"cards_obtained":["Decay"]}],"is_beta":false,"boss_relics":[{"not_picked":["Empty Cage","Black Star"],"picked":"Fusion Hammer"},{"not_picked":["Pandora\u0027s Box","Calling Bell"],"picked":"Cursed Key"}],"items_purged_floors":[0,0,0,0,29,36,44],"is_endless":false,"potions_floor_spawned":[3,4,11,14,16,22,25,27,30,39,41,48,54],"ascension_level":7}}