{"host":"4rvakrj1idbgia3f","time":1613201053,"event":{"mods":["BaseMod","Colored Map","Colored Powertips","DeckTracker","Highlight Path","Minty Spire (QoL Compilation)","Random Character Button","StSLib"],"gold_per_floor":[115,135,210,210,222,247,247,260,260,284,284,304,304,321,321,397,397,409,91,105,119,119,119,129,129,129,129,141,151,151,162,162,236,236,256,256,272,272,285,285,285,285,285],"floor_reached":42,"language":"JPN","playtime":32029,"items_purged":["Zap"],"score":804,"play_id":"b2067d99-e6c6-4421-a9fa-780f60f8f2dc","local_time":"20210213162413","is_ascension_mode":true,"campfire_choices":[{"data":"Fission","floor":7.0,"key":"SMITH"},{"data":"Defragment","floor":11.0,"key":"SMITH"},{"data":"Glacier","floor":13.0,"key":"SMITH"},{"data":"Darkness","floor":15.0,"key":"SMITH"},{"data":"Capacitor","floor":23,"key":"SMITH"},{"data":"Chill","floor":27,"key":"SMITH"},{"data":"Blizzard","floor":30,"key":"SMITH"},{"data":"Echo Form","floor":32,"key":"SMITH"},{"floor":40,"key":"REST"}],"circlet_count":0,"master_deck":["AscendersBane","Dualcast","Glacier+1","Fission+1","Coolheaded","Echo Form+1","Defragment+1","Glacier","Darkness+1","Machine Learning","Capacitor+1","Cold Snap","Barrage","Ball Lightning","Chill+1","Glacier","Sweeping Beam","Lockon","Conserve Battery","Blizzard+1","Aggregate","Static Discharge+1","Hologram+1","Turbo","Panacea","Writhe"],"relics":["Cracked Core","NeowsBlessing","Bronze Scales","Strawberry","PreservedInsect","Pandora\u0027s Box","Anchor","Bag of Preparation","Runic Pyramid"],"acts_visited":["Exordium","TheCity","TheBeyond"],"potions_floor_usage":[24,33,39,42],"damage_taken":[{"damage":0.0,"enemies":"Jaw Worm","floor":1.0,"turns":1.0},{"damage":0.0,"enemies":"Cultist","floor":2.0,"turns":1.0},{"damage":0.0,"enemies":"Small Slimes","floor":5.0,"turns":1.0},{"damage":22.0,"enemies":"3 Sentries","floor":6.0,"turns":13.0},{"damage":0.0,"enemies":"Blue Slaver","floor":8.0,"turns":3.0},{"damage":13.0,"enemies":"Large Slime","floor":12.0,"turns":5.0},{"damage":0.0,"enemies":"2 Fungi Beasts","floor":14.0,"turns":4.0},{"damage":19.0,"enemies":"The Guardian","floor":16.0,"turns":10.0},{"damage":5.0,"enemies":"Shell Parasite","floor":18.0,"turns":6.0},{"damage":5,"enemies":"Spheric Guardian","floor":20,"turns":4},{"damage":8,"enemies":"Cultist and Chosen","floor":21,"turns":6},{"damage":4,"enemies":"Snake Plant","floor":24,"turns":5},{"damage":0,"enemies":"Snecko","floor":28,"turns":8},{"damage":0,"enemies":"3 Cultists","floor":29,"turns":4},{"damage":0,"enemies":"Shelled Parasite and Fungi","floor":31,"turns":3},{"damage":6,"enemies":"Collector","floor":33,"turns":9},{"damage":0,"enemies":"Orb Walker","floor":35,"turns":3},{"damage":1,"enemies":"3 Darklings","floor":37,"turns":4},{"damage":60,"enemies":"Transient","floor":39,"turns":6},{"damage":57,"enemies":"Giant Head","floor":42,"turns":6}],"seed_played":"-6076081674145157706","potions_obtained":[{"floor":1.0,"key":"SkillPotion"},{"floor":6.0,"key":"DuplicationPotion"},{"floor":8.0,"key":"SneckoOil"},{"floor":14.0,"key":"Weak Potion"},{"floor":16.0,"key":"FocusPotion"},{"floor":28,"key":"FocusPotion"},{"floor":35,"key":"Regen Potion"},{"floor":39,"key":"FearPotion"}],"is_trial":false,"path_per_floor":["M","M","?","?","M","E","R","M","T","T","R","M","R","M","R","B",null,"M","$","M","M","?","R","M","?","T","R","M","M","R","M","R","B",null,"M","?","M","?","M","R","?","E"],"character_chosen":"DEFECT","items_purchased":["Blizzard","Anchor"],"campfire_rested":1,"item_purchase_floors":[19,19],"current_hp_per_floor":[64,64,53,53,53,31,31,31,38,38,38,25,25,25,25,6,60,55,55,50,42,42,42,38,38,38,38,38,38,38,38,38,32,67,67,67,66,66,6,29,45,0,0],"gold":285,"neow_bonus":"THREE_ENEMY_KILL","is_daily":false,"chose_seed":false,"campfire_upgraded":8,"win_rate":0.0,"timestamp":1613201053,"path_taken":["M","M","?","?","?","E","R","M","T","?","R","M","R","M","R","BOSS","M","$","M","M","?","R","M","?","T","R","M","M","R","M","R","BOSS","M","?","M","?","M","R","?","E"],"items_purchased_type":["Card","Relic"],"build_version":"2020-12-22","purchased_purges":1,"victory":false,"max_hp_per_floor":[71,71,71,71,71,71,71,71,78,78,78,78,78,78,78,78,78,78,78,78,78,78,78,78,78,78,78,78,78,78,78,78,78,78,78,78,78,78,78,78,78,78,78],"card_choices":[{"not_picked":["Double Energy","Go for the Eyes"],"picked":"Compile Driver","floor":1.0},{"not_picked":["Go for the Eyes","Doom and Gloom"],"picked":"Glacier","floor":2.0},{"not_picked":["Reprogram","Steam Power"],"picked":"Coolheaded","floor":5.0},{"not_picked":["Sunder","Go for the Eyes"],"picked":"Echo Form","floor":6.0},{"not_picked":["Hologram","Leap"],"picked":"Defragment","floor":8.0},{"not_picked":["Reprogram","Self Repair"],"picked":"Glacier","floor":12.0},{"not_picked":["Genetic Algorithm","Barrage"],"picked":"Darkness","floor":14.0},{"not_picked":["Echo Form","Thunder Strike"],"picked":"Machine Learning","floor":16.0},{"not_picked":["Go for the Eyes","Steam"],"picked":"Conserve Battery","floor":18.0},{"not_picked":["Ball Lightning","Stack"],"picked":"Aggregate","floor":20},{"not_picked":["Barrage","Glacier","Chaos"],"picked":"SKIP","floor":21},{"not_picked":["Cold Snap+1","Rebound"],"picked":"Static Discharge+1","floor":24},{"not_picked":["Lockon","Stack+1"],"picked":"Hologram+1","floor":28},{"not_picked":["Chaos","Rip and Tear","Barrage+1"],"picked":"SKIP","floor":29},{"not_picked":["Meteor Strike","Redo","Conserve Battery"],"picked":"SKIP","floor":31},{"not_picked":["Undo","Conserve Battery+1"],"picked":"Turbo","floor":35},{"not_picked":["Barrage","Rip and Tear","Reprogram"],"picked":"SKIP","floor":37},{"not_picked":["Mind Blast","Discovery"],"picked":"Panacea","floor":38},{"not_picked":["Go for the Eyes+1","Redo","Scrape"],"picked":"SKIP","floor":39}],"player_experience":2316953,"relics_obtained":[{"floor":6.0,"key":"Bronze Scales"},{"floor":9.0,"key":"Strawberry"},{"floor":10.0,"key":"PreservedInsect"},{"floor":26,"key":"Bag of Preparation"}],"event_choices":[{"damage_healed":0.0,"max_hp_gain":0.0,"max_hp_loss":0.0,"gold_gain":75.0,"event_name":"World of Goop","player_choice":"Gather Gold","floor":3.0,"gold_loss":0.0,"damage_taken":11.0},{"damage_healed":0.0,"max_hp_gain":0.0,"max_hp_loss":0.0,"gold_gain":0.0,"event_name":"Match and Keep!","player_choice":"1 cards matched","floor":4.0,"gold_loss":0.0,"damage_taken":0.0,"cards_obtained":["Fission"]},{"damage_healed":0,"gold_gain":0,"player_choice":"Ignored","damage_taken":0,"max_hp_gain":0,"max_hp_loss":0,"event_name":"Ghosts","floor":22,"gold_loss":0},{"damage_healed":0,"gold_gain":0,"player_choice":"Ignored","damage_taken":0,"max_hp_gain":0,"max_hp_loss":0,"event_name":"Vampires","floor":25,"gold_loss":0},{"cards_removed":["Compile Driver"],"damage_healed":0,"gold_gain":0,"player_choice":"Removed Attack","damage_taken":0,"max_hp_gain":0,"max_hp_loss":0,"event_name":"Falling","floor":36,"gold_loss":0},{"damage_healed":0,"gold_gain":0,"player_choice":"Memory 1","damage_taken":0,"max_hp_gain":0,"max_hp_loss":0,"event_name":"SensoryStone","floor":38,"gold_loss":0},{"damage_healed":16,"gold_gain":0,"player_choice":"Writhe","damage_taken":0,"max_hp_gain":0,"max_hp_loss":0,"event_name":"Winding Halls","floor":41,"gold_loss":0,"cards_obtained":["Writhe"]}],"is_beta":false,"boss_relics":[{"not_picked":["Runic Dome","Empty Cage"],"picked":"Pandora\u0027s Box"},{"not_picked":["Calling Bell","FrozenCore"],"picked":"Runic Pyramid"}],"items_purged_floors":[19],"is_endless":false,"potions_floor_spawned":[1,6,8,14,16,21,28,31,35,39],"killed_by":"Giant Head","ascension_level":20}}