{"host":"f0gpob8hq9vgebej","time":1613236172,"event":{"mods":["AchievementEnabler","BaseMod","Minty Spire (QoL Compilation)","Quick Restart","SuperFastMode"],"gold_per_floor":[112,128,128,141,161,161,174,207,232,307,117,139,59,80,80,80,80],"floor_reached":16,"language":"KOR","playtime":359,"items_purged":["Strike_G"],"score":192,"play_id":"504f1e64-3c35-45ad-89e4-a9508275d2a5","local_time":"20210214020932","is_ascension_mode":true,"campfire_choices":[{"data":"Masterful Stab","floor":6,"key":"SMITH"},{"floor":15,"key":"REST"}],"circlet_count":0,"master_deck":["AscendersBane","Strike_G","Strike_G","Strike_G","Strike_G","Defend_G","Defend_G","Defend_G","Defend_G","Defend_G","Survivor","Neutralize+1","Infinite Blades","PiercingWail","Masterful Stab+1","Backstab","Slice","Footwork","Escape Plan","Deadly Poison","Quick Slash","Accuracy","Backflip"],"relics":["Ring of the Snake","Ninja Scroll","CeramicFish"],"acts_visited":[],"potions_floor_usage":[8,8,14,16],"damage_taken":[{"damage":1,"enemies":"Jaw Worm","floor":1,"turns":7},{"damage":0,"enemies":"2 Louse","floor":2,"turns":2},{"damage":3,"enemies":"Cultist","floor":4,"turns":5},{"damage":14,"enemies":"2 Fungi Beasts","floor":5,"turns":4},{"damage":12,"enemies":"Large Slime","floor":7,"turns":7},{"damage":10,"enemies":"3 Sentries","floor":8,"turns":7},{"damage":6,"enemies":"Exordium Thugs","floor":12,"turns":4},{"damage":0,"enemies":"Blue Slaver","floor":14,"turns":2},{"damage":24,"enemies":"Slime Boss","floor":16,"turns":7}],"seed_played":"2291410573714623822","potions_obtained":[{"floor":4,"key":"BlessingOfTheForge"},{"floor":7,"key":"DuplicationPotion"},{"floor":8,"key":"Swift Potion"},{"floor":12,"key":"LiquidBronze"}],"is_trial":false,"path_per_floor":["M","M","?","M","M","R","M","E","T","?","$","M","$","M","R","B"],"character_chosen":"THE_SILENT","items_purchased":["Escape Plan","Deadly Poison","Accuracy"],"campfire_rested":1,"item_purchase_floors":[11,11,13],"current_hp_per_floor":[58,58,58,55,41,41,29,19,19,8,8,2,2,2,21,0,0],"gold":80,"neow_bonus":"UPGRADE_CARD","is_daily":false,"chose_seed":false,"campfire_upgraded":1,"win_rate":0.0,"timestamp":1613236172,"path_taken":["M","M","?","M","M","R","M","E","T","?","$","M","$","M","R","BOSS"],"items_purchased_type":["Card","Card","Card"],"build_version":"2020-12-22","purchased_purges":1,"victory":false,"max_hp_per_floor":[66,66,66,66,66,66,66,66,66,66,66,66,66,66,66,66,66],"card_choices":[{"not_picked":["Acrobatics","Predator"],"picked":"Infinite Blades","floor":1},{"not_picked":["Bouncing Flask","Noxious Fumes"],"picked":"PiercingWail","floor":2},{"not_picked":["Finisher","Bouncing Flask"],"picked":"Masterful Stab","floor":4},{"not_picked":["Dagger Spray","Eviscerate"],"picked":"Backstab","floor":5},{"not_picked":["Underhanded Strike","Prepared"],"picked":"Slice","floor":7},{"not_picked":["Riddle With Holes","PiercingWail"],"picked":"Footwork","floor":8},{"not_picked":["Slice","Blur"],"picked":"Quick Slash","floor":12},{"not_picked":["Eviscerate","Dagger Throw"],"picked":"Backflip","floor":14}],"player_experience":385550,"relics_obtained":[{"floor":8,"key":"Ninja Scroll"},{"floor":9,"key":"CeramicFish"}],"event_choices":[{"damage_healed":0,"gold_gain":0,"player_choice":"Ignored","damage_taken":0,"max_hp_gain":0,"max_hp_loss":0,"event_name":"Golden Idol","floor":3,"gold_loss":0},{"damage_healed":0,"gold_gain":75,"player_choice":"Gather Gold","damage_taken":11,"max_hp_gain":0,"max_hp_loss":0,"event_name":"World of Goop","floor":10,"gold_loss":0}],"is_beta":false,"boss_relics":[],"items_purged_floors":[11],"is_endless":false,"potions_floor_spawned":[4,7,8,12],"killed_by":"Slime Boss","ascension_level":17}}