{"host":"37ccm3d17clopct7","time":1613199296,"event":{"mods":["BaseMod","GungeonMod","Hermit","Lobotomy","Minty Spire (QoL Compilation)","StSLib","The Bug Knight","The Cursed","The Hierophant","The Jungle","The Runesmith"],"gold_per_floor":[109,119,130,130,147,178,195,212,291,291,291,370,370,90,90,90,90],"floor_reached":16,"language":"KOR","playtime":657,"items_purged":["TheCursedMod:Defend_TheCursed"],"score":102,"play_id":"fae5e95a-5416-4eaa-84cb-7c804c181455","local_time":"20210213155456","is_ascension_mode":false,"campfire_choices":[{"floor":13,"key":"REST"},{"floor":15,"key":"RECALL"}],"circlet_count":0,"master_deck":["TheCursedMod:Strike_TheCursed","TheCursedMod:Strike_TheCursed","TheCursedMod:Strike_TheCursed","TheCursedMod:Defend_TheCursed","TheCursedMod:Defend_TheCursed","TheCursedMod:Defend_TheCursed","TheCursedMod:CursedWand","TheCursedMod:CleanUpWorkshop","TheCursedMod:Dregs","TheCursedMod:SpitefulStrike","TheCursedMod:Obscuration","TheCursedMod:ManaBullet","TheCursedMod:SmokeScreen","TheCursedMod:CursedAmulet","TheCursedMod:SurpriseAttack"],"relics":["TheCursedMod:BlackMagic101","NeowsBlessing","Shovel","DemoMod:Antibody","TheAbacus"],"acts_visited":["Exordium"],"potions_floor_usage":[6],"damage_taken":[{"damage":0,"enemies":"2 Louse","floor":1,"turns":1},{"damage":0,"enemies":"Small Slimes","floor":2,"turns":1},{"damage":0,"enemies":"Jaw Worm","floor":3,"turns":1},{"damage":1,"enemies":"2 Fungi Beasts","floor":5,"turns":5},{"damage":22,"enemies":"3 Sentries","floor":6,"turns":11},{"damage":0,"enemies":"Looter","floor":7,"turns":3},{"damage":6,"enemies":"Gremlin Gang","floor":8,"turns":9},{"damage":70,"enemies":"Hexaghost","floor":16,"turns":21}],"seed_played":"-3835468806293800077","potions_obtained":[{"floor":2,"key":"LiquidMemories"},{"floor":7,"key":"GamblersBrew"}],"is_trial":false,"path_per_floor":["M","M","M","?","M","E","M","M","T","?","?","?","R","$","R","B"],"character_chosen":"THE_CURSED","items_purchased":["TheCursedMod:SurpriseAttack","TheAbacus"],"campfire_rested":1,"item_purchase_floors":[14,14],"current_hp_per_floor":[75,75,75,63,62,40,40,34,34,34,34,34,75,75,75,5,5],"gold":90,"neow_bonus":"THREE_ENEMY_KILL","is_daily":false,"chose_seed":false,"campfire_upgraded":0,"win_rate":0.0,"timestamp":1613199296,"path_taken":["M","M","M","?","M","E","M","M","T","?","?","?","R","$","R","BOSS"],"items_purchased_type":["Card","Relic"],"build_version":"2020-12-22","purchased_purges":1,"victory":false,"max_hp_per_floor":[75,75,75,75,75,75,75,75,75,75,75,75,75,75,75,75,75],"card_choices":[{"not_picked":["TheCursedMod:SmokeScreen","TheCursedMod:CursedMace"],"picked":"TheCursedMod:SpitefulStrike","floor":1},{"not_picked":["TheCursedMod:Stigma","TheCursedMod:PrepareRite","TheCursedMod:CursedStaff"],"picked":"SKIP","floor":2},{"not_picked":["TheCursedMod:CursedBlade","TheCursedMod:CursedAmulet"],"picked":"TheCursedMod:Obscuration","floor":3},{"not_picked":["TheCursedMod:SpitefulStrike","TheCursedMod:Wield","TheCursedMod:Torture"],"picked":"SKIP","floor":5},{"not_picked":["TheCursedMod:DoubleShield","TheCursedMod:RavingStaff"],"picked":"TheCursedMod:ManaBullet","floor":6},{"not_picked":["TheCursedMod:CursedBlade","TheCursedMod:Stretching"],"picked":"TheCursedMod:SmokeScreen","floor":7},{"not_picked":["TheCursedMod:PrepareRite","TheCursedMod:HellsGateOpen"],"picked":"TheCursedMod:CursedAmulet","floor":8}],"player_experience":192612,"relics_obtained":[{"floor":6,"key":"DemoMod:Antibody"}],"event_choices":[{"damage_healed":0,"gold_gain":0,"player_choice":"Success","damage_taken":12,"relics_obtained":["Shovel"],"max_hp_gain":0,"max_hp_loss":0,"event_name":"Scrap Ooze","floor":4,"gold_loss":0},{"damage_healed":0,"gold_gain":0,"player_choice":"Ignored","damage_taken":0,"max_hp_gain":0,"max_hp_loss":0,"event_name":"Shining Light","floor":10,"gold_loss":0},{"cards_removed":["TheCursedMod:Strike_TheCursed"],"damage_healed":0,"gold_gain":0,"player_choice":"Forget","damage_taken":0,"max_hp_gain":0,"max_hp_loss":0,"event_name":"Living Wall","floor":11,"gold_loss":0},{"damage_healed":0,"gold_gain":79,"player_choice":"Gained Gold","damage_taken":0,"max_hp_gain":0,"max_hp_loss":0,"event_name":"Golden Wing","floor":12,"gold_loss":0}],"is_beta":false,"boss_relics":[],"items_purged_floors":[14],"is_endless":false,"potions_floor_spawned":[2,7],"killed_by":"Hexaghost","ascension_level":0}}