{"host":"Krakhan","time":1613194112,"event":{"mods":["AchievementEnabler","BaseMod","Colored Map","Colored Powertips","Faster Ascension Climbing","Highlight Path","Minty Spire (QoL Compilation)","Rare Cards Sparkle","Relic Stats","StSLib"],"gold_per_floor":[109,109,121,121,138,170,170,187,187,213,228,228,261,261,261,337,337,357,376,376,388,84,84,104,104,104],"floor_reached":25,"language":"ENG","playtime":1394,"items_purged":[],"score":450,"play_id":"be986b65-8b96-4e75-8901-a9708ccfc944","local_time":"20210213002832","is_ascension_mode":true,"campfire_choices":[{"floor":7,"key":"REST"},{"floor":15,"key":"REST"},{"data":"Uppercut","floor":23,"key":"SMITH"}],"circlet_count":0,"master_deck":["AscendersBane","Bash+1","Pommel Strike","Battle Trance","Sword Boomerang","Armaments","Uppercut","Cleave","Shrug It Off","Flame Barrier","Immolate","Reaper","Rupture+1","Juggernaut+1","Reaper","Havoc","Searing Blow","Uppercut+1","Sentinel","Pommel Strike","Rampage","Combust+1","Evolve+1","Fire Breathing+1","Shockwave"],"relics":["Philosopher\u0027s Stone","StoneCalendar","Incense Burner","Frozen Egg 2","Pen Nib","Pandora\u0027s Box","Medical Kit"],"acts_visited":["Exordium","TheCity"],"potions_floor_usage":[6,13,14,22,25],"damage_taken":[{"damage":2,"enemies":"Small Slimes","floor":1,"turns":3},{"damage":5,"enemies":"2 Louse","floor":3,"turns":2},{"damage":2,"enemies":"Cultist","floor":5,"turns":3},{"damage":30,"enemies":"3 Sentries","floor":6,"turns":8},{"damage":14,"enemies":"Large Slime","floor":8,"turns":3},{"damage":24,"enemies":"Lagavulin","floor":10,"turns":5},{"damage":8,"enemies":"3 Louse","floor":11,"turns":3},{"damage":17,"enemies":"3 Sentries","floor":13,"turns":7},{"damage":0,"enemies":"Red Slaver","floor":14,"turns":1},{"damage":16,"enemies":"The Guardian","floor":16,"turns":9},{"damage":15,"enemies":"Spheric Guardian","floor":18,"turns":4},{"damage":15,"enemies":"Chosen","floor":19,"turns":4},{"damage":8,"enemies":"Snecko","floor":21,"turns":3},{"damage":37,"enemies":"Snake Plant","floor":24,"turns":4},{"damage":54,"enemies":"Book of Stabbing","floor":25,"turns":5}],"seed_played":"5982264395785467472","potions_obtained":[{"floor":5,"key":"BlessingOfTheForge"},{"floor":10,"key":"Strength Potion"},{"floor":11,"key":"SmokeBomb"},{"floor":20,"key":"Fruit Juice"},{"floor":20,"key":"FairyPotion"}],"is_trial":false,"path_per_floor":["M","?","M","?","M","E","R","M","T","E","M","?","E","M","R","B",null,"M","M","?","M","$","R","M","E"],"character_chosen":"IRONCLAD","items_purchased":["Fire Breathing+1","Fire Potion","Medical Kit"],"campfire_rested":2,"item_purchase_floors":[22,22,22],"current_hp_per_floor":[66,66,61,61,59,29,51,37,37,13,5,30,13,13,35,19,61,46,37,37,35,40,40,6,0,0],"gold":104,"neow_bonus":"BOSS_RELIC","is_daily":false,"chose_seed":false,"campfire_upgraded":1,"win_rate":0.0,"timestamp":1613194112,"path_taken":["M","?","M","?","M","E","R","M","T","E","?","?","E","M","R","BOSS","M","M","?","?","$","R","M","E"],"items_purchased_type":["Card","Potion","Relic"],"build_version":"2020-12-18","purchased_purges":0,"victory":false,"max_hp_per_floor":[75,75,75,75,75,75,75,75,75,75,75,75,75,75,75,75,75,75,75,75,75,80,80,80,80,80],"relic_stats":{"counters":[15,64],"StoneCalendar":[38],"Pandora\u0027s Box":["Rupture","Juggernaut","Reaper","Havoc","Searing Blow","Uppercut","Sentinel","Pommel Strike","Rampage"],"Pen Nib":[4],"Medical Kit":[0],"obtain_stats":[{"Philosopher\u0027s Stone":0,"StoneCalendar":6,"Pandora\u0027s Box":17,"Pen Nib":13,"Incense Burner":9,"Frozen Egg 2":10,"Medical Kit":22,"Burning Blood":0},{"Philosopher\u0027s Stone":0,"StoneCalendar":4,"Pandora\u0027s Box":10,"Pen Nib":8,"Incense Burner":5,"Frozen Egg 2":6,"Medical Kit":13,"Burning Blood":0},{"Philosopher\u0027s Stone":0,"StoneCalendar":16,"Pandora\u0027s Box":44,"Pen Nib":34,"Incense Burner":19,"Frozen Egg 2":24,"Medical Kit":55,"Burning Blood":0}]},"card_choices":[{"not_picked":["Armaments","Spot Weakness"],"picked":"Pommel Strike","floor":1},{"not_picked":["Armaments","Flex"],"picked":"Battle Trance","floor":3},{"not_picked":["Searing Blow","Flex"],"picked":"Armaments","floor":5},{"not_picked":["Fire Breathing","Heavy Blade"],"picked":"Uppercut","floor":6},{"not_picked":["Fire Breathing","Body Slam"],"picked":"Cleave","floor":8},{"not_picked":["Blood for Blood","Brutality+1"],"picked":"Shrug It Off","floor":10},{"not_picked":["Iron Wave","Perfected Strike"],"picked":"Flame Barrier","floor":11},{"not_picked":["Perfected Strike","Spot Weakness"],"picked":"Immolate","floor":13},{"not_picked":["Double Tap","Juggernaut+1"],"picked":"Reaper","floor":16},{"not_picked":["Sever Soul","Havoc"],"picked":"Combust+1","floor":18},{"not_picked":["Wild Strike","Perfected Strike","Reckless Charge"],"picked":"SKIP","floor":19},{"not_picked":["Intimidate","Sentinel"],"picked":"Evolve+1","floor":21},{"not_picked":["Blood for Blood","Shrug It Off+1"],"picked":"Shockwave","floor":24}],"player_experience":1390420,"relics_obtained":[{"floor":6,"key":"StoneCalendar"},{"floor":9,"key":"Incense Burner"},{"floor":10,"key":"Frozen Egg 2"},{"floor":13,"key":"Pen Nib"}],"event_choices":[{"damage_healed":0,"gold_gain":0,"player_choice":"Grow","damage_taken":0,"max_hp_gain":0,"max_hp_loss":0,"event_name":"Living Wall","floor":2,"gold_loss":0,"cards_upgraded":["Bash"]},{"damage_healed":0,"gold_gain":0,"player_choice":"1 cards matched","damage_taken":0,"max_hp_gain":0,"max_hp_loss":0,"event_name":"Match and Keep!","floor":4,"gold_loss":0,"cards_obtained":["Sword Boomerang"]},{"damage_healed":25,"gold_gain":0,"player_choice":"Banana","damage_taken":0,"max_hp_gain":0,"max_hp_loss":0,"event_name":"Big Fish","floor":12,"gold_loss":0},{"damage_healed":0,"gold_gain":0,"player_choice":"Got Potions","damage_taken":0,"max_hp_gain":0,"max_hp_loss":0,"event_name":"Lab","floor":20,"gold_loss":0}],"is_beta":true,"boss_relics":[{"not_picked":["Velvet Choker","SlaversCollar"],"picked":"Pandora\u0027s Box"}],"items_purged_floors":[],"is_endless":false,"potions_floor_spawned":[5,10,11,14,24],"killed_by":"Book of Stabbing","ascension_level":20}}