{"host":"7lqra3rfanasaqnt","time":1613260719,"event":{"mods":["AchievementEnabler","Act Like it!","BaseMod","Colored Powertips","Downfall","Friendly Minions","Gremlin Mod","Minty Spire (QoL Compilation)","StSLib"],"gold_per_floor":[0,20,39,49,34,48,75,107,125,125,35,55,55,82,109,219,231,143,169,281,129,142,142,142,42,68,68,68,101,101,86,104,200,200,200,214,229,229,19,19,19,19,31,31,51,61,61,79,95,95],"floor_reached":51,"language":"ENG","playtime":2448,"items_purged":["champ:Defend","champ:Execute"],"score":949,"play_id":"f55cff98-a940-43b9-bc25-7ee352a9e7cb","local_time":"20210213165839","is_ascension_mode":true,"campfire_choices":[{"data":"champ:Taunt","floor":1.0,"key":"SMITH"},{"data":"champ:SetATrap","floor":10.0,"key":"SMITH"},{"data":"champ:StanceDance","floor":13.0,"key":"SMITH"},{"data":"champ:Lariat","floor":18.0,"key":"SMITH"},{"data":"champ:FalseCounter","floor":25.0,"key":"SMITH"},{"data":"champ:DefensiveShout","floor":27.0,"key":"SMITH"},{"data":"champ:Improvising","floor":30.0,"key":"SMITH"},{"data":"champ:PreciseThrust","floor":35,"key":"SMITH"},{"data":"expansioncontent:DashGenerateEvil","floor":40,"key":"SMITH"},{"floor":44,"key":"RECALL"},{"data":"champ:Circumvent","floor":47,"key":"SMITH"}],"circlet_count":0,"master_deck":["champ:Defend","champ:Defend","champ:Defend","champ:Taunt+1","champ:DefensiveShout+1","champ:StanceDance+1","champ:FlashCut","champ:SetATrap+1","champ:Improvising+1","champ:ShieldSlam","champ:PreciseThrust+1","champ:ArenaPreparation","champ:Lariat+1","champ:SwordSigil+1","champ:FalseCounter+1","Slimebound:Tackle+1","Slimebound:Tackle+1","Slimebound:Tackle+1","champ:SetATrap+1","champ:ShieldWall+1","champ:ShieldThrow","champ:RageSigil+1","champ:ShieldThrow","champ:Circumvent+1","expansioncontent:DashGenerateEvil+1","champ:Backstep+1","champ:ShieldSigil+1","champ:Lariat"],"relics":["champ:ChampionCrown","hexamod:BolsterEngine","Toy Ornithopter","Odd Mushroom","MawBank","Sozu","downfall:HeartBlessingGreen","Chemical X","downfall:HeartBlessingBlue","Matryoshka","Kunai","Busted Crown","downfall:TeleportStone","hexamod:Sixitude","MealTicket","Mercury Hourglass"],"acts_visited":["Exordium","TheCity","TheBeyond"],"potions_floor_usage":[],"damage_taken":[{"damage":21.0,"enemies":"Cultist","floor":2.0,"turns":3.0},{"damage":27.0,"enemies":"Jaw Worm","floor":3.0,"turns":4.0},{"damage":10.0,"enemies":"Small Slimes","floor":4.0,"turns":3.0},{"damage":0.0,"enemies":"downfall:FleeingMerchant","floor":5.0,"turns":4.0},{"damage":25.0,"enemies":"Exordium Thugs","floor":6.0,"turns":4.0},{"damage":17.0,"enemies":"3 Sentries","floor":8.0,"turns":6.0},{"damage":0.0,"enemies":"2 Fungi Beasts","floor":9.0,"turns":5.0},{"damage":10.0,"enemies":"downfall:FleeingMerchant","floor":11.0,"turns":4.0},{"damage":12.0,"enemies":"The Mushroom Lair","floor":12.0,"turns":4.0},{"damage":0.0,"enemies":"Lagavulin","floor":14.0,"turns":4.0},{"damage":0.0,"enemies":"3 Louse","floor":15.0,"turns":4.0},{"damage":0.0,"enemies":"SI_SHIV_ARCHETYPE","floor":16.0,"turns":6.0},{"damage":4.0,"enemies":"downfall:LooterAlt2","floor":19.0,"turns":3.0},{"damage":4.0,"enemies":"downfall:FleeingMerchant","floor":21.0,"turns":4.0},{"damage":4.0,"enemies":"3 Byrds","floor":22.0,"turns":4.0},{"damage":0.0,"enemies":"Book of Stabbing","floor":26.0,"turns":4.0},{"damage":66.0,"enemies":"Slavers","floor":29.0,"turns":7.0},{"damage":0.0,"enemies":"downfall:FleeingMerchant","floor":31.0,"turns":4.0},{"damage":0.0,"enemies":"Snecko","floor":32.0,"turns":3.0},{"damage":10,"enemies":"WA_ARCHETYPE_CALM","floor":33,"turns":7},{"damage":0,"enemies":"Orb Walker","floor":36,"turns":1},{"damage":40,"enemies":"3 Darklings","floor":37,"turns":4},{"damage":27,"enemies":"downfall:FleeingMerchant","floor":39,"turns":3},{"damage":0,"enemies":"Maw","floor":43,"turns":5},{"damage":6,"enemies":"Writhing Mass","floor":45,"turns":3},{"damage":9,"enemies":"Spire Growth","floor":46,"turns":4},{"damage":0,"enemies":"Jaw Worm Horde","floor":48,"turns":3},{"damage":21,"enemies":"Transient","floor":49,"turns":5},{"damage":32,"enemies":"DF_ARCHETYPE_ORBS","floor":50,"turns":7}],"seed_played":"5566226763176438796","potions_obtained":[{"floor":4.0,"key":"FearPotion"},{"floor":12.0,"key":"ColorlessPotion"},{"floor":14.0,"key":"LiquidMemories"}],"is_trial":false,"path_per_floor":["R","M","M","M","$","M","T","E","M","R","$","?","R","E","M","B",null,"R","M","?","$","M","?","T","R","E","R","?","E","R","$","M","B",null,"R","M","M","?","$","R","T","$","M","R","M","M","R","M","M","B",null],"character_chosen":"THE_CHAMP","items_purchased":["Chemical X","hexamod:Sixitude","expansioncontent:DashGenerateEvil"],"campfire_rested":0,"item_purchase_floors":[21,39,39],"current_hp_per_floor":[108,107,100,100,100,85,85,78,78,78,78,66,66,66,66,66,108,108,104,104,100,96,96,96,106,106,106,106,80,80,80,80,70,118,118,118,118,118,91,91,91,106,106,106,100,91,91,91,70,38],"gold":95,"neow_bonus":"TWENTY_PERCENT_HP_BONUS","is_daily":false,"chose_seed":false,"campfire_upgraded":10,"win_rate":0.0,"timestamp":1613260719,"path_taken":["R","M","?","M","$","M","T","E","M","R","?","?","R","E","M","BOSS","R","M","?","?","M","?","T","R","E","R","?","E","R","?","M","BOSS","R","M","M","?","$","R","T","?","?","R","M","M","R","M","M","BOSS"],"items_purchased_type":["Relic","Relic","Card"],"build_version":"2020-12-22","purchased_purges":2,"victory":true,"max_hp_per_floor":[108,108,108,108,108,108,108,108,108,108,108,108,108,108,108,108,108,108,108,108,108,108,108,108,118,118,118,118,118,118,118,118,118,118,118,118,118,118,118,118,118,118,118,118,118,118,118,118,118,118],"card_choices":[{"not_picked":["champ:PreciseThrust","champ:FalseCounter"],"picked":"champ:DefensiveShout","floor":2.0},{"not_picked":["champ:Shatter","champ:FancyFootwork"],"picked":"champ:StanceDance","floor":3.0},{"not_picked":["champ:AdrenalArmor","champ:Circumvent"],"picked":"champ:FlashCut","floor":4.0},{"not_picked":["champ:ShieldSlam","champ:FlashCut"],"picked":"champ:SetATrap","floor":5.0},{"not_picked":["champ:DefensiveShout","champ:BringItOn"],"picked":"champ:Improvising","floor":6.0},{"not_picked":["champ:DefensiveStyle","champ:PreciseThrust"],"picked":"champ:ShieldSlam","floor":8.0},{"not_picked":["champ:GladiatorStyle","champ:BerserkerStyle","champ:BerserkersShout"],"picked":"SKIP","floor":9.0},{"not_picked":["champ:EnGarde","champ:StanceDance"],"picked":"champ:PreciseThrust","floor":11.0},{"not_picked":["champ:FanOfKnives","champ:StanceDance"],"picked":"champ:ArenaPreparation","floor":14.0},{"not_picked":["champ:IronFortress","champ:Shatter"],"picked":"champ:Lariat","floor":15.0},{"not_picked":["champ:FanOfKnives+1","champ:Endure"],"picked":"champ:SwordSigil+1","floor":19.0},{"not_picked":["champ:ShieldWall","champ:FlashCut"],"picked":"champ:FalseCounter","floor":21.0},{"not_picked":["champ:Encircle+1","champ:IronFortress","champ:EnGarde+1"],"picked":"SKIP","floor":22.0},{"not_picked":["champ:BringItOn","champ:StanceDance"],"picked":"champ:SetATrap+1","floor":26.0},{"not_picked":["champ:Endure","champ:TripleStrike"],"picked":"champ:ShieldWall+1","floor":29.0},{"not_picked":["champ:ViciousMockery","champ:FancyFootwork"],"picked":"champ:ShieldThrow","floor":31.0},{"not_picked":["champ:FancyFootwork+1","champ:RapidStrikes"],"picked":"champ:RageSigil+1","floor":32.0},{"not_picked":["champ:Devastate","champ:SwordThrow"],"picked":"champ:ShieldThrow","floor":33},{"not_picked":["champ:EnragedBash+1"],"picked":"SKIP","floor":36},{"not_picked":[],"picked":"champ:Circumvent","floor":37},{"not_picked":["champ:ShieldWall+1"],"picked":"SKIP","floor":39},{"not_picked":[],"picked":"champ:Backstep+1","floor":43},{"not_picked":["champ:Backstep+1"],"picked":"SKIP","floor":45},{"not_picked":[],"picked":"champ:ShieldSigil+1","floor":46},{"not_picked":["champ:AdrenalArmor+1"],"picked":"SKIP","floor":48},{"not_picked":[],"picked":"champ:Lariat","floor":49}],"player_experience":592563,"relics_obtained":[{"floor":7.0,"key":"hexamod:BolsterEngine"},{"floor":8.0,"key":"Toy Ornithopter"},{"floor":12.0,"key":"Odd Mushroom"},{"floor":14.0,"key":"MawBank"},{"floor":26.0,"key":"Matryoshka"},{"floor":29.0,"key":"Kunai"},{"floor":41,"key":"MealTicket"},{"floor":41,"key":"Mercury Hourglass"}],"event_choices":[{"damage_healed":0.0,"max_hp_gain":0.0,"max_hp_loss":0.0,"gold_gain":0.0,"event_name":"Mushrooms","player_choice":"Fought Mushrooms","floor":12.0,"gold_loss":0.0,"damage_taken":0.0}],"is_beta":false,"boss_relics":[{"not_picked":["bronze:MakeshiftBattery","Tiny House"],"picked":"Sozu"},{"not_picked":["Cursed Key","Pandora\u0027s Box"],"picked":"Busted Crown"}],"items_purged_floors":[11,39],"is_endless":false,"potions_floor_spawned":[4,12,14,15,19,26,29,32,48,49],"ascension_level":2}}