{"host":"ljnkpwbnfujn5lym","time":1613238535,"event":{"mods":["Bard","BaseMod","Better Note","Colored Map","Colored Powertips","Exacting","Googly Eyes","Highlight Path","Infinite Spire","Minty Spire (QoL Compilation)","Permanent Neow","Quick Restart","Relic Sorter","Relic Stats","Replay The Spire","StSLib","The IronCluck","slay the spire mod where everything is the same but ironclad has a cowboy hat"],"gold_per_floor":[114,114,114,114,129,159,159,189,214,244,244,274,304,334,334,434,434,449,456,456,306,306,336,336,366,366,396,396,411,441,456,456,556,556,571,421,436,451,551,581,581,611,611,641,641,671,45,78,78,84],"floor_reached":51,"language":"ENG","playtime":3031,"items_purged":[],"score":1292,"play_id":"ff49ab85-883c-4f74-a232-15afaf04c10b","local_time":"20210213114855","daily_mods":["SealedDeck","Red Cards","Elite Swarm"],"is_ascension_mode":false,"campfire_choices":[{"data":"Inflame","floor":7.0,"key":"SMITH"},{"data":"Defragment","floor":15.0,"key":"SMITH"},{"data":"Limit Break","floor":24.0,"key":"SMITH"},{"floor":32.0,"key":"REST"},{"data":"Sword Boomerang","floor":32.0,"key":"SMITH"},{"data":"Limit Break","floor":41.0,"key":"SMITH"},{"data":"infinitespire:Oblivion","floor":49,"key":"SMITH"}],"circlet_count":0,"master_deck":["Steam Power+1","Barrage","Sword Boomerang+1","Rip and Tear","Coolheaded","Defragment+1","Inflame+1","Ball Lightning","Genetic Algorithm","Spot Weakness+1","ReplayRNGCard","Reaper","Limit Break+1","Echo Form","Feed","Ghostly Armor+1","Echo Form","Mirror Shield","White Noise+1","True Grit+1","infinitespire:Oblivion+1","Limit Break+1","Defragment"],"relics":["Cracked Core","Meat on the Bone","Replay:Wax Seal","Darkstone Periapt","Pear","FossilizedHelix","Turnip","Replay:Grab Bag","Replay:Bronze Core","Busted Crown","Inserter","Red Mask","Sling","infinitespire:Magic Flask","Bag of Marbles","Regal Pillow","Replay:Rubber Ducky","ReplayTheSpireMod:Lightbulb","infinitespire:PuzzleCube","Snecko Eye","Lantern","Thread and Needle","War Paint","StoneCalendar","infinitespire:Magic Flask","HornCleat","infinitespire:Midas Blood","Happy Flower","Replay:Bandana","Medical Kit","StrikeDummy"],"acts_visited":["Exordium","TheCity","TheBeyond"],"potions_floor_usage":[50],"damage_taken":[{"damage":8.0,"enemies":"Jaw Worm","floor":1.0,"turns":3.0},{"damage":0.0,"enemies":"Cultist","floor":5.0,"turns":3.0},{"damage":11.0,"enemies":"Lagavulin","floor":6.0,"turns":5.0},{"damage":0.0,"enemies":"Small Slimes","floor":8.0,"turns":3.0},{"damage":9.0,"enemies":"Gremlin Nob","floor":10.0,"turns":3.0},{"damage":15.0,"enemies":"Lagavulin","floor":12.0,"turns":5.0},{"damage":7.0,"enemies":"Exordium Wildlife","floor":13.0,"turns":3.0},{"damage":35.0,"enemies":"3 Sentries","floor":14.0,"turns":6.0},{"damage":0.0,"enemies":"Fading Forest","floor":16.0,"turns":8.0},{"damage":10.0,"enemies":"Spheric Guardian","floor":18.0,"turns":5.0},{"damage":21.0,"enemies":"Masked Bandits","floor":19.0,"turns":4.0},{"damage":26.0,"enemies":"Gremlin Leader","floor":23.0,"turns":4.0},{"damage":38.0,"enemies":"Book of Stabbing","floor":25.0,"turns":6.0},{"damage":0.0,"enemies":"Replay:Snechameleon","floor":27.0,"turns":5.0},{"damage":0.0,"enemies":"3 Byrds","floor":29.0,"turns":6.0},{"damage":26.0,"enemies":"Slavers","floor":30.0,"turns":4.0},{"damage":0.0,"enemies":"Snecko","floor":31.0,"turns":4.0},{"damage":0.0,"enemies":"Automaton","floor":33.0,"turns":4.0},{"damage":0.0,"enemies":"3 Darklings","floor":35.0,"turns":6.0},{"damage":0.0,"enemies":"3 Shapes","floor":37.0,"turns":6.0},{"damage":0.0,"enemies":"Writhing Mass","floor":38.0,"turns":5.0},{"damage":0.0,"enemies":"infinitespire:Three Voidlings","floor":39.0,"turns":4.0},{"damage":1.0,"enemies":"Nightmare_Alpha","floor":39.0,"turns":6.0},{"damage":0.0,"enemies":"R_Hoarder","floor":40.0,"turns":7.0},{"damage":0.0,"enemies":"Nemesis","floor":42.0,"turns":5.0},{"damage":0.0,"enemies":"Giant Head","floor":44.0,"turns":3.0},{"damage":0,"enemies":"R_Hoarder","floor":46,"turns":7},{"damage":0,"enemies":"Transient","floor":48,"turns":5},{"damage":0,"enemies":"infinitespire:MassOfShapes","floor":50,"turns":18}],"seed_played":"6099103822572544471","potions_obtained":[{"floor":1.0,"key":"Swift Potion"},{"floor":10.0,"key":"AttackPotion"},{"floor":13.0,"key":"Fire Potion"},{"floor":23.0,"key":"SteroidPotion"},{"floor":29.0,"key":"PowerPotion"},{"floor":39.0,"key":"Energy Potion"},{"floor":46,"key":"Reflective Coating"}],"is_trial":false,"path_per_floor":["M","?","$","?","M","E","R","M","T","E","T","E","M","E","R","B",null,"M","?","?","$","AVR","E","R","E","T","E","?","M","E","M","R","B",null,"M","$","M","M","?","E","R","E","T","E","?","E","$","M","R","B",null],"character_chosen":"DEFECT","items_purchased":["Sling","Lantern","Defragment","Replay:Bandana","Medical Kit","StrikeDummy"],"campfire_rested":1,"item_purchase_floors":[21,36,47,47,47,47],"current_hp_per_floor":[67,67,67,72,72,61,61,61,61,52,62,57,76,85,85,85,85,78,91,91,91,91,91,91,56,56,94,75,78,87,87,102,102,102,102,102,105,105,87,116,116,119,119,119,119,119,119,119,119,119],"gold":84,"neow_bonus":"","is_daily":true,"chose_seed":false,"campfire_upgraded":6,"win_rate":0.0,"timestamp":1613238535,"path_taken":["M","?","$","?","M","E","R","?","T","E","?","E","?","E","R","BOSS","M","?","?","?","AVR","E","R","E","T","E","?","M","E","M","R","BOSS","M","$","M","M","?","E","R","E","T","E","?","E","$","?","R","BOSS"],"items_purchased_type":["Relic","Relic","Card","Relic","Relic","Relic"],"build_version":"2020-12-22","purchased_purges":0,"victory":true,"max_hp_per_floor":[75,75,75,75,75,75,75,75,75,75,85,85,85,85,85,85,85,88,91,91,91,91,91,91,94,94,94,99,102,102,102,102,102,102,102,102,105,105,116,116,116,119,119,119,119,119,119,119,119,119],"relic_stats":{"Darkstone Periapt":0,"Regal Pillow":0,"Inserter":[54],"Happy Flower":[7],"counters":[29,153],"StoneCalendar":[37],"War Paint":["Spot Weakness","Steam Power"],"Medical Kit":[3],"Busted Crown":66,"Snecko Eye":[144,135,151,138],"Turnip":[7],"obtain_stats":[{"Darkstone Periapt":10,"Regal Pillow":25,"Lantern":36,"StoneCalendar":42,"Sling":21,"Replay:Rubber Ducky":26,"Replay:Bandana":47,"HornCleat":44,"Replay:Bronze Core":17,"Red Mask":19,"Replay:Wax Seal":9,"Cracked Core":0,"Pear":11,"Inserter":17,"Happy Flower":46,"Replay:Grab Bag":17,"Thread and Needle":39,"infinitespire:Magic Flask":22,"War Paint":40,"Medical Kit":47,"Busted Crown":17,"Snecko Eye":34,"Turnip":14,"Bag of Marbles":23,"ReplayTheSpireMod:Lightbulb":27,"StrikeDummy":47,"FossilizedHelix":12,"infinitespire:PuzzleCube":30,"Meat on the Bone":6,"infinitespire:Midas Blood":45},{"Darkstone Periapt":5,"Regal Pillow":13,"Lantern":19,"StoneCalendar":25,"Sling":11,"Replay:Rubber Ducky":13,"Replay:Bandana":27,"HornCleat":26,"Replay:Bronze Core":9,"Red Mask":11,"Replay:Wax Seal":4,"Cracked Core":0,"Pear":5,"Inserter":9,"Happy Flower":27,"Replay:Grab Bag":9,"Thread and Needle":23,"infinitespire:Magic Flask":11,"War Paint":24,"Medical Kit":27,"Busted Crown":9,"Snecko Eye":18,"Turnip":8,"Bag of Marbles":12,"ReplayTheSpireMod:Lightbulb":14,"StrikeDummy":27,"FossilizedHelix":6,"infinitespire:PuzzleCube":16,"Meat on the Bone":3,"infinitespire:Midas Blood":26},{"Darkstone Periapt":17,"Regal Pillow":58,"Lantern":87,"StoneCalendar":120,"Sling":48,"Replay:Rubber Ducky":58,"Replay:Bandana":130,"HornCleat":123,"Replay:Bronze Core":39,"Red Mask":48,"Replay:Wax Seal":14,"Cracked Core":0,"Pear":17,"Inserter":39,"Happy Flower":130,"Replay:Grab Bag":39,"Thread and Needle":108,"infinitespire:Magic Flask":48,"War Paint":115,"Medical Kit":130,"Busted Crown":39,"Snecko Eye":81,"Turnip":31,"Bag of Marbles":52,"ReplayTheSpireMod:Lightbulb":63,"StrikeDummy":130,"FossilizedHelix":22,"infinitespire:PuzzleCube":73,"Meat on the Bone":11,"infinitespire:Midas Blood":123}],"Meat on the Bone":0},"card_choices":[{"not_picked":["Cleave","ReplayTheSpireMod:Strike From Hell","Recycle"],"picked":"SKIP","floor":1.0},{"not_picked":["Feel No Pain","Recycle"],"picked":"Spot Weakness","floor":5.0},{"not_picked":["Rainbow","Double Tap"],"picked":"ReplayRNGCard","floor":6.0},{"not_picked":["Compile Driver","Heavy Blade","ReplayTheSpireMod:Limb From Limb"],"picked":"SKIP","floor":8.0},{"not_picked":["Fiend Fire","Juggernaut"],"picked":"Reaper","floor":10.0},{"not_picked":["Impervious","Barricade"],"picked":"Limit Break","floor":12.0},{"not_picked":["Body Slam","BasicCrystalCard","Thunderclap"],"picked":"SKIP","floor":13.0},{"not_picked":["All For One","ReplayTheSpireMod:Fabricate Wheel"],"picked":"Echo Form","floor":14.0},{"not_picked":["Demonic Infusion","ReplayTheSpireMod:Fabricate Wheel"],"picked":"Feed","floor":16.0},{"not_picked":["Chaos"],"picked":"SKIP","floor":18.0},{"not_picked":[],"picked":"Ghostly Armor+1","floor":19.0},{"not_picked":[],"picked":"Echo Form","floor":23.0},{"not_picked":["Feed"],"picked":"SKIP","floor":25.0},{"not_picked":[],"picked":"Mirror Shield","floor":27.0},{"not_picked":[],"picked":"White Noise+1","floor":29.0},{"not_picked":["Leap+1"],"picked":"SKIP","floor":29.0},{"not_picked":["Creative AI"],"picked":"SKIP","floor":30.0},{"not_picked":[],"picked":"True Grit+1","floor":31.0},{"not_picked":["Time Bomb"],"picked":"SKIP","floor":35.0},{"not_picked":["Recycle"],"picked":"SKIP","floor":37.0},{"not_picked":["Compile Driver+1"],"picked":"SKIP","floor":38.0},{"not_picked":["infinitespire:NeuralNetwork","infinitespire:Punishment"],"picked":"infinitespire:Oblivion","floor":39.0},{"not_picked":[],"picked":"Limit Break","floor":40.0},{"not_picked":["Buffer"],"picked":"SKIP","floor":42.0},{"not_picked":["Double Tap"],"picked":"SKIP","floor":44},{"not_picked":["Creative AI"],"picked":"SKIP","floor":46},{"not_picked":["Iron Wave+1"],"picked":"SKIP","floor":48}],"player_experience":640085,"relics_obtained":[{"floor":6.0,"key":"Meat on the Bone"},{"floor":9.0,"key":"Replay:Wax Seal"},{"floor":10.0,"key":"Darkstone Periapt"},{"floor":11.0,"key":"Pear"},{"floor":12.0,"key":"FossilizedHelix"},{"floor":14.0,"key":"Turnip"},{"floor":19.0,"key":"Red Mask"},{"floor":23.0,"key":"Bag of Marbles"},{"floor":25.0,"key":"Regal Pillow"},{"floor":26.0,"key":"Replay:Rubber Ducky"},{"floor":27.0,"key":"ReplayTheSpireMod:Lightbulb"},{"floor":30.0,"key":"infinitespire:PuzzleCube"},{"floor":39.0,"key":"Thread and Needle"},{"floor":40.0,"key":"War Paint"},{"floor":42.0,"key":"StoneCalendar"},{"floor":43.0,"key":"infinitespire:Magic Flask"},{"floor":44,"key":"HornCleat"},{"floor":46,"key":"Happy Flower"}],"event_choices":[{"cards_removed":["Barrage"],"damage_healed":5.0,"max_hp_gain":0.0,"max_hp_loss":0.0,"gold_gain":0.0,"event_name":"Bonfire Elementals","player_choice":"Offered Common","floor":4.0,"gold_loss":0.0,"damage_taken":0.0},{"cards_removed":["Barrage"],"damage_healed":5.0,"max_hp_gain":0.0,"max_hp_loss":0.0,"gold_gain":0.0,"event_name":"Bonfire Elementals","player_choice":"Offered Special","floor":4.0,"gold_loss":0.0,"damage_taken":0.0},{"damage_healed":0.0,"max_hp_gain":0.0,"max_hp_loss":0.0,"gold_gain":0.0,"event_name":"Masked Bandits","player_choice":"Fought Bandits","floor":19.0,"gold_loss":0.0,"damage_taken":0.0},{"damage_healed":0.0,"max_hp_gain":0.0,"max_hp_loss":0.0,"gold_gain":0.0,"event_name":"Beggar","player_choice":"Ignored","floor":20.0,"gold_loss":0.0,"damage_taken":0.0},{"damage_healed":0.0,"max_hp_gain":5.0,"max_hp_loss":0.0,"gold_gain":0.0,"event_name":"Forgotten Altar","player_choice":"Shed Blood","floor":28.0,"gold_loss":0.0,"damage_taken":24.0},{"damage_healed":0.0,"max_hp_gain":5.0,"max_hp_loss":0.0,"gold_gain":0.0,"event_name":"Forgotten Altar","player_choice":"Shed Blood","floor":39.0,"gold_loss":0.0,"damage_taken":28.0},{"damage_healed":0,"gold_gain":0,"player_choice":"Gave Potion","damage_taken":0,"relics_obtained":["infinitespire:Midas Blood"],"max_hp_gain":0,"max_hp_loss":0,"event_name":"WeMeetAgain","floor":45,"gold_loss":0}],"is_beta":false,"boss_relics":[{"not_picked":["Cursed Key","Empty Cage"],"picked":"Replay:Grab Bag"},{"not_picked":["Fusion Hammer","Velvet Choker"],"picked":"Replay:Bronze Core"},{"not_picked":["Ectoplasm","Painkiller Herb"],"picked":"Busted Crown"},{"not_picked":["Calling Bell","Nuclear Battery"],"picked":"Inserter"},{"not_picked":["ReplayTheSpireMod:DimensionalGlitch","Kintsugi"],"picked":"Snecko Eye"}],"items_purged_floors":[],"is_endless":false,"potions_floor_spawned":[1,10,13,16,18,23,30,31,33,37,39,39,46,48],"ascension_level":0}}