{"host":"oehe2dxjvdgux73m","time":1613220291,"event":{"mods":["AchievementEnabler","BaseMod","Colored Map","Colored Powertips","DeckTracker","Keyboard Shortcuts","Minty Spire (QoL Compilation)","Permanent Neow","Quick Restart","StSLib","SuperFastMode"],"gold_per_floor":[17,17,34,44,59,59,76,104,104,104,115,115,40,60,60,131,131,143,143,57,67,38,38,63,63,90,90,90],"floor_reached":27,"language":"KOR","playtime":638,"items_purged":["Strike_G"],"score":516,"play_id":"26f366ef-bb2c-450b-89c8-d55457a82524","local_time":"20210213214451","is_ascension_mode":true,"campfire_choices":[{"data":"Bouncing Flask","floor":6.0,"key":"SMITH"},{"data":"Neutralize","floor":10.0,"key":"SMITH"},{"floor":12.0,"key":"REST"},{"floor":15.0,"key":"REST"},{"data":"Catalyst","floor":23.0,"key":"SMITH"}],"circlet_count":0,"master_deck":["AscendersBane","Strike_G","Strike_G","Strike_G","Defend_G","Defend_G","Defend_G","Defend_G","Survivor","Neutralize+1","Corpse Explosion","Die Die Die","Poisoned Stab","Bouncing Flask+1","Blur","PiercingWail","Acrobatics","Well Laid Plans","Dagger Throw","Bullet Time","Prepared","Night Terror","Catalyst+1","Outmaneuver"],"relics":["Ring of the Snake","InkBottle","TungstenRod","Philosopher\u0027s Stone","Matryoshka","Art of War","CeramicFish"],"acts_visited":["Exordium","TheCity"],"potions_floor_usage":[24],"damage_taken":[{"damage":0.0,"enemies":"2 Louse","floor":1.0,"turns":2.0},{"damage":1.0,"enemies":"Cultist","floor":3.0,"turns":3.0},{"damage":11.0,"enemies":"Small Slimes","floor":4.0,"turns":3.0},{"damage":16.0,"enemies":"Exordium Thugs","floor":5.0,"turns":3.0},{"damage":4.0,"enemies":"Looter","floor":7.0,"turns":3.0},{"damage":6.0,"enemies":"Gremlin Nob","floor":8.0,"turns":3.0},{"damage":9.0,"enemies":"Exordium Wildlife","floor":11.0,"turns":4.0},{"damage":11.0,"enemies":"Large Slime","floor":14.0,"turns":6.0},{"damage":25.0,"enemies":"Slime Boss","floor":16.0,"turns":10.0},{"damage":0.0,"enemies":"Chosen","floor":18.0,"turns":3.0},{"damage":11.0,"enemies":"2 Thieves","floor":21.0,"turns":3.0},{"damage":5,"enemies":"Book of Stabbing","floor":24,"turns":2},{"damage":21,"enemies":"Snecko","floor":27,"turns":3}],"seed_played":"7356787528727775265","potions_obtained":[{"floor":3.0,"key":"LiquidMemories"},{"floor":5.0,"key":"Poison Potion"},{"floor":11.0,"key":"Weak Potion"},{"floor":16.0,"key":"LiquidBronze"},{"floor":19.0,"key":"DuplicationPotion"}],"is_trial":false,"path_per_floor":["M","?","M","M","M","R","M","E","T","R","M","R","$","M","R","B",null,"M","?","$","M","$","R","E","?","T","M"],"character_chosen":"THE_SILENT","items_purchased":["Night Terror","Outmaneuver"],"campfire_rested":2,"item_purchase_floors":[20,22],"current_hp_per_floor":[59,59,58,47,31,31,27,21,21,21,12,31,31,20,39,14,53,53,53,53,42,42,42,37,20,20,0,0],"gold":90,"neow_bonus":"TRANSFORM_TWO_CARDS","is_daily":false,"chose_seed":false,"campfire_upgraded":3,"win_rate":0.0,"timestamp":1613220291,"path_taken":["M","?","M","M","M","R","M","E","T","R","M","R","$","?","R","BOSS","M","?","$","M","?","R","E","?","T","?"],"items_purchased_type":["Card","Card"],"build_version":"2020-12-22","purchased_purges":1,"victory":false,"max_hp_per_floor":[66,66,66,66,66,66,66,66,66,66,66,66,66,66,66,66,66,66,66,66,66,66,66,66,71,71,71,71],"card_choices":[{"not_picked":["Outmaneuver","Quick Slash"],"picked":"Poisoned Stab","floor":1.0},{"not_picked":["All Out Attack","Dagger Throw"],"picked":"Blur","floor":3.0},{"not_picked":["Deflect","Backflip"],"picked":"PiercingWail","floor":4.0},{"not_picked":["Underhanded Strike","Deflect"],"picked":"Acrobatics","floor":5.0},{"not_picked":["Bouncing Flask","Skewer"],"picked":"Well Laid Plans","floor":7.0},{"not_picked":["Flying Knee","Dodge and Roll"],"picked":"Dagger Throw","floor":8.0},{"not_picked":["Finisher","Sucker Punch","Phantasmal Killer"],"picked":"SKIP","floor":11.0},{"not_picked":["Poisoned Stab","Underhanded Strike","Quick Slash"],"picked":"SKIP","floor":14.0},{"not_picked":["Glass Knife","Malaise"],"picked":"Bullet Time","floor":16.0},{"not_picked":["Blade Dance","Well Laid Plans"],"picked":"Prepared","floor":18.0},{"not_picked":["Acrobatics","Dodge and Roll"],"picked":"Catalyst","floor":21.0},{"not_picked":["Caltrops","Dodge and Roll","Deadly Poison"],"picked":"SKIP","floor":24}],"player_experience":464428,"relics_obtained":[{"floor":8.0,"key":"InkBottle"},{"floor":9.0,"key":"TungstenRod"},{"floor":24,"key":"Matryoshka"},{"floor":26,"key":"Art of War"},{"floor":26,"key":"CeramicFish"}],"event_choices":[{"damage_healed":0.0,"max_hp_gain":0.0,"max_hp_loss":0.0,"gold_gain":0.0,"event_name":"Match and Keep!","player_choice":"1 cards matched","floor":2.0,"gold_loss":0.0,"damage_taken":0.0,"cards_obtained":["Bouncing Flask"]},{"damage_healed":0.0,"max_hp_gain":0.0,"max_hp_loss":0.0,"gold_gain":0.0,"event_name":"Lab","player_choice":"Got Potions","floor":19.0,"gold_loss":0.0,"damage_taken":0.0},{"damage_healed":0,"gold_gain":0,"player_choice":"Shed Blood","damage_taken":23,"max_hp_gain":5,"max_hp_loss":0,"event_name":"Forgotten Altar","floor":25,"gold_loss":0}],"is_beta":false,"boss_relics":[{"not_picked":["WristBlade","Black Star"],"picked":"Philosopher\u0027s Stone"}],"items_purged_floors":[13],"is_endless":false,"potions_floor_spawned":[3,5,7,11,16,18],"killed_by":"Snecko","ascension_level":20}}