{"host":"buycw3k5d5tgqflx","time":1613236071,"event":{"mods":["AchievementEnabler","Aspiration","BaseMod","Better Altar","Better Match","Better Note","Better Sensory Stone","Better Skull","Better Third Choice","Downfall","Halation","Hubris","Infinite Spire","Lobotomy","Mad Scientist","Marisa????????","Minty Spire (QoL Compilation)","Quick Restart","Rare Cards Sparkle","Relic Stats","Replay The Spire","StSLib","The Elementalist","The Gatherer","The Runesmith","The Wild Card"],"gold_per_floor":[115,115,132,144,157,157,190,208,208,65,65,65],"floor_reached":11,"language":"ENG","playtime":1514,"items_purged":[],"score":75,"play_id":"4e084869-56e5-473b-a1c1-edc82b7a70c7","local_time":"20210213120751","is_ascension_mode":false,"campfire_choices":[{"data":"MadScienceMod:Assemble","floor":6,"key":"SMITH"}],"circlet_count":0,"master_deck":["MadScienceMod:Strike_MadScience","MadScienceMod:Strike_MadScience","MadScienceMod:Strike_MadScience","MadScienceMod:Strike_MadScience","MadScienceMod:Defend_MadScience","MadScienceMod:Defend_MadScience","MadScienceMod:Defend_MadScience","MadScienceMod:Defend_MadScience","MadScienceMod:PoweredStrike","MadScienceMod:HideBehindJunk","MadScienceMod:Assemble+1","MadScienceMod:LightOnFire+1","MadScienceMod:Strafe","MadScienceMod:PowerArmor","MadScienceMod:FlexibleSpear","MadScienceMod:ShrinkRay"],"relics":["MadScienceMod:FuelTank","halation:TwoAmDonut","Shuriken","Bag of Marbles"],"acts_visited":["Exordium"],"potions_floor_usage":[3,11],"damage_taken":[{"damage":7,"enemies":"2 Louse","floor":1,"turns":4},{"damage":0,"enemies":"Cultist","floor":3,"turns":3},{"damage":2,"enemies":"Jaw Worm","floor":4,"turns":4},{"damage":0,"enemies":"Blue Slaver","floor":5,"turns":2},{"damage":17,"enemies":"Lagavulin","floor":7,"turns":9},{"damage":24,"enemies":"3 Louse","floor":8,"turns":4},{"damage":21,"enemies":"3 Sentries","floor":11,"turns":8}],"seed_played":"-3961470850290994916","potions_obtained":[{"floor":1,"key":"Block Potion"},{"floor":4,"key":"MadScienceMod:FuelPotion"},{"floor":8,"key":"Strength Potion"}],"is_trial":false,"path_per_floor":["M","?","M","M","M","R","E","M","T","$","E"],"character_chosen":"MAD_SCIENTIST","items_purchased":["Bag of Marbles"],"campfire_rested":0,"item_purchase_floors":[10],"current_hp_per_floor":[61,61,61,59,59,59,42,18,18,18,0,0],"gold":65,"neow_bonus":"THREE_RARE_CARDS","is_daily":false,"chose_seed":false,"campfire_upgraded":1,"win_rate":0.0,"timestamp":1613236071,"path_taken":["M","?","M","M","M","R","E","M","T","$","E"],"items_purchased_type":["Relic"],"build_version":"2020-12-22","purchased_purges":0,"victory":false,"max_hp_per_floor":[68,68,68,68,68,68,68,68,68,68,68,68],"relic_stats":{"counters":[7,34],"Shuriken":[0],"obtain_stats":[{"MadScienceMod:FuelTank":0,"Shuriken":9,"Bag of Marbles":10,"halation:TwoAmDonut":7},{"MadScienceMod:FuelTank":0,"Shuriken":6,"Bag of Marbles":6,"halation:TwoAmDonut":5},{"MadScienceMod:FuelTank":0,"Shuriken":26,"Bag of Marbles":26,"halation:TwoAmDonut":22}]},"card_choices":[{"not_picked":["MadScienceMod:Automate","MadScienceMod:Refine"],"picked":"MadScienceMod:Assemble","floor":0},{"not_picked":["MadScienceMod:MechanicalClaw","MadScienceMod:ShrinkRay"],"picked":"MadScienceMod:LightOnFire","floor":1},{"not_picked":["MadScienceMod:ShrinkRay","MadScienceMod:Sprocket"],"picked":"MadScienceMod:Strafe","floor":3},{"not_picked":["MadScienceMod:FlameCannon","MadScienceMod:FragmentationGrenade","MadScienceMod:NowOrNever"],"picked":"SKIP","floor":4},{"not_picked":["MadScienceMod:Browse","MadScienceMod:FumeBlast"],"picked":"MadScienceMod:PowerArmor","floor":5},{"not_picked":["MadScienceMod:ExtractOil","MadScienceMod:SelfDestruct"],"picked":"MadScienceMod:FlexibleSpear","floor":7},{"not_picked":["MadScienceMod:JunkLaser","MadScienceMod:BoxOfScraps"],"picked":"MadScienceMod:ShrinkRay","floor":8}],"player_experience":220598,"relics_obtained":[{"floor":7,"key":"halation:TwoAmDonut"},{"floor":9,"key":"Shuriken"}],"event_choices":[{"damage_healed":0,"gold_gain":0,"player_choice":"Upgraded","damage_taken":0,"max_hp_gain":0,"max_hp_loss":0,"event_name":"Upgrade Shrine","floor":2,"gold_loss":0,"cards_upgraded":["MadScienceMod:LightOnFire"]}],"is_beta":false,"boss_relics":[],"items_purged_floors":[],"is_endless":false,"potions_floor_spawned":[1,4,8],"killed_by":"3 Sentries","ascension_level":0}}