{"host":"uv5ws9rdk87e8i5k","time":1613176283,"event":{"mods":["AchievementEnabler","BaseMod","Colored Map","Minty Spire (QoL Compilation)","Permanent Neow","Quick Restart","StSLib","SuperFastMode","The Necromancer"],"gold_per_floor":[114,114,126,139,158,183,7,25,25,25,40,40,75,86,86,187,187,204,204,204],"floor_reached":19,"language":"ENG","playtime":441,"items_purged":["Strike_R"],"score":290,"play_id":"a07a1413-782c-472e-bac6-e672faeba53b","local_time":"20210212183123","is_ascension_mode":true,"campfire_choices":[{"floor":12,"key":"REST"},{"data":"Demon Form","floor":15,"key":"SMITH"}],"circlet_count":0,"master_deck":["AscendersBane","Strike_R","Strike_R","Strike_R","Defend_R","Defend_R+1","Defend_R","Defend_R+1","Bash","Demon Form+1","Body Slam","Twin Strike","Offering","Headbutt","Iron Wave+1","Shrug It Off","True Grit","Whirlwind+1","Sword Boomerang+1","Fiend Fire+1","Limit Break","Cleave+1"],"relics":["Burning Blood","Molten Egg 2","Happy Flower","War Paint","Cursed Key"],"acts_visited":["Exordium","TheCity"],"potions_floor_usage":[6,11,13,13,19],"damage_taken":[{"damage":9,"enemies":"2 Louse","floor":1,"turns":4},{"damage":1,"enemies":"Cultist","floor":3,"turns":4},{"damage":7,"enemies":"Small Slimes","floor":4,"turns":3},{"damage":34,"enemies":"Exordium Thugs","floor":5,"turns":7},{"damage":22,"enemies":"Gremlin Nob","floor":6,"turns":3},{"damage":2,"enemies":"Blue Slaver","floor":8,"turns":4},{"damage":1,"enemies":"Large Slime","floor":11,"turns":3},{"damage":10,"enemies":"Lagavulin","floor":13,"turns":6},{"damage":0,"enemies":"3 Louse","floor":14,"turns":1},{"damage":36,"enemies":"The Guardian","floor":16,"turns":10},{"damage":21,"enemies":"Shell Parasite","floor":18,"turns":5},{"damage":1,"enemies":"Masked Bandits","floor":19,"turns":2}],"seed_played":"-3274378453945290553","potions_obtained":[{"floor":1,"key":"Swift Potion"},{"floor":5,"key":"SteroidPotion"},{"floor":8,"key":"Block Potion"},{"floor":11,"key":"Dexterity Potion"},{"floor":13,"key":"Weak Potion"}],"is_trial":false,"path_per_floor":["M","?","M","M","M","E","$","M","T","?","M","R","E","M","R","B",null,"M","?"],"character_chosen":"IRONCLAD","items_purchased":["Shrug It Off","True Grit"],"campfire_rested":1,"item_purchase_floors":[7,7],"current_hp_per_floor":[48,48,53,52,24,8,8,12,12,12,17,41,37,43,43,13,63,48,47,47],"gold":204,"neow_bonus":"THREE_RARE_CARDS","is_daily":false,"chose_seed":false,"campfire_upgraded":1,"win_rate":0.0,"timestamp":1613176283,"path_taken":["M","?","M","M","M","E","?","M","T","?","?","R","E","M","R","BOSS","M","?"],"items_purchased_type":["Card","Card"],"build_version":"2020-12-22","purchased_purges":1,"victory":false,"max_hp_per_floor":[80,80,80,80,80,80,80,80,80,80,80,80,80,80,80,80,80,80,80,80],"card_choices":[{"not_picked":["Offering","Juggernaut"],"picked":"Demon Form","floor":0},{"not_picked":["Second Wind","Clash"],"picked":"Body Slam","floor":1},{"not_picked":["Warcry","Sword Boomerang"],"picked":"Twin Strike","floor":3},{"not_picked":["Anger","Rupture"],"picked":"Offering","floor":4},{"not_picked":["Flex","Pommel Strike"],"picked":"Headbutt","floor":5},{"not_picked":["Dark Embrace","Entrench"],"picked":"Iron Wave+1","floor":6},{"not_picked":["Sentinel","Second Wind"],"picked":"Whirlwind+1","floor":8},{"not_picked":["Evolve","Wild Strike+1"],"picked":"Sword Boomerang+1","floor":11},{"not_picked":["Blood for Blood+1","Bloodletting","Second Wind"],"picked":"SKIP","floor":13},{"not_picked":["Entrench","Armaments"],"picked":"Fiend Fire+1","floor":14},{"not_picked":["Exhume","Corruption"],"picked":"Limit Break","floor":16},{"not_picked":["Armaments","Reckless Charge+1"],"picked":"Cleave+1","floor":18}],"player_experience":160282,"relics_obtained":[{"floor":6,"key":"Molten Egg 2"},{"floor":9,"key":"Happy Flower"},{"floor":13,"key":"War Paint"}],"event_choices":[{"cards_removed":["Strike_R"],"damage_healed":0,"gold_gain":0,"player_choice":"Offered Basic","damage_taken":0,"max_hp_gain":0,"max_hp_loss":0,"event_name":"Bonfire Elementals","floor":2,"gold_loss":0},{"damage_healed":0,"gold_gain":0,"player_choice":"Searched \u00270\u0027 times","damage_taken":0,"max_hp_gain":0,"max_hp_loss":0,"event_name":"Dead Adventurer","floor":10,"gold_loss":0},{"damage_healed":0,"gold_gain":0,"player_choice":"Fought Bandits","damage_taken":0,"max_hp_gain":0,"max_hp_loss":0,"event_name":"Masked Bandits","floor":19,"gold_loss":0}],"is_beta":false,"boss_relics":[{"not_picked":["Philosopher\u0027s Stone","Black Star"],"picked":"Cursed Key"}],"items_purged_floors":[7],"is_endless":false,"potions_floor_spawned":[1,5,8,11,13],"killed_by":"Masked Bandits","ascension_level":12}}