{"host":"u7lm8z2rvb4dg2oo","time":1613201364,"event":{"mods":["AchievementEnabler","BaseMod","Bestiary","Block Reminder","Colored Map","Colored Powertips","Curses Come First","DeckTracker","Googly Eyes","Highlight Path","Minty Spire (QoL Compilation)","Quick Restart","StSLib"],"gold_per_floor":[115,115,133,151,1,1,16,30,30,50,50,50,69,20,20,125,125,109,109,109,120,136,136,136,169,169,181,181,181,195,209,209,307,307,317,317,1316,1316,953,986,986,986,986,986,986,1006,1006,711,711,711,711],"floor_reached":50,"language":"ENG","playtime":3024,"items_purged":["Strike_G","Normality","Writhe"],"score":530,"play_id":"9f2e6617-9d35-450d-86cc-3a57c60d50e1","local_time":"20210213022924","is_ascension_mode":false,"campfire_choices":[{"data":"Caltrops","floor":6.0,"key":"SMITH"},{"data":"Blur","floor":12.0,"key":"SMITH"},{"data":"Accuracy","floor":15.0,"key":"SMITH"},{"floor":23,"key":"REST"},{"floor":29,"key":"REST"},{"floor":32,"key":"REST"},{"floor":41,"key":"REST"},{"data":"Phantasmal Killer","floor":44,"key":"SMITH"},{"data":"Blade Dance","floor":47,"key":"SMITH"},{"data":"Adrenaline","floor":49,"key":"SMITH"}],"circlet_count":0,"master_deck":["Strike_G+1","Strike_G+1","Defend_G+1","Defend_G+1","Defend_G+1","Defend_G+1","Defend_G+1","Survivor","Neutralize","Backstab","Blade Dance","Leg Sweep","Caltrops+1","Blur+1","PiercingWail","Accuracy+1","Adrenaline+1","Cloak And Dagger","Well Laid Plans","Accuracy","Accuracy","Blade Dance+1","Phantasmal Killer+1","Finisher","Footwork","Caltrops+1","Writhe","Cloak And Dagger+1","Acrobatics"],"relics":["HoveringKite"],"acts_visited":["Exordium","TheCity","TheBeyond"],"potions_floor_usage":[18,25,30,30,33,40,40,50,50,50],"damage_taken":[{"damage":0.0,"enemies":"2 Louse","floor":1.0,"turns":4.0},{"damage":0.0,"enemies":"Cultist","floor":3.0,"turns":3.0},{"damage":0.0,"enemies":"Jaw Worm","floor":4.0,"turns":3.0},{"damage":6.0,"enemies":"Blue Slaver","floor":7.0,"turns":3.0},{"damage":0.0,"enemies":"2 Fungi Beasts","floor":8.0,"turns":4.0},{"damage":3.0,"enemies":"Red Slaver","floor":10.0,"turns":5.0},{"damage":7.0,"enemies":"Blue Slaver","floor":13.0,"turns":5.0},{"damage":9.0,"enemies":"Slime Boss","floor":16.0,"turns":12.0},{"damage":0,"enemies":"2 Thieves","floor":18,"turns":4},{"damage":4,"enemies":"Shell Parasite","floor":21,"turns":6},{"damage":20,"enemies":"Cultist and Chosen","floor":22,"turns":7},{"damage":34,"enemies":"Slavers","floor":25,"turns":7},{"damage":0,"enemies":"Snake Plant","floor":27,"turns":6},{"damage":0,"enemies":"Centurion and Healer","floor":30,"turns":5},{"damage":39,"enemies":"Cultist and Chosen","floor":31,"turns":8},{"damage":12,"enemies":"Champ","floor":33,"turns":10},{"damage":17,"enemies":"3 Shapes","floor":35,"turns":5},{"damage":39,"enemies":"Reptomancer","floor":40,"turns":8},{"damage":1,"enemies":"Orb Walker","floor":46,"turns":4},{"damage":53,"enemies":"Time Eater","floor":50,"turns":8}],"seed_played":"-6408783476857846875","potions_obtained":[{"floor":3.0,"key":"Energy Potion"},{"floor":4.0,"key":"GamblersBrew"},{"floor":16.0,"key":"Block Potion"},{"floor":22,"key":"DuplicationPotion"},{"floor":25,"key":"LiquidMemories"},{"floor":27,"key":"Block Potion"},{"floor":31,"key":"Energy Potion"}],"is_trial":false,"path_per_floor":["M","?","M","M","$","R","M","M","T","M","T","R","M","$","R","B",null,"M","?","?","M","M","R","T","E","T","M","?","R","M","M","R","B",null,"M","?","?","?","$","E","R","?","T","R","?","M","R","$","R","B"],"character_chosen":"THE_SILENT","items_purchased":["Caltrops","SteroidPotion","Finisher","Footwork","Explosive Potion","BlessingOfTheForge","PowerPotion","FearPotion","FearPotion","Acrobatics"],"campfire_rested":4,"item_purchase_floors":[5,14,39,39,39,39,48,48,48,48],"current_hp_per_floor":[70,70,70,70,70,70,64,64,64,61,61,61,54,54,54,45,70,70,70,70,66,46,67,67,33,33,33,33,54,54,15,36,24,70,53,53,53,53,53,14,35,53,53,53,53,52,52,52,52,0,0],"gold":711,"neow_bonus":"BOSS_RELIC","is_daily":false,"chose_seed":false,"campfire_upgraded":6,"win_rate":0.0,"timestamp":1613201364,"path_taken":["M","?","?","M","$","R","M","M","T","?","?","R","M","$","R","BOSS","M","?","?","M","M","R","?","E","T","M","?","R","?","M","R","BOSS","M","?","?","?","$","E","R","?","T","R","?","?","R","?","R","BOSS"],"items_purchased_type":["Card","Potion","Card","Card","Potion","Potion","Potion","Potion","Potion","Card"],"build_version":"2020-12-22","purchased_purges":3,"victory":false,"max_hp_per_floor":[70,70,70,70,70,70,70,70,70,70,70,70,70,70,70,70,70,70,70,70,70,70,70,70,70,70,70,70,70,70,70,70,70,70,70,70,70,70,70,70,70,70,70,70,70,70,70,70,70,70,70],"card_choices":[{"not_picked":["Poisoned Stab","Choke"],"picked":"Backstab","floor":1.0},{"not_picked":["Dagger Throw","Cloak And Dagger"],"picked":"Blade Dance","floor":3.0},{"not_picked":["Slice","PiercingWail"],"picked":"Leg Sweep","floor":4.0},{"not_picked":["Dagger Throw","Poisoned Stab"],"picked":"Blur","floor":7.0},{"not_picked":["Deadly Poison","Tactician","Poisoned Stab"],"picked":"SKIP","floor":8.0},{"not_picked":["Prepared","Sucker Punch"],"picked":"PiercingWail","floor":10.0},{"not_picked":["Outmaneuver","Cloak And Dagger"],"picked":"Accuracy","floor":13.0},{"not_picked":["Storm of Steel","Bullet Time"],"picked":"Adrenaline","floor":16.0},{"not_picked":["Dodge and Roll","Dagger Throw+1"],"picked":"Cloak And Dagger","floor":18},{"not_picked":["Underhanded Strike+1","Bane"],"picked":"Well Laid Plans","floor":21},{"not_picked":["Prepared","Slice"],"picked":"Accuracy","floor":22},{"not_picked":["Die Die Die","PiercingWail","Deadly Poison"],"picked":"SKIP","floor":25},{"not_picked":["Reflex","PiercingWail"],"picked":"Accuracy","floor":27},{"not_picked":["Sucker Punch","Prepared"],"picked":"Blade Dance","floor":30},{"not_picked":["Deadly Poison+1","Poisoned Stab","Prepared"],"picked":"SKIP","floor":31},{"not_picked":["Unload","Malaise"],"picked":"Phantasmal Killer","floor":33},{"not_picked":["Calculated Gamble+1","Prepared+1","Flying Knee"],"picked":"SKIP","floor":35},{"not_picked":["Reflex","Slice+1"],"picked":"Caltrops+1","floor":40},{"not_picked":["Reflex","Bouncing Flask+1"],"picked":"Cloak And Dagger+1","floor":46}],"player_experience":1078101,"relics_obtained":[],"event_choices":[{"damage_healed":0.0,"max_hp_gain":0.0,"max_hp_loss":0.0,"gold_gain":0.0,"event_name":"WeMeetAgain","player_choice":"Ignored","floor":2.0,"gold_loss":0.0,"damage_taken":0.0},{"damage_healed":0,"gold_gain":0,"player_choice":"Simplicity","damage_taken":0,"max_hp_gain":0,"max_hp_loss":0,"event_name":"Back to Basics","floor":19,"gold_loss":0,"cards_upgraded":["Strike_G","Strike_G","Strike_G","Strike_G","Defend_G","Defend_G","Defend_G","Defend_G","Defend_G"]},{"damage_healed":0,"gold_gain":0,"player_choice":"Ignored","damage_taken":0,"max_hp_gain":0,"max_hp_loss":0,"event_name":"Vampires","floor":20,"gold_loss":0},{"cards_removed":["Strike_G"],"damage_healed":0,"gold_gain":0,"player_choice":"Offered Basic","damage_taken":0,"max_hp_gain":0,"max_hp_loss":0,"event_name":"Bonfire Elementals","floor":28,"gold_loss":0},{"damage_healed":0,"gold_gain":0,"player_choice":"Ignored","damage_taken":0,"max_hp_gain":0,"max_hp_loss":0,"event_name":"Tomb of Lord Red Mask","floor":36,"gold_loss":0},{"damage_healed":0,"gold_gain":999,"player_choice":"Gold","damage_taken":0,"max_hp_gain":0,"max_hp_loss":0,"event_name":"MindBloom","floor":37,"gold_loss":0,"cards_obtained":["Normality","Normality"]},{"cards_removed":["Strike_G"],"damage_healed":0,"gold_gain":0,"player_choice":"Removed Attack","damage_taken":0,"max_hp_gain":0,"max_hp_loss":0,"event_name":"Falling","floor":38,"gold_loss":0},{"damage_healed":18,"gold_gain":0,"player_choice":"Writhe","damage_taken":0,"max_hp_gain":0,"max_hp_loss":0,"event_name":"Winding Halls","floor":42,"gold_loss":0,"cards_obtained":["Writhe"]},{"damage_healed":0,"gold_gain":0,"cards_transformed":["Normality"],"player_choice":"Transformed","damage_taken":0,"max_hp_gain":0,"max_hp_loss":0,"event_name":"Transmorgrifier","floor":45,"gold_loss":0,"cards_obtained":["Writhe"]}],"is_beta":false,"boss_relics":[{"not_picked":[]},{"not_picked":[]}],"items_purged_floors":[5,39,48],"is_endless":false,"potions_floor_spawned":[3,4,16,22,25,27,31],"killed_by":"Time Eater","ascension_level":0}}