{"host":"ydg0vn0pu4pubmdt","time":1613229399,"event":{"mods":["AchievementEnabler","BaseMod","Colored Map","Gold Saver","Minty Spire (QoL Compilation)","Quick Restart","SuperFastMode"],"gold_per_floor":[389,389,389,402,402,437,456,489,516,547,560,49,49,59,59,132,132,150,163,5,35,54,54,54,71,71,84,84,101,130,5,5,81,81,96,116,130,143,143,143,174,174,174,174,228,228,238,238,238,238,238],"floor_reached":50,"language":"KOR","playtime":1320,"items_purged":["Defend_G","Strike_G","Strike_G"],"score":1124,"play_id":"75c95521-63f5-485e-a42b-fed7d1acaaa4","local_time":"20210214001639","is_ascension_mode":true,"campfire_choices":[{"floor":15.0,"key":"REST"},{"floor":23.0,"key":"REST"},{"data":"Cloak And Dagger","floor":28.0,"key":"SMITH"},{"floor":32.0,"key":"REST"},{"floor":40,"key":"REST"},{"floor":42,"key":"REST"},{"floor":46,"key":"DIG"},{"floor":49,"key":"RECALL"}],"circlet_count":0,"master_deck":["AscendersBane","Strike_G+1","Strike_G+1","Defend_G","Defend_G+1","Defend_G","Survivor+1","Neutralize","Skewer+1","Blade Dance","Finisher","Escape Plan","PiercingWail","Adrenaline","Blade Dance","Noxious Fumes+1","Cloak And Dagger+1","Accuracy+1","Blade Dance+1","Adrenaline","Wraith Form v2+1","Pain","Cloak And Dagger+1"],"relics":["Ring of the Snake","NeowsBlessing","Bag of Marbles","Vajra","Potion Belt","Whetstone","Ancient Tea Set","Frozen Egg 2","Cursed Key","Red Mask","Centennial Puzzle","Empty Cage","MealTicket","Shovel","Shuriken"],"acts_visited":["Exordium","TheCity","TheBeyond"],"potions_floor_usage":[33,33,41,41,50,50,50],"damage_taken":[{"damage":0.0,"enemies":"Small Slimes","floor":1.0,"turns":1.0},{"damage":0.0,"enemies":"Jaw Worm","floor":4.0,"turns":1.0},{"damage":0.0,"enemies":"Gremlin Nob","floor":6.0,"turns":1.0},{"damage":0.0,"enemies":"Cultist","floor":7.0,"turns":2.0},{"damage":15.0,"enemies":"Lagavulin","floor":8.0,"turns":6.0},{"damage":7.0,"enemies":"3 Sentries","floor":10.0,"turns":8.0},{"damage":7.0,"enemies":"Exordium Thugs","floor":11.0,"turns":5.0},{"damage":0.0,"enemies":"Looter","floor":14.0,"turns":2.0},{"damage":16.0,"enemies":"The Guardian","floor":16.0,"turns":10.0},{"damage":10.0,"enemies":"Shell Parasite","floor":18.0,"turns":2.0},{"damage":6.0,"enemies":"2 Thieves","floor":19.0,"turns":3.0},{"damage":18.0,"enemies":"Masked Bandits","floor":21.0,"turns":5.0},{"damage":0.0,"enemies":"Centurion and Healer","floor":22.0,"turns":4.0},{"damage":0.0,"enemies":"Chosen and Byrds","floor":25.0,"turns":4.0},{"damage":1.0,"enemies":"Shelled Parasite and Fungi","floor":27.0,"turns":3.0},{"damage":25.0,"enemies":"Snecko","floor":29.0,"turns":4.0},{"damage":0.0,"enemies":"Book of Stabbing","floor":30.0,"turns":3.0},{"damage":24,"enemies":"Collector","floor":33,"turns":3},{"damage":0,"enemies":"Orb Walker","floor":35,"turns":1},{"damage":0,"enemies":"3 Darklings","floor":36,"turns":4},{"damage":26,"enemies":"Maw","floor":37,"turns":5},{"damage":6,"enemies":"4 Shapes","floor":38,"turns":6},{"damage":2,"enemies":"Giant Head","floor":41,"turns":4},{"damage":13,"enemies":"2 Orb Walkers","floor":45,"turns":3},{"damage":0,"enemies":"Sphere and 2 Shapes","floor":47,"turns":2},{"damage":51,"enemies":"Time Eater","floor":50,"turns":9}],"seed_played":"4308444242177662717","potions_obtained":[{"floor":7.0,"key":"Block Potion"},{"floor":8.0,"key":"FearPotion"},{"floor":13.0,"key":"FearPotion"},{"floor":13.0,"key":"AttackPotion"},{"floor":14.0,"key":"Poison Potion"},{"floor":18.0,"key":"CunningPotion"},{"floor":22.0,"key":"SteroidPotion"},{"floor":25.0,"key":"DistilledChaos"},{"floor":30.0,"key":"Swift Potion"},{"floor":35,"key":"Ancient Potion"},{"floor":37,"key":"CultistPotion"},{"floor":38,"key":"DuplicationPotion"},{"floor":47,"key":"Strength Potion"}],"is_trial":false,"path_per_floor":["M","?","?","M","?","E","M","E","T","E","M","$","?","M","R","B",null,"M","M","$","?","M","R","?","M","T","M","R","M","E","$","R","B",null,"M","M","M","M","$","R","E","R","T","?","?","R","M","T","R","B"],"character_chosen":"THE_SILENT","items_purchased":["Ancient Tea Set","Frozen Egg 2","Cloak And Dagger"],"campfire_rested":5,"item_purchase_floors":[12,12,20],"current_hp_per_floor":[59,59,39,39,39,39,39,24,24,17,10,10,10,10,29,13,53,43,37,37,19,19,38,38,38,38,37,37,12,12,12,31,7,51,51,51,25,19,19,38,36,55,55,55,42,42,42,42,42,0,0],"gold":238,"neow_bonus":"THREE_ENEMY_KILL","is_daily":false,"chose_seed":false,"campfire_upgraded":1,"win_rate":0.0,"timestamp":1613229399,"path_taken":["M","?","?","M","?","E","M","E","T","E","?","?","?","M","R","BOSS","M","M","$","?","M","R","?","M","T","M","R","M","E","?","R","BOSS","M","M","M","M","?","R","E","R","T","?","?","R","M","?","R","BOSS"],"items_purchased_type":["Relic","Relic","Card"],"build_version":"2020-12-22","purchased_purges":3,"victory":false,"max_hp_per_floor":[66,66,66,66,66,66,66,66,66,66,66,66,66,66,66,66,66,66,66,66,66,66,66,66,66,66,66,66,66,66,66,66,66,66,66,66,66,66,66,66,66,66,66,63,63,63,63,63,63,63,63],"card_choices":[{"not_picked":["Sucker Punch","Dodge and Roll","Flechettes"],"picked":"SKIP","floor":1.0},{"not_picked":["Outmaneuver","Slice"],"picked":"Skewer","floor":4.0},{"not_picked":["Venomology","Tactician"],"picked":"Blade Dance","floor":6.0},{"not_picked":["Underhanded Strike","Skewer","Sucker Punch"],"picked":"SKIP","floor":7.0},{"not_picked":["Setup","PiercingWail"],"picked":"Caltrops","floor":8.0},{"not_picked":["Calculated Gamble","Riddle With Holes"],"picked":"Finisher","floor":10.0},{"not_picked":["Flying Knee","Riddle With Holes"],"picked":"Escape Plan","floor":11.0},{"not_picked":["Caltrops+1","Bane"],"picked":"PiercingWail","floor":14.0},{"not_picked":["A Thousand Cuts+1","Wraith Form v2+1"],"picked":"Adrenaline","floor":16.0},{"not_picked":["Dagger Spray","Flechettes"],"picked":"Blade Dance","floor":18.0},{"not_picked":["Underhanded Strike","Prepared"],"picked":"Noxious Fumes+1","floor":19.0},{"not_picked":["Riddle With Holes","Dagger Throw","Flying Knee"],"picked":"SKIP","floor":22.0},{"not_picked":["Dagger Throw","Choke","Expertise+1"],"picked":"SKIP","floor":25.0},{"not_picked":["Heel Hook","Footwork+1"],"picked":"Accuracy+1","floor":27.0},{"not_picked":["Calculated Gamble","Masterful Stab"],"picked":"Blade Dance+1","floor":29.0},{"not_picked":["Endless Agony","Dodge and Roll","Predator"],"picked":"SKIP","floor":30.0},{"not_picked":["Die Die Die","Doppelganger"],"picked":"Adrenaline","floor":33},{"not_picked":["Heel Hook+1","Deadly Poison","Quick Slash"],"picked":"SKIP","floor":35},{"not_picked":["Prepared","Choke","Flying Knee"],"picked":"SKIP","floor":36},{"not_picked":["Poisoned Stab+1","Dagger Throw"],"picked":"Wraith Form v2+1","floor":37},{"not_picked":["Deflect","Sucker Punch","Backflip"],"picked":"SKIP","floor":38},{"not_picked":["Corpse Explosion","Cloak And Dagger","PiercingWail"],"picked":"SKIP","floor":41},{"not_picked":["Backflip","Setup"],"picked":"Cloak And Dagger+1","floor":47}],"player_experience":545981,"relics_obtained":[{"floor":6.0,"key":"Bag of Marbles"},{"floor":8.0,"key":"Vajra"},{"floor":9.0,"key":"Potion Belt"},{"floor":10.0,"key":"Whetstone"},{"floor":21.0,"key":"Red Mask"},{"floor":30.0,"key":"Centennial Puzzle"},{"floor":41,"key":"MealTicket"},{"floor":45,"key":"Shovel"},{"floor":46,"key":"Shuriken"}],"event_choices":[{"cards_removed":["Strike_G"],"damage_healed":0.0,"max_hp_gain":0.0,"max_hp_loss":0.0,"gold_gain":0.0,"event_name":"Living Wall","player_choice":"Forget","floor":2.0,"gold_loss":0.0,"damage_taken":0.0},{"damage_healed":0.0,"max_hp_gain":0.0,"max_hp_loss":0.0,"gold_gain":0.0,"event_name":"Shining Light","player_choice":"Entered Light","floor":3.0,"gold_loss":0.0,"damage_taken":20.0,"cards_upgraded":["Defend_G","Survivor"]},{"damage_healed":0.0,"max_hp_gain":0.0,"max_hp_loss":0.0,"gold_gain":0.0,"event_name":"Upgrade Shrine","player_choice":"Upgraded","floor":5.0,"gold_loss":0.0,"damage_taken":0.0,"cards_upgraded":["Skewer"]},{"damage_healed":0.0,"max_hp_gain":0.0,"max_hp_loss":0.0,"gold_gain":0.0,"event_name":"Lab","player_choice":"Got Potions","floor":13.0,"gold_loss":0.0,"damage_taken":0.0},{"damage_healed":0.0,"max_hp_gain":0.0,"max_hp_loss":0.0,"gold_gain":0.0,"event_name":"Masked Bandits","player_choice":"Fought Bandits","floor":21.0,"gold_loss":0.0,"damage_taken":0.0},{"damage_healed":0.0,"max_hp_gain":0.0,"max_hp_loss":0.0,"gold_gain":0.0,"event_name":"The Mausoleum","player_choice":"Ignored","floor":24.0,"gold_loss":0.0,"damage_taken":0.0},{"damage_healed":0,"gold_gain":0,"player_choice":"Max HP","damage_taken":0,"max_hp_gain":0,"max_hp_loss":3,"event_name":"Winding Halls","floor":44,"gold_loss":0},{"damage_healed":0,"gold_gain":0,"player_choice":"Fight","damage_taken":0,"max_hp_gain":0,"max_hp_loss":0,"event_name":"Mysterious Sphere","floor":45,"gold_loss":0}],"is_beta":false,"boss_relics":[{"not_picked":["SlaversCollar","Calling Bell"],"picked":"Cursed Key"},{"not_picked":["Busted Crown","Philosopher\u0027s Stone"],"picked":"Empty Cage"}],"items_purged_floors":[12,20,31],"is_endless":false,"potions_floor_spawned":[7,8,14,18,22,25,30,35,37,38,47],"killed_by":"Time Eater","ascension_level":20}}