{"host":"wbs0wzz0alz01mnq","time":1613226948,"event":{"mods":["2.2 Compatiblity","BaseMod","Bestiary","Colored Map","Colored Powertips","GifTheSpireLib","Googly Eyes","Highlight Path","Minty Spire (QoL Compilation)","Morshu Shopkeeper - ENHANCED","Quick Restart","RNG Fix","Relic Stats","StSLib","SuperFastMode","Waifu the Spire","Weighted Paths","thorton"],"gold_per_floor":[116,191,213,238,16,16,64,64,64,14,189,36,36,73,73,199,199,272,263,263,263],"floor_reached":19,"language":"ENG","playtime":807,"items_purged":["Normality"],"score":165,"play_id":"56fb1e21-171e-45c0-b479-f9b7d674c0a8","local_time":"20210213093548","is_ascension_mode":false,"campfire_choices":[{"data":"thethorton:Heckle","floor":6,"key":"SMITH"},{"data":"thethorton:WhirlingBriefcase","floor":8,"key":"SMITH"},{"data":"thethorton:CashBash","floor":13,"key":"SMITH"},{"data":"thethorton:ScalingIsWin","floor":15,"key":"SMITH"}],"circlet_count":0,"master_deck":["thethorton:Strike","thethorton:Strike","thethorton:SuperStrike","thethorton:Defend","thethorton:Defend","thethorton:Defend","thethorton:Defend","thethorton:Heckle+1","thethorton:CreditCard","thethorton:CashBash","thethorton:CashBash+1","thethorton:WhirlingBriefcase+1","thethorton:FearfulRun+1","thethorton:ScalingIsWin+1","thethorton:CallShop+1","thethorton:Hindsight+1"],"relics":["thethorton:CouragePotion","NeowsBlessing","Omamori","Toxic Egg 2","Torii","Membership Card","Snecko Eye"],"acts_visited":["Exordium","TheCity"],"potions_floor_usage":[],"damage_taken":[{"damage":0,"enemies":"Jaw Worm","floor":1,"turns":1},{"damage":0,"enemies":"2 Louse","floor":3,"turns":1},{"damage":0,"enemies":"Small Slimes","floor":4,"turns":1},{"damage":24,"enemies":"Gremlin Nob","floor":7,"turns":4},{"damage":8,"enemies":"Exordium Wildlife","floor":14,"turns":6},{"damage":15,"enemies":"Hexaghost","floor":16,"turns":9},{"damage":28,"enemies":"Spheric Guardian","floor":18,"turns":6},{"damage":40,"enemies":"2 Thieves","floor":19,"turns":2}],"seed_played":"4660943076331121875","potions_obtained":[{"floor":7,"key":"SmokeBomb"},{"floor":14,"key":"Energy Potion"},{"floor":16,"key":"Block Potion"}],"is_trial":false,"path_per_floor":["M","?","M","M","$","R","E","R","T","?","?","$","R","M","R","B",null,"M","M"],"character_chosen":"THE_THORT","items_purchased":["Omamori","Membership Card"],"campfire_rested":0,"item_purchase_floors":[5,12],"current_hp_per_floor":[68,57,57,57,57,57,33,33,33,33,33,33,33,25,25,10,68,40,0,0,0],"gold":263,"neow_bonus":"THREE_ENEMY_KILL","is_daily":false,"chose_seed":false,"campfire_upgraded":4,"win_rate":0.0,"timestamp":1613226948,"path_taken":["M","?","M","M","$","R","E","R","T","?","?","$","R","M","R","BOSS","M","M"],"items_purchased_type":["Relic","Relic"],"build_version":"2020-12-22","purchased_purges":1,"victory":false,"max_hp_per_floor":[68,68,68,68,68,68,68,68,68,68,68,68,68,68,68,68,68,68,68,68,68],"relic_stats":{"Torii":26,"counters":[8,30],"Snecko Eye":[15,19,14,11],"obtain_stats":[{"NeowsBlessing":0,"Torii":9,"Snecko Eye":17,"thethorton:CouragePotion":0,"Omamori":5,"Membership Card":12,"Toxic Egg 2":7},{"NeowsBlessing":0,"Torii":4,"Snecko Eye":6,"thethorton:CouragePotion":0,"Omamori":3,"Membership Card":4,"Toxic Egg 2":4},{"NeowsBlessing":0,"Torii":7,"Snecko Eye":22,"thethorton:CouragePotion":0,"Omamori":3,"Membership Card":7,"Toxic Egg 2":7}]},"card_choices":[{"not_picked":["thethorton:AngerMoment","thethorton:ElbowSmash"],"picked":"thethorton:CashBash","floor":1},{"not_picked":["thethorton:DualBap","thethorton:Crash"],"picked":"thethorton:CashBash","floor":3},{"not_picked":["thethorton:BookBash","thethorton:SicklyRun"],"picked":"thethorton:WhirlingBriefcase","floor":4},{"not_picked":["thethorton:ElbowSmash","thethorton:Crash"],"picked":"thethorton:FearfulRun+1","floor":7},{"not_picked":["thethorton:LongTermPayoff+1","thethorton:Crash"],"picked":"thethorton:ScalingIsWin","floor":14},{"not_picked":["thethorton:Siphon","thethorton:CardboardBox"],"picked":"thethorton:CallShop+1","floor":16},{"not_picked":["thethorton:RunningKick","thethorton:HitAhead+1"],"picked":"thethorton:Hindsight+1","floor":18}],"player_experience":22880,"relics_obtained":[{"floor":7,"key":"Toxic Egg 2"},{"floor":9,"key":"Torii"}],"event_choices":[{"damage_healed":0,"gold_gain":75,"player_choice":"Gather Gold","damage_taken":11,"max_hp_gain":0,"max_hp_loss":0,"event_name":"World of Goop","floor":2,"gold_loss":0},{"cards_removed":["thethorton:Strike"],"damage_healed":0,"gold_gain":0,"player_choice":"Card Removal","damage_taken":0,"max_hp_gain":0,"max_hp_loss":0,"event_name":"The Cleric","floor":10,"gold_loss":50},{"damage_healed":0,"gold_gain":175,"player_choice":"AGREE","damage_taken":0,"max_hp_gain":0,"max_hp_loss":0,"event_name":"Liars Game","floor":11,"gold_loss":0,"cards_obtained":["Doubt"]}],"is_beta":false,"boss_relics":[{"not_picked":["Runic Dome","Ectoplasm"],"picked":"Snecko Eye"}],"items_purged_floors":[5],"is_endless":false,"potions_floor_spawned":[7,14,16,18],"killed_by":"2 Thieves","ascension_level":0}}