{"host":"zs3tguvuxkh90jf4","time":1613245643,"event":{"mods":["AchievementEnabler","BaseMod","Better Silent Start","Better-Laid Plans","BetterRewards","Block Reminder","Colored Map","Colored Powertips","Gold Saver","Minty Spire (QoL Compilation)","Shop Mod","StSLib","Transform Curses"],"gold_per_floor":[3535,3535,2423,2441,1394,1394,1722,1722,1722,1740,1768,1768,1801,1821,1821,1895,1895,1908,1908,1908,1919,1931,1931,1931,1964,1964,1234,1250,1250,1269,1288,1288,1366,1366,1376,1376,1427,1427,1437,1437,1437],"floor_reached":40,"language":"ENG","playtime":2290,"items_purged":["Strike_B","Defend_B","Writhe"],"score":1272,"play_id":"018b8331-a414-40aa-88b8-1574eae4259f","local_time":"20210213114723","is_ascension_mode":true,"campfire_choices":[{"floor":6,"key":"REST"},{"data":"Dualcast","floor":8,"key":"SMITH"},{"floor":12,"key":"REST"},{"floor":15,"key":"RECALL"},{"data":"Loop","floor":23,"key":"SMITH"},{"floor":32,"key":"REST"}],"circlet_count":0,"master_deck":["AscendersBane","Strike_B+1","Strike_B+1","Strike_B","Defend_B","Defend_B","Defend_B","Zap","Dualcast+1","Coolheaded+1","Glacier+1","Cold Snap","Redo+1","BootSequence+1","Loop+1","Hologram+1","Steam+1","Aggregate+1","Steam+1","Ball Lightning","Thunder Strike","Leap+1","Buffer+1","Storm+1","Ghostly+1","Ghostly+1","Ghostly+1","Coolheaded+1","Stack+1","Sweeping Beam","Static Discharge+1","Conserve Battery+1","Secret Weapon+1","Dramatic Entrance","Turbo+1","Aggregate+1","Reinforced Body+1","Electrodynamics+1","Redo+1","Good Instincts+1","Melter"],"relics":["Cracked Core","Toxic Egg 2","WingedGreaves","OrangePellets","TungstenRod","Calipers","Whetstone","Sling","MerchantsRug","Cables","Du-Vu Doll","ClockworkSouvenir","Old Coin","Frozen Egg 2","Symbiotic Virus","Inserter","Turnip","Dead Branch","PreservedInsect","Vajra","Black Star","Torii"],"acts_visited":["Exordium","TheCity","TheBeyond"],"potions_floor_usage":[11,22,25,33,33,37,40,40],"damage_taken":[{"damage":8,"enemies":"Jaw Worm","floor":1,"turns":4},{"damage":0,"enemies":"Cultist","floor":4,"turns":3},{"damage":15,"enemies":"3 Sentries","floor":7,"turns":7},{"damage":0,"enemies":"Small Slimes","floor":10,"turns":3},{"damage":12,"enemies":"Lagavulin","floor":11,"turns":4},{"damage":2,"enemies":"3 Sentries","floor":13,"turns":9},{"damage":0,"enemies":"3 Louse","floor":14,"turns":2},{"damage":0,"enemies":"The Guardian","floor":16,"turns":13},{"damage":0,"enemies":"Chosen","floor":18,"turns":7},{"damage":0,"enemies":"3 Byrds","floor":21,"turns":4},{"damage":0,"enemies":"3 Cultists","floor":22,"turns":7},{"damage":14,"enemies":"Slavers","floor":25,"turns":5},{"damage":0,"enemies":"Shelled Parasite and Fungi","floor":28,"turns":7},{"damage":0,"enemies":"Snake Plant","floor":30,"turns":2},{"damage":0,"enemies":"Snecko","floor":31,"turns":4},{"damage":0,"enemies":"Champ","floor":33,"turns":8},{"damage":4,"enemies":"3 Darklings","floor":35,"turns":6},{"damage":21,"enemies":"2 Orb Walkers","floor":37,"turns":3},{"damage":0,"enemies":"Orb Walker","floor":39,"turns":3},{"damage":10,"enemies":"Giant Head","floor":40,"turns":7}],"seed_played":"-223510886347433040","potions_obtained":[{"floor":1,"key":"Block Potion"},{"floor":4,"key":"EssenceOfDarkness"},{"floor":11,"key":"Ancient Potion"},{"floor":16,"key":"ColorlessPotion"},{"floor":22,"key":"Fire Potion"},{"floor":25,"key":"GamblersBrew"},{"floor":31,"key":"AttackPotion"},{"floor":33,"key":"Block Potion"},{"floor":37,"key":"Block Potion"},{"floor":39,"key":"Weak Potion"}],"is_trial":false,"path_per_floor":["M","?","$","M","$","R","E","R","T","M","E","R","E","M","R","B",null,"M","?","?","M","M","R","?","E","T","$","M","?","M","M","R","B",null,"M","?","?","?","M","E"],"character_chosen":"DEFECT","items_purchased":["Toxic Egg 2","WingedGreaves","OrangePellets","Coolheaded+1","Calipers","Whetstone","Sling","Glacier+1","Cold Snap","Redo+1","MerchantsRug","Cables","Du-Vu Doll","ClockworkSouvenir","Loop","Hologram+1","Steam+1","Vajra","Static Discharge+1","Conserve Battery+1","Secret Weapon+1","Dramatic Entrance"],"campfire_rested":3,"item_purchase_floors":[0,0,0,0,3,3,3,3,3,3,3,5,5,5,5,5,5,27,27,27,27,27],"current_hp_per_floor":[42,42,42,42,42,63,48,48,48,48,36,57,55,55,55,55,67,67,67,35,35,35,35,35,21,21,21,21,16,16,16,26,26,33,29,29,8,8,8,0,0],"gold":1437,"neow_bonus":"","is_daily":false,"chose_seed":false,"campfire_upgraded":2,"win_rate":0.0,"timestamp":1613245643,"path_taken":["M","?","$","M","$","R","E","R","T","M","E","R","E","M","R","BOSS","M","?","?","M","M","R","?","E","T","$","M","?","?","M","R","BOSS","M","?","?","?","M","E"],"items_purchased_type":["Relic","Relic","Relic","Card","Relic","Relic","Relic","Card","Card","Card","Relic","Relic","Relic","Relic","Card","Card","Card","Relic","Card","Card","Card","Card"],"build_version":"2020-12-22","purchased_purges":3,"victory":false,"max_hp_per_floor":[71,71,71,71,71,71,71,71,71,71,71,71,71,71,71,71,71,71,71,35,35,35,35,35,35,35,35,35,35,35,35,35,35,35,35,35,35,35,35,35,35],"card_choices":[{"not_picked":["Hello World","Barrage","Gash"],"picked":"SKIP","floor":1},{"not_picked":["Conserve Battery+1","Stack+1"],"picked":"BootSequence+1","floor":4},{"not_picked":["Streamline","Rainbow+1"],"picked":"Aggregate+1","floor":7},{"not_picked":["Cold Snap","Hologram+1"],"picked":"Steam+1","floor":10},{"not_picked":["Hologram+1","Redo+1"],"picked":"Ball Lightning","floor":11},{"not_picked":["Hello World+1","Stack+1"],"picked":"Thunder Strike","floor":13},{"not_picked":["Sunder","Fusion+1"],"picked":"Leap+1","floor":14},{"not_picked":["Rainbow+1","Fission+1"],"picked":"Buffer+1","floor":16},{"not_picked":["Lockon+1","Coolheaded+1"],"picked":"Storm+1","floor":18},{"not_picked":["Gash+1","Storm+1"],"picked":"Coolheaded+1","floor":21},{"not_picked":["Undo+1","Sunder"],"picked":"Stack+1","floor":22},{"not_picked":["Hologram+1","Amplify+1"],"picked":"Sweeping Beam","floor":25},{"not_picked":["Darkness+1","Compile Driver"],"picked":"Turbo+1","floor":28},{"not_picked":["Scrape","Cold Snap"],"picked":"Aggregate+1","floor":30},{"not_picked":["Loop+1","Undo+1"],"picked":"Reinforced Body+1","floor":31},{"not_picked":["Seek+1","Hyperbeam"],"picked":"Electrodynamics+1","floor":33},{"not_picked":["Stack+1","Hologram+1"],"picked":"Redo+1","floor":35},{"not_picked":["Swift Strike","HandOfGreed"],"picked":"Good Instincts+1","floor":36},{"not_picked":["Coolheaded+1","Compile Driver"],"picked":"Melter","floor":37},{"not_picked":["Conserve Battery+1","Cold Snap","Gash+1"],"picked":"SKIP","floor":39}],"player_experience":569374,"relics_obtained":[{"floor":7,"key":"Old Coin"},{"floor":11,"key":"Frozen Egg 2"},{"floor":13,"key":"Symbiotic Virus"},{"floor":25,"key":"Dead Branch"},{"floor":26,"key":"PreservedInsect"},{"floor":37,"key":"Torii"}],"event_choices":[{"damage_healed":0,"gold_gain":0,"player_choice":"Gave Potion","damage_taken":0,"relics_obtained":["TungstenRod"],"max_hp_gain":0,"max_hp_loss":0,"event_name":"WeMeetAgain","floor":2,"gold_loss":0},{"damage_healed":0,"gold_gain":0,"player_choice":"Opened","damage_taken":0,"relics_obtained":["Turnip"],"max_hp_gain":0,"max_hp_loss":0,"event_name":"The Mausoleum","floor":19,"gold_loss":0,"cards_obtained":["Writhe"]},{"damage_healed":0,"gold_gain":0,"player_choice":"Became a Ghost","damage_taken":0,"max_hp_gain":0,"max_hp_loss":36,"event_name":"Ghosts","floor":20,"gold_loss":0,"cards_obtained":["Ghostly","Ghostly","Ghostly"]},{"damage_healed":0,"gold_gain":0,"player_choice":"Ignored","damage_taken":0,"max_hp_gain":0,"max_hp_loss":0,"event_name":"Vampires","floor":24,"gold_loss":0},{"damage_healed":0,"gold_gain":0,"player_choice":"","damage_taken":6,"max_hp_gain":0,"max_hp_loss":0,"event_name":"Knowing Skull","floor":29,"potions_obtained":[],"gold_loss":0,"cards_obtained":[]},{"damage_healed":0,"gold_gain":0,"player_choice":"Memory 1","damage_taken":0,"max_hp_gain":0,"max_hp_loss":0,"event_name":"SensoryStone","floor":36,"gold_loss":0},{"damage_healed":0,"gold_gain":0,"player_choice":"Fight","damage_taken":0,"max_hp_gain":0,"max_hp_loss":0,"event_name":"Mysterious Sphere","floor":37,"gold_loss":0},{"damage_healed":0,"gold_gain":0,"player_choice":"Ignored","damage_taken":0,"max_hp_gain":0,"max_hp_loss":0,"event_name":"SecretPortal","floor":38,"gold_loss":0}],"is_beta":false,"boss_relics":[{"not_picked":["Coffee Dripper","FrozenCore"],"picked":"Inserter"},{"not_picked":["Runic Dome","SlaversCollar"],"picked":"Black Star"}],"items_purged_floors":[3,5,27],"is_endless":false,"potions_floor_spawned":[1,4,11,16,18,22,25,31,33,37,39],"killed_by":"Giant Head","ascension_level":17}}