{"host":"cb9xh4d0ss8ax8yb","time":1613200031,"event":{"mods":["100% Spire Juice","BaseMod","Better Altar","Better Match","Better Note","Better Sensory Stone","Better Skull","Better Third Choice","Bossed Relics","Good Game Mod","Minty Spire (QoL Compilation)","StSLib","The Cursed","The Dragon Tamer","The Gatherer"],"gold_per_floor":[119,84,159,14,34,65,76,76,76,76,93,127,127,144,144,243,243,253,213,226,236,282,314,314,340,390,401,401,414,443,543,543,642,642,653,497,497,497,547,547,557,589,670,702,722,19,38,38,38,38],"floor_reached":51,"language":"KOR","playtime":3222,"items_purged":["TheCursedMod:CursedBlade"],"score":1410,"play_id":"01b1cb79-245e-4673-999e-22f68a9a5dec","local_time":"20210213160711","is_ascension_mode":true,"campfire_choices":[{"data":"TheCursedMod:CircleOfAmplification","floor":8,"key":"SMITH"},{"data":"TheCursedMod:CursedBoomerang","floor":10,"key":"SMITH"},{"data":"TheCursedMod:UltimatePain","floor":15,"key":"SMITH"},{"data":"TheCursedMod:CursedSpellbook","floor":24,"key":"SMITH"},{"floor":28,"key":"DIG"},{"floor":32,"key":"DIG"},{"floor":40,"key":"DIG"},{"floor":49,"key":"DIG"}],"circlet_count":0,"master_deck":["TheCursedMod:CleanUpWorkshop+1","TheCursedMod:Wield","TheCursedMod:CursedSpellbook+1","TheCursedMod:CursedBoomerang+1","TheCursedMod:BlessingInDisguise","TheCursedMod:CircleOfAmplification+1","TheCursedMod:CircleOfAbyss","TheCursedMod:OutForBlood","TheCursedMod:UltimatePain+1","TheCursedMod:SpitefulPray+1","TheCursedMod:Hemoplague+1","TheCursedMod:CircleOfFlame+1","TheCursedMod:SurpriseAttack+1"],"relics":["TheCursedMod:BloodyHarpoon","REME:ComplimentaryCards","NeowsBlessing","Anchor","Mummified Hand","Boot","Sozu","Nunchaku","Juzu Bracelet","Shovel","MealTicket","Smiling Mask","Red Mask","Orichalcum","Coffee Dripper","TheCursedMod:Tack","Ice Cream","Singing Bowl","TheCursedMod:DemonicMark","White Beast Statue","Ancient Tea Set","Bottled Flame","Molten Egg 2","Orrery","Ornamental Fan"],"acts_visited":["Exordium","TheCity","TheBeyond"],"potions_floor_usage":[16,23],"damage_taken":[{"damage":0,"enemies":"Small Slimes","floor":1,"turns":1},{"damage":0,"enemies":"2 Louse","floor":5,"turns":1},{"damage":0,"enemies":"Lagavulin","floor":6,"turns":1},{"damage":0,"enemies":"Cultist","floor":7,"turns":2},{"damage":0,"enemies":"Large Slime","floor":11,"turns":4},{"damage":6,"enemies":"Gremlin Nob","floor":12,"turns":3},{"damage":0,"enemies":"Exordium Thugs","floor":14,"turns":3},{"damage":0,"enemies":"Slime Boss","floor":16,"turns":4},{"damage":0,"enemies":"Shell Parasite","floor":18,"turns":2},{"damage":1,"enemies":"Chosen","floor":20,"turns":1},{"damage":0,"enemies":"Shelled Parasite and Fungi","floor":21,"turns":2},{"damage":3,"enemies":"Slavers","floor":23,"turns":2},{"damage":0,"enemies":"Book of Stabbing","floor":25,"turns":1},{"damage":5,"enemies":"Centurion and Healer","floor":27,"turns":2},{"damage":2,"enemies":"3 Cultists","floor":29,"turns":1},{"damage":0,"enemies":"Masked Bandits","floor":30,"turns":2},{"damage":5,"enemies":"Collector","floor":33,"turns":3},{"damage":0,"enemies":"Orb Walker","floor":35,"turns":2},{"damage":0,"enemies":"Mind Bloom Boss Battle","floor":39,"turns":1},{"damage":0,"enemies":"3 Shapes","floor":41,"turns":1},{"damage":5,"enemies":"Nemesis","floor":42,"turns":3},{"damage":0,"enemies":"Giant Head","floor":44,"turns":1},{"damage":11,"enemies":"Sphere and 2 Shapes","floor":45,"turns":3},{"damage":2,"enemies":"Transient","floor":47,"turns":3},{"damage":2,"enemies":"Donu and Deca","floor":50,"turns":2}],"seed_played":"1766878300182141829","potions_obtained":[{"floor":5,"key":"SkillPotion"},{"floor":7,"key":"AttackPotion"},{"floor":14,"key":"SpeedPotion"}],"is_trial":false,"path_per_floor":["M","?","?","$","M","E","M","R","T","R","M","E","?","M","R","B",null,"M","?","M","M","T","E","R","E","T","M","R","M","?","?","R","B",null,"M","$","?","?","?","R","M","E","T","E","M","$","M","?","R","B",null],"character_chosen":"THE_CURSED","items_purchased":["Anchor","TheCursedMod:Tack","Bottled Flame","Molten Egg 2","Orrery"],"campfire_rested":0,"item_purchase_floors":[4,36,46,46,46],"current_hp_per_floor":[68,75,68,68,68,68,68,68,68,68,68,62,62,62,62,62,72,72,72,71,71,71,68,68,68,68,63,63,61,61,61,61,56,70,70,75,75,75,75,75,77,74,74,76,67,92,92,92,92,90],"gold":38,"neow_bonus":"THREE_ENEMY_KILL","is_daily":false,"chose_seed":false,"campfire_upgraded":4,"win_rate":0.0,"timestamp":1613200031,"path_taken":["M","?","?","$","?","E","M","R","T","R","M","E","?","M","R","BOSS","M","?","?","M","?","E","R","E","T","M","R","M","?","?","R","BOSS","M","$","?","?","?","R","M","E","T","E","M","$","M","?","R","BOSS"],"items_purchased_type":["Relic","Relic","Relic","Relic","Relic"],"build_version":"2020-12-22","purchased_purges":1,"victory":true,"max_hp_per_floor":[75,75,75,75,75,75,75,75,75,75,75,75,75,75,75,75,75,75,75,75,75,75,75,75,75,75,75,75,75,75,75,75,75,75,75,75,75,75,75,75,77,79,79,81,83,93,95,95,95,95],"card_choices":[{"not_picked":["TheCursedMod:Stigma","TheCursedMod:HellsGateOpen","TheCursedMod:Obscuration"],"picked":"SKIP","floor":1},{"not_picked":["TheCursedMod:RavingStaff","TheCursedMod:CursedAmulet","TheCursedMod:Evocation"],"picked":"SKIP","floor":5},{"not_picked":["TheCursedMod:RapidMovement","TheCursedMod:CursedSpellbook"],"picked":"TheCursedMod:CursedBlade","floor":6},{"not_picked":["TheCursedMod:CursedAmulet","TheCursedMod:ManaBullet","TheCursedMod:SmokeScreen"],"picked":"SKIP","floor":7},{"not_picked":["TheCursedMod:CursedMace","TheCursedMod:FleshFromBone","TheCursedMod:CircleOfBlood"],"picked":"SKIP","floor":11},{"not_picked":["TheCursedMod:Obscuration","TheCursedMod:Wield","TheCursedMod:CursedShiv"],"picked":"SKIP","floor":12},{"not_picked":["TheCursedMod:RavingStaff","TheCursedMod:StunningStrike","TheCursedMod:RapidMovement"],"picked":"SKIP","floor":14},{"not_picked":["TheCursedMod:Wield","TheCursedMod:CursedStaff"],"picked":"TheCursedMod:SpitefulPray+1","floor":18},{"not_picked":["TheCursedMod:BloodBarrier+1","TheCursedMod:SaltUponWound"],"picked":"TheCursedMod:Hemoplague+1","floor":20},{"not_picked":["TheCursedMod:CursedArmor","TheCursedMod:AbyssShockwave"],"picked":"TheCursedMod:CircleOfFlame+1","floor":21},{"not_picked":["TheCursedMod:CursedBlade","TheCursedMod:SpitefulStrike+1","TheCursedMod:Obscuration"],"picked":"SKIP","floor":23},{"not_picked":["TheCursedMod:CircleOfFlame","TheCursedMod:CircleOfFocus","TheCursedMod:Hemoplague"],"picked":"SKIP","floor":25},{"not_picked":["TheCursedMod:AbyssShockwave","TheCursedMod:CursedAmulet+1","TheCursedMod:Obscuration"],"picked":"SKIP","floor":27},{"not_picked":["TheCursedMod:WearCloak","TheCursedMod:RapidMovement","TheCursedMod:ForbiddenAlchemy"],"picked":"SKIP","floor":29},{"not_picked":["TheCursedMod:WearCloak","TheCursedMod:TroublousMinions"],"picked":"TheCursedMod:SurpriseAttack+1","floor":30},{"not_picked":["TheCursedMod:Stretching+1","TheCursedMod:CircleOfFlame","TheCursedMod:Obscuration"],"picked":"SKIP","floor":35},{"not_picked":["TheCursedMod:CursedMace","TheCursedMod:DoubleShield+1","TheCursedMod:VitalStrike"],"picked":"Singing Bowl","floor":41},{"not_picked":["TheCursedMod:SmokeScreen","TheCursedMod:CursedAmulet+1","TheCursedMod:SpitefulStrike"],"picked":"Singing Bowl","floor":42},{"not_picked":["TheCursedMod:RavingStaff","TheCursedMod:Evocation+1","TheCursedMod:ReleasedStrength"],"picked":"Singing Bowl","floor":44},{"not_picked":["TheCursedMod:SmokeScreen","TheCursedMod:SaltUponWound","TheCursedMod:StingEye+1"],"picked":"Singing Bowl","floor":45},{"not_picked":["TheCursedMod:BlessingInDisguise+1","TheCursedMod:RapidMovement+1","TheCursedMod:RavingStaff+1"],"picked":"Singing Bowl","floor":46},{"not_picked":["TheCursedMod:ShockAndAwe+1","TheCursedMod:TacticalStrike+1","TheCursedMod:FleshFromBone"],"picked":"Singing Bowl","floor":46},{"not_picked":["TheCursedMod:SpitefulStrike+1","TheCursedMod:CursedSpellbook+1","TheCursedMod:ManaCirculation"],"picked":"Singing Bowl","floor":46},{"not_picked":["TheCursedMod:BlessingInDisguise","TheCursedMod:EmpowerCircles","TheCursedMod:RavingStaff+1"],"picked":"Singing Bowl","floor":46},{"not_picked":["TheCursedMod:CursedMace+1","TheCursedMod:Wield+1","TheCursedMod:CursedBlade+1"],"picked":"Singing Bowl","floor":46},{"not_picked":["TheCursedMod:WearCloak","TheCursedMod:BlessingInDisguise","TheCursedMod:RapidMovement"],"picked":"Singing Bowl","floor":47}],"player_experience":518705,"relics_obtained":[{"floor":6,"key":"Mummified Hand"},{"floor":12,"key":"Boot"},{"floor":22,"key":"Nunchaku"},{"floor":23,"key":"Juzu Bracelet"},{"floor":25,"key":"Shovel"},{"floor":26,"key":"MealTicket"},{"floor":28,"key":"Smiling Mask"},{"floor":30,"key":"Red Mask"},{"floor":32,"key":"Orichalcum"},{"floor":39,"key":"Ice Cream"},{"floor":40,"key":"Singing Bowl"},{"floor":42,"key":"TheCursedMod:DemonicMark"},{"floor":43,"key":"White Beast Statue"},{"floor":44,"key":"Ancient Tea Set"},{"floor":49,"key":"Ornamental Fan"}],"event_choices":[{"damage_healed":18,"gold_gain":0,"player_choice":"Healed","damage_taken":0,"max_hp_gain":0,"max_hp_loss":0,"event_name":"The Cleric","floor":2,"gold_loss":35},{"damage_healed":0,"gold_gain":75,"player_choice":"Touch","damage_taken":7,"max_hp_gain":0,"max_hp_loss":0,"event_name":"FaceTrader","floor":3,"gold_loss":0},{"damage_healed":0,"gold_gain":0,"player_choice":"Bought 0 Potions","damage_taken":0,"max_hp_gain":0,"max_hp_loss":0,"event_name":"The Woman in Blue","floor":13,"gold_loss":0},{"damage_healed":0,"gold_gain":0,"player_choice":"Upgrade","damage_taken":0,"max_hp_gain":0,"max_hp_loss":0,"event_name":"Designer","floor":19,"gold_loss":40,"cards_upgraded":["TheCursedMod:CleanUpWorkshop"]},{"damage_healed":0,"gold_gain":0,"player_choice":"Fought Bandits","damage_taken":0,"max_hp_gain":0,"max_hp_loss":0,"event_name":"Masked Bandits","floor":30,"gold_loss":0},{"damage_healed":0,"gold_gain":100,"player_choice":"Pray","damage_taken":0,"max_hp_gain":0,"max_hp_loss":0,"event_name":"Golden Shrine","floor":31,"gold_loss":0},{"cards_removed":["TheCursedMod:SpitefulPlan"],"damage_healed":0,"gold_gain":0,"player_choice":"Removed Power","damage_taken":0,"max_hp_gain":0,"max_hp_loss":0,"event_name":"Falling","floor":37,"gold_loss":0},{"cards_removed":["Secret Weapon"],"damage_healed":0,"gold_gain":0,"player_choice":"Purged","damage_taken":0,"max_hp_gain":0,"max_hp_loss":0,"event_name":"Purifier","floor":38,"gold_loss":0},{"damage_healed":0,"gold_gain":0,"player_choice":"Fight","damage_taken":0,"max_hp_gain":0,"max_hp_loss":0,"event_name":"MindBloom","floor":39,"gold_loss":0},{"damage_healed":0,"gold_gain":0,"player_choice":"Ignored","damage_taken":0,"max_hp_gain":0,"max_hp_loss":0,"event_name":"Tomb of Lord Red Mask","floor":48,"gold_loss":0}],"is_beta":false,"boss_relics":[{"not_picked":["TheCursedMod:FourLeafCloverCharm","Fusion Hammer"],"picked":"Sozu"},{"not_picked":["Runic Dome","TheCursedMod:OminousMark"],"picked":"Coffee Dripper"}],"items_purged_floors":[46],"is_endless":false,"potions_floor_spawned":[5,7,14,20,21,25,35,42,44,45,47],"ascension_level":7}}