{"host":"6svvh3ubww6quchd","time":1613243239,"event":{"mods":["AchievementEnabler","BaseMod","Bestiary","Highlight Path","Minty Spire (QoL Compilation)","Rare Cards Sparkle","Relic Stats","StSLib"],"gold_per_floor":[117,117,132,132,146,177,190,190,190,207,218,243,243,268,268,396,396,396,396,396,56,56,56,56,56,56,56,0,0,0,0,0,0,0,0,0,0,0,0,0,0],"floor_reached":40,"language":"ENG","playtime":1446,"items_purged":[],"score":548,"play_id":"126cad90-7510-42b0-89f2-97f669cb3dc2","local_time":"20210213140719","is_ascension_mode":true,"campfire_choices":[{"data":"Defragment","floor":8.0,"key":"SMITH"},{"data":"Rip and Tear","floor":15.0,"key":"SMITH"},{"data":"Biased Cognition","floor":24.0,"key":"SMITH"},{"floor":27,"key":"REST"},{"floor":32,"key":"REST"}],"circlet_count":0,"master_deck":["Defend_B+1","Defend_B+1","Defend_B+1","Defend_B+1","Zap","Dualcast+1","Stack","Barrage","Static Discharge","Streamline","Defragment+1","Redo","Lockon","Lockon","Rip and Tear+1","Biased Cognition+1","Conserve Battery+1","Bite","Bite","Bite","Bite","Bite","Glacier","Core Surge","Coolheaded","Genetic Algorithm","White Noise","Turbo+1","Electrodynamics","Ball Lightning+1","Self Repair+1"],"relics":["Cracked Core","Meat on the Bone","Sundial","Question Card","Golden Idol","Ectoplasm","Runic Capacitor","Toy Ornithopter","Mercury Hourglass","Boot","Bottled Flame","Runic Pyramid","Emotion Chip"],"acts_visited":["Exordium","TheCity","TheBeyond"],"potions_floor_usage":[33,33,37,37,37,39,39],"damage_taken":[{"damage":2.0,"enemies":"Jaw Worm","floor":1.0,"turns":3.0},{"damage":1.0,"enemies":"2 Louse","floor":3.0,"turns":2.0},{"damage":0.0,"enemies":"Cultist","floor":5.0,"turns":3.0},{"damage":29.0,"enemies":"Gremlin Nob","floor":6.0,"turns":4.0},{"damage":2.0,"enemies":"3 Louse","floor":7.0,"turns":2.0},{"damage":9.0,"enemies":"2 Fungi Beasts","floor":10.0,"turns":3.0},{"damage":26.0,"enemies":"Lots of Slimes","floor":11.0,"turns":4.0},{"damage":25.0,"enemies":"Lagavulin","floor":12.0,"turns":5.0},{"damage":0.0,"enemies":"Exordium Wildlife","floor":14.0,"turns":3.0},{"damage":18.0,"enemies":"Hexaghost","floor":16.0,"turns":6.0},{"damage":31.0,"enemies":"Shell Parasite","floor":18.0,"turns":4.0},{"damage":21.0,"enemies":"Gremlin Leader","floor":23.0,"turns":7.0},{"damage":25.0,"enemies":"Book of Stabbing","floor":25.0,"turns":7.0},{"damage":14,"enemies":"2 Thieves","floor":28,"turns":4},{"damage":45,"enemies":"Collector","floor":33,"turns":8},{"damage":8,"enemies":"3 Shapes","floor":35,"turns":3},{"damage":7,"enemies":"Orb Walker","floor":36,"turns":5},{"damage":45,"enemies":"Transient","floor":37,"turns":5},{"damage":0,"enemies":"Maw","floor":38,"turns":6},{"damage":39,"enemies":"2 Orb Walkers","floor":39,"turns":4},{"damage":35,"enemies":"Reptomancer","floor":40,"turns":2}],"seed_played":"1699187696315459718","potions_obtained":[{"floor":0.0,"key":"Strength Potion"},{"floor":0.0,"key":"CultistPotion"},{"floor":0.0,"key":"LiquidMemories"},{"floor":10.0,"key":"EntropicBrew"},{"floor":11.0,"key":"AttackPotion"},{"floor":14.0,"key":"Weak Potion"},{"floor":18.0,"key":"Regen Potion"},{"floor":25.0,"key":"Regen Potion"},{"floor":33,"key":"PowerPotion"},{"floor":37,"key":"Block Potion"},{"floor":38,"key":"Fire Potion"}],"is_trial":false,"path_per_floor":["M","?","M","?","M","E","M","R","T","M","M","E","?","M","R","B",null,"M","?","?","$","?","E","R","E","T","R","M","$","T","?","R","B",null,"M","M","M","M","?","E"],"character_chosen":"DEFECT","items_purchased":["Core Surge","Runic Capacitor","Coolheaded"],"campfire_rested":2,"item_purchase_floors":[21,21,21],"current_hp_per_floor":[73,58,57,62,62,33,43,43,43,46,32,19,19,31,31,25,74,43,43,43,43,43,36,36,29,29,44,36,36,36,36,51,51,51,43,42,22,34,23,0,0],"gold":0,"neow_bonus":"THREE_SMALL_POTIONS","is_daily":false,"chose_seed":false,"campfire_upgraded":3,"win_rate":0.0,"timestamp":1613243239,"path_taken":["M","?","M","?","M","E","M","R","T","M","M","E","?","M","R","BOSS","M","?","?","$","?","E","R","E","T","R","M","$","?","?","R","BOSS","M","M","?","M","?","E"],"items_purchased_type":["Card","Relic","Card"],"build_version":"2020-12-22","purchased_purges":0,"victory":false,"max_hp_per_floor":[75,75,75,80,80,80,80,80,80,80,80,80,74,74,74,74,74,74,51,51,51,51,51,51,51,51,51,51,51,51,51,51,51,51,51,51,51,51,51,51,51],"relic_stats":{"Emotion Chip":[2,2,0,0,0],"counters":[21,90],"Sundial":[4],"Golden Idol":103,"Ectoplasm":612,"Question Card":12,"Boot":[19],"obtain_stats":[{"Golden Idol":13,"Runic Capacitor":21,"Question Card":12,"Boot":26,"Mercury Hourglass":25,"Bottled Flame":30,"Emotion Chip":39,"Sundial":9,"Ectoplasm":17,"Cracked Core":0,"Toy Ornithopter":23,"Meat on the Bone":6,"Runic Pyramid":34},{"Golden Idol":8,"Runic Capacitor":11,"Question Card":8,"Boot":13,"Mercury Hourglass":13,"Bottled Flame":14,"Emotion Chip":20,"Sundial":5,"Ectoplasm":10,"Cracked Core":0,"Toy Ornithopter":12,"Meat on the Bone":4,"Runic Pyramid":15},{"Golden Idol":26,"Runic Capacitor":39,"Question Card":26,"Boot":53,"Mercury Hourglass":53,"Bottled Flame":57,"Emotion Chip":88,"Sundial":14,"Ectoplasm":35,"Cracked Core":0,"Toy Ornithopter":46,"Meat on the Bone":12,"Runic Pyramid":65}],"Toy Ornithopter":20,"Meat on the Bone":108,"Mercury Hourglass":[168]},"card_choices":[{"not_picked":["Capacitor","Recycle"],"picked":"Stack","floor":1.0},{"not_picked":["Turbo","Hello World"],"picked":"Barrage","floor":3.0},{"not_picked":["Streamline","Steam Power"],"picked":"Static Discharge","floor":5.0},{"not_picked":["Blizzard","Beam Cell"],"picked":"Streamline","floor":6.0},{"not_picked":["Hologram","Stack"],"picked":"Defragment","floor":7.0},{"not_picked":["Beam Cell","Streamline"],"picked":"Redo","floor":10.0},{"not_picked":["Steam","Fusion"],"picked":"Lockon","floor":11.0},{"not_picked":["Sweeping Beam","Sunder"],"picked":"Lockon","floor":12.0},{"not_picked":["Static Discharge","Gash","Stack"],"picked":"Rip and Tear","floor":14.0},{"not_picked":["Rainbow","Electrodynamics","Core Surge"],"picked":"Biased Cognition","floor":16.0},{"not_picked":["Chill","Gash+1","Tempest"],"picked":"Conserve Battery+1","floor":18.0},{"not_picked":["Go for the Eyes","Redo","Compile Driver+1"],"picked":"Genetic Algorithm","floor":23.0},{"not_picked":["Streamline+1","Sunder","Conserve Battery+1"],"picked":"White Noise","floor":25.0},{"not_picked":["Sweeping Beam","Coolheaded+1","Redo"],"picked":"Turbo+1","floor":28},{"not_picked":["Multi-Cast","Seek","Rainbow"],"picked":"Electrodynamics","floor":33},{"not_picked":["Barrage+1","Leap","Rebound+1","Sweeping Beam+1"],"picked":"SKIP","floor":35},{"not_picked":["Tempest+1","Rebound+1","Gash","Redo+1"],"picked":"SKIP","floor":36},{"not_picked":["Steam+1","Stack+1","Gash"],"picked":"Ball Lightning+1","floor":37},{"not_picked":["Cold Snap+1","Auto Shields","Fusion+1","All For One"],"picked":"SKIP","floor":38},{"not_picked":["Steam","Coolheaded+1","Ball Lightning"],"picked":"Self Repair+1","floor":39}],"player_experience":154107,"relics_obtained":[{"floor":6.0,"key":"Meat on the Bone"},{"floor":9.0,"key":"Sundial"},{"floor":12.0,"key":"Question Card"},{"floor":23.0,"key":"Toy Ornithopter"},{"floor":25.0,"key":"Mercury Hourglass"},{"floor":26.0,"key":"Boot"},{"floor":30,"key":"Bottled Flame"},{"floor":39,"key":"Emotion Chip"}],"event_choices":[{"damage_healed":0.0,"max_hp_gain":0.0,"max_hp_loss":0.0,"gold_gain":0.0,"event_name":"Shining Light","player_choice":"Entered Light","floor":2.0,"gold_loss":0.0,"damage_taken":15.0,"cards_upgraded":["Strike_B","Dualcast"]},{"damage_healed":0.0,"max_hp_gain":5.0,"max_hp_loss":0.0,"gold_gain":0.0,"event_name":"Big Fish","player_choice":"Donut","floor":4.0,"gold_loss":0.0,"damage_taken":0.0},{"damage_healed":0.0,"max_hp_gain":0.0,"max_hp_loss":6.0,"gold_gain":0.0,"event_name":"Golden Idol","player_choice":"Lose Max HP","floor":13.0,"gold_loss":0.0,"damage_taken":0.0,"relics_obtained":["Golden Idol"]},{"damage_healed":0.0,"max_hp_gain":0.0,"max_hp_loss":23.0,"gold_gain":0.0,"event_name":"Vampires","player_choice":"Became a vampire","floor":19.0,"gold_loss":0.0,"damage_taken":0.0,"cards_obtained":["Bite","Bite","Bite","Bite","Bite"]},{"damage_healed":0.0,"max_hp_gain":0.0,"max_hp_loss":0.0,"gold_gain":0.0,"event_name":"The Library","player_choice":"Read","floor":20.0,"gold_loss":0.0,"damage_taken":0.0,"cards_obtained":["Glacier"]},{"damage_healed":0.0,"max_hp_gain":0.0,"max_hp_loss":0.0,"gold_gain":0.0,"event_name":"Back to Basics","player_choice":"Simplicity","floor":22.0,"gold_loss":0.0,"damage_taken":0.0,"cards_upgraded":["Defend_B","Defend_B","Defend_B","Defend_B"]},{"damage_healed":0,"gold_gain":100,"player_choice":"Pray","damage_taken":0,"max_hp_gain":0,"max_hp_loss":0,"event_name":"Golden Shrine","floor":31,"gold_loss":0},{"damage_healed":0,"gold_gain":0,"player_choice":"Fight","damage_taken":0,"max_hp_gain":0,"max_hp_loss":0,"event_name":"Mysterious Sphere","floor":39,"gold_loss":0}],"is_beta":false,"boss_relics":[{"not_picked":["Tiny House","Calling Bell"],"picked":"Ectoplasm"},{"not_picked":["FrozenCore","Runic Dome"],"picked":"Runic Pyramid"}],"items_purged_floors":[],"is_endless":false,"potions_floor_spawned":[6,7,10,11,12,14,18,25,28,33,37,38],"killed_by":"Reptomancer","ascension_level":4}}