{"host":"hk3n60c9tb8azi3z","time":1613209620,"event":{"mods":["AchievementEnabler","BaseMod","Minty Spire (QoL Compilation)","Relic Sorter","Relic Stats"],"gold_per_floor":[114,114,4,4,19,49,25,40,115,145,160,190,205,220,220,320,320,320,320],"floor_reached":18,"language":"ENG","playtime":1043,"items_purged":[],"score":182,"play_id":"296f9fd0-cc15-43a9-ad73-9d29f8943de8","local_time":"20210213104700","daily_mods":["Chimera","Purple Cards","DeadlyEvents"],"is_ascension_mode":false,"campfire_choices":[{"floor":15.0,"key":"REST"}],"circlet_count":0,"master_deck":["Bash","Survivor","Zap","Eruption","Strike_R","Strike_G","Strike_B","Defend_R","Defend_G","Defend_P","Quick Slash","Collect","Dark Shackles","Vault","Wireheading","Bouncing Flask+1","Terror","ClearTheMind","Bane","Consecrate","DeusExMachina","CutThroughFate","WindmillStrike","TalkToTheHand","BattleHymn+1","ConjureBlade"],"relics":["Ring of the Snake","Unceasing Top","Sundial","Frozen Egg 2","StrikeDummy","Philosopher\u0027s Stone"],"acts_visited":["Exordium","TheCity"],"potions_floor_usage":[],"damage_taken":[{"damage":10.0,"enemies":"Small Slimes","floor":1.0,"turns":3.0},{"damage":0.0,"enemies":"Cultist","floor":5.0,"turns":3.0},{"damage":4.0,"enemies":"Lagavulin","floor":6.0,"turns":7.0},{"damage":5.0,"enemies":"2 Louse","floor":8.0,"turns":2.0},{"damage":15.0,"enemies":"3 Sentries","floor":10.0,"turns":5.0},{"damage":0.0,"enemies":"Exordium Wildlife","floor":11.0,"turns":3.0},{"damage":28.0,"enemies":"Gremlin Nob","floor":12.0,"turns":3.0},{"damage":0.0,"enemies":"3 Louse","floor":13.0,"turns":1.0},{"damage":7.0,"enemies":"Blue Slaver","floor":14.0,"turns":2.0},{"damage":2.0,"enemies":"Hexaghost","floor":16.0,"turns":7.0},{"damage":0,"enemies":"Shell Parasite","floor":18,"turns":1}],"seed_played":"-8399458303924539785","potions_obtained":[{"floor":8.0,"key":"ColorlessPotion"},{"floor":11.0,"key":"Explosive Potion"},{"floor":12.0,"key":"PowerPotion"}],"is_trial":false,"path_per_floor":["M","?","$","?","M","E","$","M","T","E","M","E","M","M","R","B",null,"M"],"character_chosen":"THE_SILENT","items_purchased":["Wireheading","Bouncing Flask","Bane"],"campfire_rested":1,"item_purchase_floors":[3,3,7],"current_hp_per_floor":[60,60,60,60,60,56,56,51,51,36,36,8,8,1,22,20,70,70,70],"gold":320,"neow_bonus":"","is_daily":true,"chose_seed":false,"campfire_upgraded":0,"win_rate":0.0,"timestamp":1613209620,"path_taken":["M","?","?","?","?","E","$","M","T","?","M","E","?","M","R","BOSS","M"],"items_purchased_type":["Card","Card","Card"],"build_version":"2020-12-22","purchased_purges":0,"victory":false,"max_hp_per_floor":[70,70,70,70,70,70,70,70,70,70,70,70,70,70,70,70,70,70,70],"relic_stats":{"counters":[11,37],"Sundial":[2],"obtain_stats":[{"Sundial":9,"Philosopher\u0027s Stone":17,"Frozen Egg 2":10,"StrikeDummy":12,"Unceasing Top":6,"Ring of the Snake":0},{"Sundial":4,"Philosopher\u0027s Stone":10,"Frozen Egg 2":5,"StrikeDummy":7,"Unceasing Top":3,"Ring of the Snake":0},{"Sundial":15,"Philosopher\u0027s Stone":36,"Frozen Egg 2":20,"StrikeDummy":26,"Unceasing Top":13,"Ring of the Snake":0}],"Unceasing Top":[2],"Ring of the Snake":[22]},"card_choices":[{"not_picked":["PiercingWail","Outmaneuver"],"picked":"Quick Slash","floor":1.0},{"not_picked":["Flying Knee","Crescendo"],"picked":"Terror","floor":5.0},{"not_picked":["Flying Knee","Outmaneuver"],"picked":"ClearTheMind","floor":6.0},{"not_picked":["Dodge and Roll","Cloak And Dagger"],"picked":"Consecrate","floor":8.0},{"not_picked":["Slice","Consecrate"],"picked":"DeusExMachina","floor":10.0},{"not_picked":["Halt","Reflex"],"picked":"CutThroughFate","floor":11.0},{"not_picked":["Halt","PathToVictory"],"picked":"WindmillStrike","floor":12.0},{"not_picked":["CrushJoints","Vengeance"],"picked":"TalkToTheHand","floor":13.0},{"not_picked":["Pray","Outmaneuver"],"picked":"BattleHymn+1","floor":14.0},{"not_picked":["Brilliance","MasterReality+1"],"picked":"ConjureBlade","floor":16.0}],"player_experience":1675325,"relics_obtained":[{"floor":6.0,"key":"Unceasing Top"},{"floor":9.0,"key":"Sundial"},{"floor":10.0,"key":"Frozen Egg 2"},{"floor":12.0,"key":"StrikeDummy"}],"event_choices":[{"damage_healed":0.0,"max_hp_gain":0.0,"max_hp_loss":0.0,"gold_gain":0.0,"event_name":"Match and Keep!","player_choice":"3 cards matched","floor":2.0,"gold_loss":0.0,"damage_taken":0.0,"cards_obtained":["Collect","Dark Shackles","Vault"]},{"damage_healed":0.0,"max_hp_gain":0.0,"max_hp_loss":0.0,"gold_gain":0.0,"event_name":"Living Wall","player_choice":"Grow","floor":4.0,"gold_loss":0.0,"damage_taken":0.0,"cards_upgraded":["Bouncing Flask"]}],"is_beta":false,"boss_relics":[{"not_picked":["Black Star","Empty Cage"],"picked":"Philosopher\u0027s Stone"}],"items_purged_floors":[],"is_endless":false,"potions_floor_spawned":[8,11,12],"killed_by":"Shell Parasite","ascension_level":0}}