{"host":"8ztb9kwpjc2zof9s","time":1613194074,"event":{"mods":["BaseMod","Block Reminder","Curses Come First","Minty Spire (QoL Compilation)","Relic Stats","StSLib"],"gold_per_floor":[119,129,304,304,304,304,338,350,350,364,393,393,409,420,420,420,420],"floor_reached":16,"language":"ENG","playtime":450,"items_purged":[],"score":212,"play_id":"25603f5c-fc1c-4147-b409-594f6347c644","local_time":"20210212212754","is_ascension_mode":true,"campfire_choices":[{"data":"Strike_G","floor":6,"key":"PURGE"},{"floor":12,"key":"REST"},{"floor":15,"key":"REST"}],"circlet_count":0,"master_deck":["AscendersBane","Strike_G","Strike_G","Strike_G","Strike_G","Defend_G","Defend_G","Defend_G","Defend_G","Defend_G","Survivor","Neutralize","Skewer","Footwork","PiercingWail","Terror","Blur"],"relics":["Ring of the Snake","NeowsBlessing","Peace Pipe","Bottled Flame","Gambling Chip","Nunchaku"],"acts_visited":["Exordium"],"potions_floor_usage":[11,11,13,16],"damage_taken":[{"damage":0,"enemies":"Jaw Worm","floor":1,"turns":1},{"damage":0,"enemies":"Small Slimes","floor":2,"turns":1},{"damage":0,"enemies":"Lagavulin","floor":7,"turns":1},{"damage":0,"enemies":"Cultist","floor":8,"turns":3},{"damage":1,"enemies":"Exordium Thugs","floor":10,"turns":7},{"damage":44,"enemies":"Gremlin Nob","floor":11,"turns":5},{"damage":13,"enemies":"Lots of Slimes","floor":13,"turns":8},{"damage":1,"enemies":"2 Fungi Beasts","floor":14,"turns":6},{"damage":43,"enemies":"Slime Boss","floor":16,"turns":8}],"seed_played":"1968328073115047472","potions_obtained":[{"floor":1,"key":"Dexterity Potion"},{"floor":2,"key":"CunningPotion"},{"floor":7,"key":"SteroidPotion"},{"floor":11,"key":"Poison Potion"},{"floor":13,"key":"Swift Potion"}],"is_trial":false,"path_per_floor":["M","M","?","?","?","R","E","M","T","M","E","R","M","M","R","B"],"character_chosen":"THE_SILENT","items_purchased":[],"campfire_rested":2,"item_purchase_floors":[],"current_hp_per_floor":[63,63,63,51,51,51,51,51,51,50,6,27,14,13,34,0,0],"gold":420,"neow_bonus":"THREE_ENEMY_KILL","is_daily":false,"chose_seed":false,"campfire_upgraded":0,"win_rate":0.0,"timestamp":1613194074,"path_taken":["M","M","?","?","?","R","E","M","T","?","E","R","?","M","R","BOSS"],"items_purchased_type":[],"build_version":"2020-12-22","purchased_purges":0,"victory":false,"max_hp_per_floor":[70,70,70,70,70,70,70,70,70,70,70,70,70,70,70,70,70],"relic_stats":{"Peace Pipe":1,"Nunchaku":[2],"counters":[9,40],"Gambling Chip":[17],"obtain_stats":[{"Peace Pipe":4,"Bottled Flame":7,"Nunchaku":11,"NeowsBlessing":0,"Gambling Chip":9,"Ring of the Snake":0},{"Peace Pipe":2,"Bottled Flame":3,"Nunchaku":6,"NeowsBlessing":0,"Gambling Chip":4,"Ring of the Snake":0},{"Peace Pipe":2,"Bottled Flame":3,"Nunchaku":18,"NeowsBlessing":0,"Gambling Chip":6,"Ring of the Snake":0}],"Ring of the Snake":[18]},"card_choices":[{"not_picked":["Catalyst","Slice"],"picked":"Skewer","floor":1},{"not_picked":["PiercingWail","Slice"],"picked":"Footwork","floor":2},{"not_picked":["Slice","Choke","Heel Hook"],"picked":"SKIP","floor":7},{"not_picked":["Prepared","Finisher"],"picked":"PiercingWail","floor":8},{"not_picked":["Dagger Throw","Eviscerate","Outmaneuver"],"picked":"SKIP","floor":10},{"not_picked":["Distraction","Storm of Steel","Sucker Punch"],"picked":"SKIP","floor":11},{"not_picked":["Outmaneuver","Expertise"],"picked":"Terror","floor":13},{"not_picked":["Dodge and Roll","Caltrops"],"picked":"Blur","floor":14}],"player_experience":315347,"relics_obtained":[{"floor":7,"key":"Bottled Flame"},{"floor":9,"key":"Gambling Chip"},{"floor":11,"key":"Nunchaku"}],"event_choices":[{"damage_healed":0,"gold_gain":175,"player_choice":"AGREE","damage_taken":0,"max_hp_gain":0,"max_hp_loss":0,"event_name":"Liars Game","floor":3,"gold_loss":0,"cards_obtained":["Doubt"]},{"damage_healed":0,"gold_gain":0,"player_choice":"Success","damage_taken":12,"relics_obtained":["Peace Pipe"],"max_hp_gain":0,"max_hp_loss":0,"event_name":"Scrap Ooze","floor":4,"gold_loss":0},{"cards_removed":["Doubt"],"damage_healed":0,"gold_gain":0,"player_choice":"Forget","damage_taken":0,"max_hp_gain":0,"max_hp_loss":0,"event_name":"Living Wall","floor":5,"gold_loss":0}],"is_beta":false,"boss_relics":[],"items_purged_floors":[],"is_endless":false,"potions_floor_spawned":[1,2,7,11,13],"killed_by":"Slime Boss","ascension_level":11}}