{"host":"rqwnmhn71fwyjegj","time":1613227170,"event":{"mods":["AchievementEnabler","BaseMod","Minty Spire (QoL Compilation)"],"gold_per_floor":[111,121,37,37,56,56,72,72,148,167,167,14,14,42,42,142,142,160,175,186,0,0,0,0,35,59,72,72,72],"floor_reached":28,"language":"ENG","playtime":1287,"items_purged":[],"score":321,"play_id":"b6cbc3b5-7f16-45ee-b687-9a80c54b1788","local_time":"20210213143930","is_ascension_mode":true,"campfire_choices":[{"data":"Cloak And Dagger","floor":6,"key":"SMITH"},{"data":"Accuracy","floor":8,"key":"SMITH"},{"data":"Accuracy","floor":11,"key":"SMITH"},{"data":"Unload","floor":13,"key":"SMITH"},{"floor":15,"key":"REST"},{"floor":23,"key":"REST"}],"circlet_count":0,"master_deck":["Strike_G","Strike_G","Strike_G","Strike_G","Strike_G","Defend_G","Defend_G","Defend_G","Defend_G","Defend_G","Survivor","Neutralize","Unload+1","Accuracy+1","Backstab","Dramatic Entrance+1","Cloak And Dagger+1","Accuracy+1","Cloak And Dagger+1","After Image","Blade Dance","Deflect+1","Infinite Blades"],"relics":["Ring of the Serpent","Pantograph","DollysMirror","Ancient Tea Set","White Beast Statue","Toy Ornithopter"],"acts_visited":["Exordium","TheCity"],"potions_floor_usage":[16,20,27,27],"damage_taken":[{"damage":8,"enemies":"2 Louse","floor":1,"turns":3},{"damage":1,"enemies":"Jaw Worm","floor":2,"turns":4},{"damage":0,"enemies":"Cultist","floor":5,"turns":2},{"damage":0,"enemies":"Exordium Thugs","floor":7,"turns":4},{"damage":0,"enemies":"Looter","floor":10,"turns":2},{"damage":16,"enemies":"Gremlin Nob","floor":14,"turns":3},{"damage":23,"enemies":"Slime Boss","floor":16,"turns":7},{"damage":6,"enemies":"Shell Parasite","floor":18,"turns":5},{"damage":21,"enemies":"2 Thieves","floor":19,"turns":3},{"damage":5,"enemies":"Shelled Parasite and Fungi","floor":20,"turns":6},{"damage":22,"enemies":"Book of Stabbing","floor":25,"turns":4},{"damage":13,"enemies":"Snake Plant","floor":27,"turns":4},{"damage":36,"enemies":"Slavers","floor":28,"turns":3}],"seed_played":"5842238817639136846","potions_obtained":[{"floor":1,"key":"Swift Potion"},{"floor":7,"key":"Explosive Potion"},{"floor":14,"key":"BlessingOfTheForge"},{"floor":19,"key":"DistilledChaos"},{"floor":20,"key":"Swift Potion"},{"floor":24,"key":"Fruit Juice"},{"floor":27,"key":"LiquidMemories"}],"is_trial":false,"path_per_floor":["M","M","$","?","M","R","M","R","T","M","R","$","R","E","R","B",null,"M","M","M","?","$","R","?","E","T","M","E"],"character_chosen":"THE_SILENT","items_purchased":["Dramatic Entrance","DollysMirror"],"campfire_rested":2,"item_purchase_floors":[3,12],"current_hp_per_floor":[55,54,54,54,54,54,54,54,54,54,54,54,54,38,59,47,64,58,37,32,32,32,53,53,31,31,33,0,0],"gold":72,"neow_bonus":"ONE_RANDOM_RARE_CARD","is_daily":false,"chose_seed":false,"campfire_upgraded":4,"win_rate":0.0,"timestamp":1613227170,"path_taken":["M","M","$","?","M","R","M","R","T","M","R","$","R","E","R","BOSS","M","M","M","?","$","R","?","E","T","?","E"],"items_purchased_type":["Card","Relic"],"build_version":"2020-12-22","purchased_purges":0,"victory":false,"max_hp_per_floor":[70,70,70,70,70,70,70,70,70,70,70,70,70,70,70,70,70,70,70,70,70,70,70,70,70,70,75,75,75],"card_choices":[{"not_picked":["Skewer","Deflect"],"picked":"Accuracy","floor":1},{"not_picked":["Quick Slash","Dagger Spray"],"picked":"Backstab","floor":2},{"not_picked":["Dash","Backstab"],"picked":"Cloak And Dagger","floor":5},{"not_picked":["Endless Agony","Calculated Gamble","Acrobatics"],"picked":"SKIP","floor":7},{"not_picked":["Reflex","Riddle With Holes"],"picked":"Accuracy","floor":10},{"not_picked":["Masterful Stab","Poisoned Stab"],"picked":"After Image","floor":14},{"not_picked":["Backflip","Poisoned Stab"],"picked":"Blade Dance","floor":18},{"not_picked":["Prepared+1","Outmaneuver","Tactician+1"],"picked":"SKIP","floor":19},{"not_picked":["Acrobatics","PiercingWail","Terror"],"picked":"SKIP","floor":20},{"not_picked":["Flechettes+1","Poisoned Stab"],"picked":"Deflect+1","floor":25},{"not_picked":["Tactician","Bouncing Flask+1"],"picked":"Infinite Blades","floor":27}],"player_experience":336620,"relics_obtained":[{"floor":9,"key":"Pantograph"},{"floor":14,"key":"Ancient Tea Set"},{"floor":25,"key":"White Beast Statue"},{"floor":26,"key":"Toy Ornithopter"}],"event_choices":[{"damage_healed":0,"gold_gain":0,"player_choice":"Grow","damage_taken":0,"max_hp_gain":0,"max_hp_loss":0,"event_name":"Living Wall","floor":4,"gold_loss":0,"cards_upgraded":["Dramatic Entrance"]},{"damage_healed":0,"gold_gain":0,"player_choice":"Paid Fearfully","damage_taken":0,"max_hp_gain":0,"max_hp_loss":0,"event_name":"Masked Bandits","floor":21,"gold_loss":186},{"damage_healed":0,"gold_gain":0,"player_choice":"Got Potions","damage_taken":0,"max_hp_gain":0,"max_hp_loss":0,"event_name":"Lab","floor":24,"gold_loss":0}],"is_beta":false,"boss_relics":[{"not_picked":["Cursed Key","SacredBark"],"picked":"Ring of the Serpent"}],"items_purged_floors":[],"is_endless":false,"potions_floor_spawned":[1,7,14,19,20,27],"killed_by":"Slavers","ascension_level":7}}