{"host":"ijf4uk0u2tt2bygg","time":1613234201,"event":{"mods":["2.2 Compatiblity","AchievementEnabler","BaseMod","BetterRewards","Block Reminder","Colored Map","Colored Powertips","Curses Come First","DeckTracker","Hermit","Highlight Path","Minty Spire (QoL Compilation)","Permanent Neow","Quick Restart","Relic Stats","StSLib","SuperFastMode","The Bug Knight","The Cursed","The Hierophant","The Necromancer","The Servant 0.9.4","Unknown Chances"],"gold_per_floor":[417,417,26,41,41,41,55,89,89,100,70,70,95,115,115,212,212,224,244,257,257,274,300,300,329,353,383,413,413,413,443,443,545,545,556,572,61,77,77,77,109,109,109,129,351,385,385,402,402,402],"floor_reached":51,"language":"ENG","playtime":5338,"items_purged":["Dualcast"],"score":884,"play_id":"04bc1e4b-749c-4f21-a27d-db697c304796","local_time":"20210213183641","is_ascension_mode":true,"campfire_choices":[{"data":"Hello World","floor":6.0,"key":"SMITH"},{"data":"Capacitor","floor":12.0,"key":"SMITH"},{"data":"Capacitor","floor":15.0,"key":"SMITH"},{"floor":24.0,"key":"REST"},{"floor":29.0,"key":"REST"},{"floor":32.0,"key":"REST"},{"data":"Defragment","floor":40.0,"key":"SMITH"},{"data":"Zap","floor":47,"key":"SMITH"},{"data":"Loop","floor":49,"key":"SMITH"}],"circlet_count":0,"master_deck":["Strike_B","Strike_B","Defend_B","Zap+1","CurseOfTheBell","Leap+1","Capacitor+1","Genetic Algorithm+1","Hello World+1","Hologram+1","Ball Lightning","Fusion+1","Leap+1","Sweeping Beam","Capacitor+1","Cold Snap","Rainbow+1","Melter+1","Force Field+1","Sweeping Beam+1","Rebound+1","Defragment+1","Coolheaded+1","Coolheaded+1","Core Surge","Loop+1","Seek+1","Electrodynamics","Compile Driver+1","Cold Snap+1","Consume+1","Chill+1"],"relics":["Calling Bell","Old Coin","Oddly Smooth Stone","Toxic Egg 2","Happy Flower","Pear","Potion Belt","Orichalcum","Astrolabe","Ice Cream","Turnip","Pen Nib","Red Mask","Ancient Tea Set","Boot","Coffee Dripper","Frozen Egg 2","Lantern","Kunai","Thread and Needle","Dream Catcher"],"acts_visited":["Exordium","TheCity","TheBeyond"],"potions_floor_usage":[46,50],"damage_taken":[{"damage":7.0,"enemies":"2 Louse","floor":1.0,"turns":3.0},{"damage":0.0,"enemies":"Cultist","floor":4.0,"turns":5.0},{"damage":1.0,"enemies":"Jaw Worm","floor":7.0,"turns":5.0},{"damage":0.0,"enemies":"Lagavulin","floor":8.0,"turns":7.0},{"damage":1.0,"enemies":"Blue Slaver","floor":10.0,"turns":3.0},{"damage":0.0,"enemies":"Looter","floor":11.0,"turns":4.0},{"damage":15.0,"enemies":"Gremlin Nob","floor":13.0,"turns":5.0},{"damage":6.0,"enemies":"2 Fungi Beasts","floor":14.0,"turns":3.0},{"damage":15.0,"enemies":"Hexaghost","floor":16.0,"turns":8.0},{"damage":0.0,"enemies":"Spheric Guardian","floor":18.0,"turns":6.0},{"damage":2.0,"enemies":"Snake Plant","floor":19.0,"turns":6.0},{"damage":18.0,"enemies":"Chosen and Byrds","floor":20.0,"turns":7.0},{"damage":17.0,"enemies":"Snecko","floor":22.0,"turns":6.0},{"damage":26.0,"enemies":"Slavers","floor":23.0,"turns":6.0},{"damage":3.0,"enemies":"Book of Stabbing","floor":25.0,"turns":6.0},{"damage":28.0,"enemies":"Masked Bandits","floor":27.0,"turns":7.0},{"damage":24.0,"enemies":"Gremlin Leader","floor":28.0,"turns":7.0},{"damage":0.0,"enemies":"HollowMod:Nosk","floor":31.0,"turns":7.0},{"damage":35.0,"enemies":"Collector","floor":33.0,"turns":11.0},{"damage":12.0,"enemies":"3 Darklings","floor":35.0,"turns":4.0},{"damage":27.0,"enemies":"3 Shapes","floor":36.0,"turns":3.0},{"damage":0.0,"enemies":"Maw","floor":38.0,"turns":7.0},{"damage":0.0,"enemies":"Nemesis","floor":41.0,"turns":6.0},{"damage":0,"enemies":"Jaw Worm Horde","floor":44,"turns":6},{"damage":25,"enemies":"Reptomancer","floor":46,"turns":7},{"damage":0,"enemies":"Transient","floor":48,"turns":5},{"damage":10,"enemies":"Time Eater","floor":50,"turns":11}],"seed_played":"4805400289176736651","potions_obtained":[{"floor":5.0,"key":"BlessingOfTheForge"},{"floor":5.0,"key":"EssenceOfSteel"},{"floor":5.0,"key":"Dexterity Potion"},{"floor":22.0,"key":"PowerPotion"},{"floor":25.0,"key":"Regen Potion"},{"floor":28.0,"key":"DuplicationPotion"},{"floor":38.0,"key":"Fire Potion"},{"floor":44,"key":"Ancient Potion"},{"floor":48,"key":"DuplicationPotion"}],"is_trial":false,"path_per_floor":["M","?","$","M","?","R","M","E","T","M","M","R","E","M","R","B",null,"M","M","M","?","M","E","R","E","T","?","E","R","?","E","R","B",null,"M","M","$","M","?","R","E","?","T","M","?","E","R","M","R","B",null],"character_chosen":"DEFECT","items_purchased":["Happy Flower","Genetic Algorithm+1","Hello World","Hologram+1","Frozen Egg 2","Lantern","FairyPotion"],"campfire_rested":3,"item_purchase_floors":[3,3,3,3,37,37,37],"current_hp_per_floor":[68,68,68,68,68,68,67,77,77,76,76,76,61,55,55,40,85,85,83,65,65,48,22,47,44,44,16,7,32,32,32,57,22,85,73,46,46,46,46,46,46,46,46,46,46,21,21,21,21,11],"gold":402,"neow_bonus":"BOSS_RELIC","is_daily":false,"chose_seed":false,"campfire_upgraded":6,"win_rate":0.0,"timestamp":1613234201,"path_taken":["M","?","$","M","?","R","?","E","T","M","M","R","E","?","R","BOSS","M","M","M","?","M","E","R","E","T","?","E","R","?","E","R","BOSS","M","M","$","M","?","R","E","?","T","M","?","E","R","M","R","BOSS"],"items_purchased_type":["Relic","Card","Card","Card","Relic","Relic","Potion"],"build_version":"2020-12-22","purchased_purges":1,"victory":true,"max_hp_per_floor":[75,75,75,75,75,75,75,85,85,85,85,85,85,85,85,85,85,85,85,85,85,85,85,85,85,85,85,85,85,85,85,85,85,85,85,85,85,85,85,85,85,85,85,85,85,85,85,85,85,85],"relic_stats":{"Dream Catcher":0,"Happy Flower":[52],"counters":[27,161],"Astrolabe":["Turbo","Melter","Force Field"],"Turnip":[8],"Pen Nib":[17],"Kunai":[13],"Orichalcum":[222],"Boot":[60],"obtain_stats":[{"Potion Belt":9,"Ice Cream":23,"Lantern":37,"Pear":8,"Happy Flower":3,"Astrolabe":17,"Oddly Smooth Stone":0,"Thread and Needle":43,"Pen Nib":26,"Orichalcum":13,"Frozen Egg 2":37,"Ancient Tea Set":28,"Boot":31,"Old Coin":0,"Calling Bell":0,"Dream Catcher":46,"Turnip":25,"Red Mask":27,"Coffee Dripper":34,"Kunai":41,"Toxic Egg 2":0,"Cracked Core":0},{"Potion Belt":4,"Ice Cream":14,"Lantern":21,"Pear":4,"Happy Flower":1,"Astrolabe":9,"Oddly Smooth Stone":0,"Thread and Needle":23,"Pen Nib":15,"Orichalcum":7,"Frozen Egg 2":21,"Ancient Tea Set":17,"Boot":18,"Old Coin":0,"Calling Bell":0,"Dream Catcher":25,"Turnip":15,"Red Mask":16,"Coffee Dripper":19,"Kunai":23,"Toxic Egg 2":0,"Cracked Core":0},{"Potion Belt":20,"Ice Cream":74,"Lantern":119,"Pear":20,"Happy Flower":3,"Astrolabe":43,"Oddly Smooth Stone":0,"Thread and Needle":132,"Pen Nib":80,"Orichalcum":32,"Frozen Egg 2":119,"Ancient Tea Set":94,"Boot":101,"Old Coin":0,"Calling Bell":0,"Dream Catcher":145,"Turnip":80,"Red Mask":87,"Coffee Dripper":112,"Kunai":132,"Toxic Egg 2":0,"Cracked Core":0}]},"card_choices":[{"not_picked":["Stack+1","Blizzard"],"picked":"Leap+1","floor":1.0},{"not_picked":["Conserve Battery+1","Streamline"],"picked":"Ball Lightning","floor":4.0},{"not_picked":["Rebound","Stack+1"],"picked":"Fusion+1","floor":7.0},{"not_picked":["Compile Driver","Darkness+1","Reinforced Body+1"],"picked":"SKIP","floor":8.0},{"not_picked":["Stack+1","Steam+1"],"picked":"Leap+1","floor":10.0},{"not_picked":["Undo+1","Heatsinks"],"picked":"Sweeping Beam","floor":11.0},{"not_picked":["Blizzard","Hologram+1"],"picked":"Capacitor","floor":13.0},{"not_picked":["Reprogram+1","Sunder"],"picked":"Cold Snap","floor":14.0},{"not_picked":["Multi-Cast+1","Reboot+1"],"picked":"Rainbow+1","floor":16.0},{"not_picked":["FTL","Gash"],"picked":"Sweeping Beam+1","floor":18.0},{"not_picked":["Leap+1","Reinforced Body+1","Steam+1"],"picked":"SKIP","floor":19.0},{"not_picked":["Sweeping Beam","Lockon"],"picked":"Rebound+1","floor":20.0},{"not_picked":["Leap+1","Hologram+1"],"picked":"Defragment","floor":22.0},{"not_picked":["Double Energy+1","Chaos+1"],"picked":"Coolheaded+1","floor":23.0},{"not_picked":["Conserve Battery+1","Gash"],"picked":"Coolheaded+1","floor":25.0},{"not_picked":["Streamline","Beam Cell"],"picked":"Core Surge","floor":27.0},{"not_picked":["Leap+1","Sunder"],"picked":"Loop","floor":28.0},{"not_picked":["Streamline","Compile Driver"],"picked":"Seek+1","floor":31.0},{"not_picked":["Core Surge","Multi-Cast+1"],"picked":"Electrodynamics","floor":33.0},{"not_picked":["Tempest+1","Coolheaded+1"],"picked":"Compile Driver+1","floor":35.0},{"not_picked":["Stack+1","Storm+1"],"picked":"Cold Snap+1","floor":36.0},{"not_picked":["Storm+1","Loop+1"],"picked":"Consume+1","floor":38.0},{"not_picked":["Turbo+1","Rebound","Genetic Algorithm+1"],"picked":"SKIP","floor":41.0},{"not_picked":["Stack+1","Auto Shields+1","Go for the Eyes+1"],"picked":"SKIP","floor":44},{"not_picked":["Coolheaded+1","Thunder Strike","Redo+1"],"picked":"SKIP","floor":46},{"not_picked":["Stack+1","Go for the Eyes+1"],"picked":"Chill+1","floor":48}],"player_experience":63812,"relics_obtained":[{"floor":0.0,"key":"Old Coin"},{"floor":0.0,"key":"Oddly Smooth Stone"},{"floor":0.0,"key":"Toxic Egg 2"},{"floor":8.0,"key":"Pear"},{"floor":9.0,"key":"Potion Belt"},{"floor":13.0,"key":"Orichalcum"},{"floor":23.0,"key":"Ice Cream"},{"floor":25.0,"key":"Turnip"},{"floor":26.0,"key":"Pen Nib"},{"floor":27.0,"key":"Red Mask"},{"floor":28.0,"key":"Ancient Tea Set"},{"floor":31.0,"key":"Boot"},{"floor":41.0,"key":"Kunai"},{"floor":43.0,"key":"Thread and Needle"},{"floor":46,"key":"Dream Catcher"}],"event_choices":[{"damage_healed":0.0,"max_hp_gain":0.0,"max_hp_loss":0.0,"gold_gain":0.0,"cards_transformed":["Defend_B"],"event_name":"Living Wall","player_choice":"Change","floor":2.0,"gold_loss":0.0,"damage_taken":0.0,"cards_obtained":["Capacitor"]},{"damage_healed":0.0,"max_hp_gain":0.0,"max_hp_loss":0.0,"gold_gain":0.0,"event_name":"Lab","player_choice":"Got Potions","floor":5.0,"gold_loss":0.0,"damage_taken":0.0},{"cards_removed":["Defend_B"],"damage_healed":0.0,"max_hp_gain":0.0,"max_hp_loss":0.0,"gold_gain":0.0,"event_name":"Back to Basics","player_choice":"Elegance","floor":21.0,"gold_loss":0.0,"damage_taken":0.0},{"damage_healed":0.0,"max_hp_gain":0.0,"max_hp_loss":0.0,"gold_gain":0.0,"event_name":"Masked Bandits","player_choice":"Fought Bandits","floor":27.0,"gold_loss":0.0,"damage_taken":0.0},{"damage_healed":0.0,"max_hp_gain":0.0,"max_hp_loss":0.0,"gold_gain":0.0,"event_name":"Vampires","player_choice":"Ignored","floor":30.0,"gold_loss":0.0,"damage_taken":0.0},{"cards_removed":["Turbo"],"damage_healed":0.0,"max_hp_gain":0.0,"max_hp_loss":0.0,"gold_gain":0.0,"event_name":"Falling","player_choice":"Removed Skill","floor":39.0,"gold_loss":0.0,"damage_taken":0.0},{"damage_healed":0.0,"max_hp_gain":0.0,"max_hp_loss":0.0,"gold_gain":0.0,"event_name":"SensoryStone","player_choice":"Memory 1","floor":42.0,"gold_loss":0.0,"damage_taken":0.0},{"damage_healed":0,"gold_gain":222,"player_choice":"Wore Mask","damage_taken":0,"max_hp_gain":0,"max_hp_loss":0,"event_name":"Tomb of Lord Red Mask","floor":45,"gold_loss":0}],"is_beta":false,"boss_relics":[{"not_picked":["Velvet Choker","SlaversCollar"],"picked":"Astrolabe"},{"not_picked":["Runic Pyramid","Fusion Hammer"],"picked":"Coffee Dripper"}],"items_purged_floors":[3],"is_endless":false,"potions_floor_spawned":[7,8,22,25,28,38,44,48],"ascension_level":1}}