{"host":"qbnk2vkaq38efxaz","time":1613195785,"event":{"mods":["BaseMod","Minty Spire (QoL Compilation)","Relic Stats"],"gold_per_floor":[114,124,142,142,159,171,171,201,224,224,243,255,290,304,304,405,405,423,165,181,194,209,235,335,364,364,364,381,406,418,449,449,547,547,565,584,584,584,584,619,246,273,285,297,246,263,280,313,313,313,313,313,79,104,104],"floor_reached":56,"language":"ENG","playtime":6937,"items_purged":["Worship","Collect+1","Writhe"],"score":1594,"play_id":"d5047748-9164-407a-addc-adf044c49f24","local_time":"20210212215625","is_ascension_mode":true,"campfire_choices":[{"data":"Conclude","floor":7.0,"key":"SMITH"},{"data":"TalkToTheHand","floor":10.0,"key":"SMITH"},{"data":"Blasphemy","floor":15.0,"key":"SMITH"},{"data":"LessonLearned","floor":32,"key":"SMITH"},{"floor":44,"key":"RECALL"},{"floor":49,"key":"REST"},{"data":"Secret Weapon","floor":52,"key":"SMITH"}],"circlet_count":0,"master_deck":["Eruption+1","Vigilance+1","ReachHeaven+1","TalkToTheHand+1","Protect+1","Evaluate+1","Conclude+1","Halt+1","CutThroughFate+1","Blasphemy+1","LessonLearned+1","Nirvana+1","FollowUp+1","CarveReality+1","LikeWater+1","FlyingSleeves+1","EmptyBody+1","WaveOfTheHand+1","WheelKick+1","ThirdEye","JustLucky+1","SandsOfTime+1","Evaluate+1","DevaForm+1","Secret Weapon+1","Flash of Steel","Finesse+1","Protect+1","TalkToTheHand+1","Scrawl+1"],"relics":["Runic Dome","Bag of Preparation","Nunchaku","Regal Pillow","Pandora\u0027s Box","Membership Card","Happy Flower","Anchor","Juzu Bracelet","Vajra","Sundial","White Beast Statue","Cursed Key","Matryoshka","Gremlin Horn","Ornamental Fan","DollysMirror","MawBank","Kunai","Boot","Bottled Flame","Lantern","Blue Candle"],"acts_visited":["Exordium","TheCity","TheBeyond","TheEnding"],"potions_floor_usage":[31,33,50,55,55,55],"damage_taken":[{"damage":0.0,"enemies":"Cultist","floor":1.0,"turns":3.0},{"damage":0.0,"enemies":"2 Louse","floor":2.0,"turns":2.0},{"damage":3.0,"enemies":"Jaw Worm","floor":3.0,"turns":2.0},{"damage":8.0,"enemies":"Gremlin Gang","floor":5.0,"turns":4.0},{"damage":5.0,"enemies":"Large Slime","floor":6.0,"turns":5.0},{"damage":6.0,"enemies":"Gremlin Nob","floor":8.0,"turns":3.0},{"damage":0.0,"enemies":"Lots of Slimes","floor":11.0,"turns":1.0},{"damage":8.0,"enemies":"Exordium Thugs","floor":12.0,"turns":3.0},{"damage":0.0,"enemies":"Lagavulin","floor":13.0,"turns":2.0},{"damage":0.0,"enemies":"Red Slaver","floor":14.0,"turns":1.0},{"damage":0.0,"enemies":"Slime Boss","floor":16.0,"turns":3.0},{"damage":11.0,"enemies":"2 Thieves","floor":18.0,"turns":2.0},{"damage":3.0,"enemies":"Spheric Guardian","floor":20.0,"turns":6.0},{"damage":9.0,"enemies":"Centurion and Healer","floor":21.0,"turns":6.0},{"damage":9,"enemies":"Snake Plant","floor":22,"turns":5},{"damage":0,"enemies":"Gremlin Leader","floor":23,"turns":4},{"damage":0,"enemies":"Book of Stabbing","floor":25,"turns":4},{"damage":0,"enemies":"3 Cultists","floor":28,"turns":4},{"damage":6,"enemies":"Gremlin Leader","floor":29,"turns":5},{"damage":8,"enemies":"Centurion and Healer","floor":30,"turns":6},{"damage":0,"enemies":"Slavers","floor":31,"turns":3},{"damage":0,"enemies":"Automaton","floor":33,"turns":3},{"damage":0,"enemies":"3 Shapes","floor":35,"turns":4},{"damage":0,"enemies":"Orb Walker","floor":36,"turns":2},{"damage":2,"enemies":"Nemesis","floor":40,"turns":5},{"damage":0,"enemies":"Giant Head","floor":42,"turns":8},{"damage":0,"enemies":"Writhing Mass","floor":46,"turns":3},{"damage":0,"enemies":"4 Shapes","floor":47,"turns":3},{"damage":25,"enemies":"Nemesis","floor":48,"turns":5},{"damage":2,"enemies":"Awakened One","floor":50,"turns":11},{"damage":20,"enemies":"Shield and Spear","floor":54,"turns":10},{"damage":34,"enemies":"The Heart","floor":55,"turns":10}],"seed_played":"273493660777056690","potions_obtained":[{"floor":1.0,"key":"Strength Potion"},{"floor":3.0,"key":"SteroidPotion"},{"floor":5.0,"key":"SkillPotion"},{"floor":8.0,"key":"PowerPotion"},{"floor":11.0,"key":"SneckoOil"},{"floor":20.0,"key":"DistilledChaos"},{"floor":31,"key":"Strength Potion"},{"floor":33,"key":"ColorlessPotion"},{"floor":40,"key":"PowerPotion"},{"floor":48,"key":"Fruit Juice"}],"is_trial":false,"path_per_floor":["M","M","M","?","M","M","R","E","T","R","M","M","E","M","R","B",null,"M","$","M","M","M","E","?","E","T","?","M","E","M","E","R","B",null,"M","M","?","?","?","E","$","E","T","R","$","M","M","E","R","B",null,"R","$","E","B",null],"character_chosen":"WATCHER","items_purchased":["Membership Card","Happy Flower","Gremlin Horn","Ornamental Fan","DollysMirror","Bottled Flame","Lantern","LiquidMemories"],"campfire_rested":1,"item_purchase_floors":[19,19,41,41,41,53,53,53],"current_hp_per_floor":[72,72,69,55,47,42,42,36,36,36,36,28,28,28,28,28,72,61,61,58,49,40,40,40,40,40,82,82,76,68,68,68,68,82,82,82,82,82,72,70,70,70,70,70,70,70,70,45,82,85,87,87,87,67,33],"gold":104,"neow_bonus":"BOSS_RELIC","is_daily":false,"chose_seed":false,"campfire_upgraded":5,"win_rate":0.0,"timestamp":1613195785,"path_taken":["M","M","?","?","M","M","R","E","T","R","M","M","E","M","R","BOSS","M","$","M","M","M","E","?","E","T","?","M","E","M","E","R","BOSS","M","M","?","?","?","E","$","E","T","R","$","M","M","E","R","BOSS","R","$","E","BOSS"],"items_purchased_type":["Relic","Relic","Relic","Relic","Relic","Relic","Relic","Potion"],"build_version":"2020-12-22","purchased_purges":3,"victory":true,"max_hp_per_floor":[72,72,72,72,72,72,72,72,72,72,72,72,72,72,72,72,72,72,72,72,72,72,72,72,72,72,82,82,82,82,82,82,82,82,82,82,82,82,82,82,82,82,82,82,82,82,82,82,82,87,87,87,87,87,87],"relic_stats":{"Regal Pillow":13,"Happy Flower":[35],"Gremlin Horn":[7,7],"counters":[32,138],"Blue Candle":[0],"Bag of Preparation":[52],"Juzu Bracelet":2,"Cursed Key":1,"MawBank":36,"Boot":[12],"Nunchaku":[32],"Sundial":[10],"Ornamental Fan":[160],"Pandora\u0027s Box":["Nirvana","FollowUp","CarveReality","Collect","Worship","LikeWater","ConjureBlade","FlyingSleeves"],"Kunai":[34],"obtain_stats":[{"Regal Pillow":13,"Lantern":53,"Happy Flower":19,"Gremlin Horn":41,"Blue Candle":54,"Vajra":26,"Bag of Preparation":8,"Juzu Bracelet":25,"Cursed Key":34,"MawBank":42,"Boot":48,"White Beast Statue":31,"Runic Dome":0,"Nunchaku":9,"Anchor":23,"Bottled Flame":53,"Matryoshka":40,"Sundial":29,"Ornamental Fan":41,"DollysMirror":41,"Pandora\u0027s Box":17,"Membership Card":19,"Kunai":43,"PureWater":0},{"Regal Pillow":9,"Lantern":30,"Happy Flower":12,"Gremlin Horn":25,"Blue Candle":31,"Vajra":17,"Bag of Preparation":6,"Juzu Bracelet":17,"Cursed Key":22,"MawBank":26,"Boot":29,"White Beast Statue":21,"Runic Dome":0,"Nunchaku":6,"Anchor":16,"Bottled Flame":30,"Matryoshka":25,"Sundial":19,"Ornamental Fan":25,"DollysMirror":25,"Pandora\u0027s Box":11,"Membership Card":12,"Kunai":26,"PureWater":0},{"Regal Pillow":25,"Lantern":118,"Happy Flower":31,"Gremlin Horn":88,"Blue Candle":128,"Vajra":56,"Bag of Preparation":19,"Juzu Bracelet":56,"Cursed Key":77,"MawBank":96,"Boot":107,"White Beast Statue":74,"Runic Dome":0,"Nunchaku":19,"Anchor":52,"Bottled Flame":118,"Matryoshka":88,"Sundial":65,"Ornamental Fan":88,"DollysMirror":88,"Pandora\u0027s Box":29,"Membership Card":31,"Kunai":96,"PureWater":0}]},"card_choices":[{"not_picked":["Study","WreathOfFlame"],"picked":"ReachHeaven","floor":1.0},{"not_picked":["BowlingBash","JustLucky"],"picked":"TalkToTheHand","floor":2.0},{"not_picked":["Consecrate","Vengeance"],"picked":"Protect","floor":3.0},{"not_picked":["ThirdEye","CrushJoints"],"picked":"Evaluate","floor":5.0},{"not_picked":["ClearTheMind","Prostrate"],"picked":"Conclude","floor":6.0},{"not_picked":["Prostrate","Wallop"],"picked":"Halt","floor":8.0},{"not_picked":["BowlingBash","Omniscience"],"picked":"Crescendo","floor":11.0},{"not_picked":["Indignation","BattleHymn"],"picked":"CutThroughFate","floor":12.0},{"not_picked":["FearNoEvil","InnerPeace"],"picked":"Blasphemy","floor":13.0},{"not_picked":["Evaluate","Swivel","Conclude"],"picked":"SKIP","floor":14.0},{"not_picked":["Omniscience","Blasphemy"],"picked":"LessonLearned","floor":16.0},{"not_picked":["SashWhip","CarveReality+1"],"picked":"EmptyBody+1","floor":18.0},{"not_picked":["PathToVictory","Sanctity"],"picked":"WaveOfTheHand+1","floor":20.0},{"not_picked":["EmptyBody+1","Consecrate+1"],"picked":"WheelKick+1","floor":21},{"not_picked":["Crescendo","CarveReality"],"picked":"ThirdEye","floor":22},{"not_picked":["ThirdEye","SashWhip"],"picked":"JustLucky","floor":23},{"not_picked":["BattleHymn","Perseverance","ForeignInfluence"],"picked":"SKIP","floor":25},{"not_picked":["JustLucky","BattleHymn","Swivel"],"picked":"SKIP","floor":28},{"not_picked":["DeceiveReality","FollowUp","MentalFortress"],"picked":"SKIP","floor":29},{"not_picked":["Study","Collect+1"],"picked":"SandsOfTime","floor":30},{"not_picked":["CarveReality","EmptyMind+1"],"picked":"Evaluate","floor":31},{"not_picked":["DeusExMachina","Alpha"],"picked":"DevaForm","floor":33},{"not_picked":["InnerPeace","Vengeance","Evaluate+1"],"picked":"SKIP","floor":35},{"not_picked":["MentalFortress+1","BowlingBash","CutThroughFate"],"picked":"SKIP","floor":36},{"not_picked":["Magnetism","Bandage Up"],"picked":"Secret Weapon","floor":39},{"not_picked":["Good Instincts","Deep Breath"],"picked":"Flash of Steel","floor":39},{"not_picked":["Enlightenment","Good Instincts"],"picked":"Finesse","floor":39},{"not_picked":["FearNoEvil","Prostrate"],"picked":"Protect+1","floor":40},{"not_picked":["EmptyMind+1","Protect","ClearTheMind+1"],"picked":"SKIP","floor":42},{"not_picked":["Prostrate","PathToVictory","Consecrate"],"picked":"SKIP","floor":46},{"not_picked":["Consecrate","FearNoEvil","FlyingSleeves"],"picked":"SKIP","floor":47},{"not_picked":["EmptyFist+1","MasterReality"],"picked":"Scrawl","floor":48},{"not_picked":["DeusExMachina","Weave+1","Conclude"],"picked":"SKIP","floor":54}],"player_experience":137637,"relics_obtained":[{"floor":8.0,"key":"Bag of Preparation"},{"floor":9.0,"key":"Nunchaku"},{"floor":13.0,"key":"Regal Pillow"},{"floor":23,"key":"Anchor"},{"floor":25,"key":"Juzu Bracelet"},{"floor":26,"key":"Vajra"},{"floor":29,"key":"Sundial"},{"floor":31,"key":"White Beast Statue"},{"floor":40,"key":"Matryoshka"},{"floor":42,"key":"MawBank"},{"floor":43,"key":"Kunai"},{"floor":48,"key":"Boot"},{"floor":54,"key":"Blue Candle"}],"event_choices":[{"damage_healed":0.0,"max_hp_gain":0.0,"max_hp_loss":0.0,"gold_gain":0.0,"event_name":"Shining Light","player_choice":"Entered Light","floor":4.0,"gold_loss":0.0,"damage_taken":14.0,"cards_upgraded":["Defend_P","Eruption"]},{"damage_healed":0,"gold_gain":100,"player_choice":"Pray","damage_taken":0,"max_hp_gain":0,"max_hp_loss":0,"event_name":"Golden Shrine","floor":24,"gold_loss":0},{"cards_removed":["ConjureBlade"],"damage_healed":32,"gold_gain":0,"player_choice":"Offered Rare","damage_taken":0,"max_hp_gain":10,"max_hp_loss":0,"event_name":"Bonfire Elementals","floor":27,"gold_loss":0},{"damage_healed":0,"gold_gain":0,"player_choice":"Ignored","damage_taken":0,"max_hp_gain":0,"max_hp_loss":0,"event_name":"Tomb of Lord Red Mask","floor":37,"gold_loss":0},{"cards_removed":["Crescendo"],"damage_healed":0,"gold_gain":0,"player_choice":"Purged","damage_taken":0,"max_hp_gain":0,"max_hp_loss":0,"event_name":"Purifier","floor":38,"gold_loss":0},{"damage_healed":0,"gold_gain":0,"player_choice":"Memory 3","damage_taken":10,"max_hp_gain":0,"max_hp_loss":0,"event_name":"SensoryStone","floor":39,"gold_loss":0}],"is_beta":false,"boss_relics":[{"not_picked":["Philosopher\u0027s Stone","Tiny House"],"picked":"Pandora\u0027s Box"},{"not_picked":["Sozu","Snecko Eye"],"picked":"Cursed Key"}],"items_purged_floors":[19,41,45],"is_endless":false,"potions_floor_spawned":[1,3,5,8,11,12,20,22,25,28,29,31,33,35,36,40,42,46,47,48,54],"ascension_level":1}}