{"host":"p0hktren06injwdf","time":1613234159,"event":{"mods":["AchievementEnabler","BaseMod","Colored Map","DeckTracker","Minty Spire (QoL Compilation)","Permanent Neow","StSLib","SuperFastMode"],"gold_per_floor":[363,363,383,397,47,47,77,77,77,77,102,102,118,118,148,148,221,221,239,239,60,77,97,97,125,125,125,151,151,151],"floor_reached":29,"language":"KOR","playtime":803,"items_purged":["Defend_P","Defend_P"],"score":658,"play_id":"98060677-b94e-42b1-ad77-568daf9927a5","local_time":"20210214013559","is_ascension_mode":true,"campfire_choices":[{"data":"Eruption","floor":6.0,"key":"SMITH"},{"data":"WheelKick","floor":8.0,"key":"SMITH"},{"floor":10,"key":"REST"},{"data":"MentalFortress","floor":12,"key":"SMITH"},{"floor":16,"key":"REST"},{"data":"Adaptation","floor":24,"key":"SMITH"},{"data":"Wallop","floor":26,"key":"SMITH"}],"circlet_count":0,"master_deck":["AscendersBane","Strike_P","Strike_P","Strike_P","Strike_P","Defend_P","Eruption+1","Vigilance","Consecrate","TalkToTheHand","WheelKick+1","MentalFortress+1","WaveOfTheHand","EmptyFist","TalkToTheHand","Scrawl+1","Fasting2","Adaptation+1","FlurryOfBlows","Wallop+1","MentalFortress+1"],"relics":["PureWater","Blood Vial","Calipers","Sundial","Tiny Chest","Coffee Dripper","Mummified Hand","Frozen Egg 2","Art of War"],"acts_visited":["Exordium","TheCity"],"potions_floor_usage":[15,15,17,22,25,28],"damage_taken":[{"damage":7.0,"enemies":"Jaw Worm","floor":1.0,"turns":4.0},{"damage":0.0,"enemies":"Cultist","floor":3.0,"turns":2.0},{"damage":3.0,"enemies":"Small Slimes","floor":4.0,"turns":3.0},{"damage":22.0,"enemies":"3 Sentries","floor":7.0,"turns":6.0},{"damage":0,"enemies":"Gremlin Nob","floor":11,"turns":3},{"damage":0,"enemies":"Looter","floor":13,"turns":2},{"damage":32,"enemies":"3 Sentries","floor":15,"turns":9},{"damage":6,"enemies":"The Guardian","floor":17,"turns":8},{"damage":16,"enemies":"Shell Parasite","floor":19,"turns":4},{"damage":14,"enemies":"2 Thieves","floor":22,"turns":2},{"damage":21,"enemies":"Shelled Parasite and Fungi","floor":23,"turns":4},{"damage":11,"enemies":"Book of Stabbing","floor":25,"turns":4},{"damage":0,"enemies":"Gremlin Leader","floor":28,"turns":4},{"damage":9,"enemies":"Snecko","floor":29,"turns":3}],"seed_played":"4555455005691032584","potions_obtained":[{"floor":7.0,"key":"Ancient Potion"},{"floor":11,"key":"EntropicBrew"},{"floor":19,"key":"PowerPotion"},{"floor":25,"key":"Swift Potion"},{"floor":28,"key":"BlessingOfTheForge"}],"is_trial":false,"path_per_floor":["M","?","M","M","$","R","E","R","T","R","E","R","M","?","E","R","B",null,"M","?","$","M","M","R","E","R","T","E","M"],"character_chosen":"WATCHER","items_purchased":["MentalFortress","WaveOfTheHand","Blood Vial","Adaptation"],"campfire_rested":2,"item_purchase_floors":[5,5,5,21],"current_hp_per_floor":[36,36,36,33,33,33,13,13,13,33,35,35,37,37,7,27,23,57,43,43,43,31,12,12,3,3,3,5,0,0],"gold":151,"neow_bonus":"TWO_FIFTY_GOLD","is_daily":false,"chose_seed":false,"campfire_upgraded":5,"win_rate":0.0,"timestamp":1613234159,"path_taken":["M","?","M","M","$","R","E","R","T","R","E","R","?","?","E","R","BOSS","M","?","?","M","M","R","E","R","T","E","?"],"items_purchased_type":["Card","Card","Relic","Card"],"build_version":"2020-12-22","purchased_purges":2,"victory":false,"max_hp_per_floor":[68,68,68,68,68,68,68,68,68,68,68,68,68,68,68,68,68,68,68,68,68,68,68,68,68,68,68,68,68,68],"card_choices":[{"not_picked":["Evaluate","CutThroughFate"],"picked":"Consecrate","floor":1.0},{"not_picked":["Protect","Consecrate"],"picked":"TalkToTheHand","floor":3.0},{"not_picked":["Protect","SashWhip"],"picked":"WheelKick","floor":4.0},{"not_picked":["ThirdEye","PathToVictory","Conclude"],"picked":"SKIP","floor":7.0},{"not_picked":["Protect","Halt"],"picked":"EmptyFist","floor":11},{"not_picked":["Wish","JustLucky"],"picked":"TalkToTheHand","floor":13},{"not_picked":["Pray","SashWhip","Protect"],"picked":"SKIP","floor":15},{"not_picked":["SpiritShield","DeusExMachina"],"picked":"Scrawl","floor":17},{"not_picked":["FlyingSleeves","FollowUp"],"picked":"Fasting2","floor":19},{"not_picked":["Worship","EmptyBody"],"picked":"FlurryOfBlows","floor":22},{"not_picked":["Meditate","Crescendo"],"picked":"Wallop","floor":23},{"not_picked":["Evaluate","SandsOfTime","Crescendo"],"picked":"SKIP","floor":25},{"not_picked":["Meditate","Crescendo"],"picked":"MentalFortress+1","floor":28}],"player_experience":1052397,"relics_obtained":[{"floor":7.0,"key":"Calipers"},{"floor":11,"key":"Sundial"},{"floor":15,"key":"Tiny Chest"},{"floor":25,"key":"Mummified Hand"},{"floor":27,"key":"Frozen Egg 2"},{"floor":28,"key":"Art of War"}],"event_choices":[{"cards_removed":["Defend_P"],"damage_healed":0.0,"max_hp_gain":0.0,"max_hp_loss":0.0,"gold_gain":0.0,"event_name":"Bonfire Elementals","player_choice":"Offered Basic","floor":2.0,"gold_loss":0.0,"damage_taken":0.0},{"damage_healed":0,"gold_gain":0,"player_choice":"Upgraded","damage_taken":0,"max_hp_gain":0,"max_hp_loss":0,"event_name":"Upgrade Shrine","floor":20,"gold_loss":0,"cards_upgraded":["Scrawl"]}],"is_beta":false,"boss_relics":[{"not_picked":["SlaversCollar","Tiny House"],"picked":"Coffee Dripper"}],"items_purged_floors":[5,21],"is_endless":false,"potions_floor_spawned":[7,11,15,19,25,28],"killed_by":"Snecko","ascension_level":20}}