{"host":"51f0ad793vly1w6u","time":1613206901,"event":{"mods":["BaseMod","Colored Map","DeckTracker","Minty Spire (QoL Compilation)","StSLib","SuperFastMode"],"gold_per_floor":[117,117,132,132,50,78,78,101,101,134,134,59,59,89,89,191,191,211,111,111,125,0,0,30,30,54,66,82,82,107,53,53,149,149,163,181,200,200,215,248,248,279,331,331,346,364,389,389,389,389,389,389,16,42,42],"floor_reached":56,"language":"KOR","playtime":1240,"items_purged":["Strike_G","Strike_G","Deadly Poison"],"score":1781,"play_id":"94012837-da32-408f-acc7-dd58e8242afb","local_time":"20210213180141","is_ascension_mode":true,"campfire_choices":[{"data":"Terror","floor":7,"key":"SMITH"},{"data":"Phantasmal Killer","floor":11,"key":"SMITH"},{"data":"Tactician","floor":15,"key":"SMITH"},{"data":"Malaise","floor":23,"key":"SMITH"},{"data":"Dagger Throw","floor":29,"key":"SMITH"},{"data":"Eviscerate","floor":32,"key":"SMITH"},{"data":"Prepared","floor":41,"key":"SMITH"},{"data":"Deep Breath","floor":44,"key":"SMITH"},{"data":"Acrobatics","floor":49,"key":"SMITH"},{"data":"Dash","floor":52,"key":"SMITH"}],"circlet_count":0,"master_deck":["Strike_G","Defend_G","Defend_G","Defend_G","Defend_G","Survivor","Neutralize","Terror+1","Dash+1","Tactician+1","Dagger Throw+1","Phantasmal Killer+1","Malaise+1","Quick Slash+1","Well Laid Plans+1","Malaise+1","Reflex+1","Eviscerate+1","Dagger Throw","Tools of the Trade+1","Acrobatics+1","Expertise+1","Panache+1","Deep Breath+1","Dark Shackles","Prepared+1","Acrobatics+1","Concentrate"],"relics":["Ring of the Snake","NeowsBlessing","Eternal Feather","Frozen Egg 2","Akabeko","Gambling Chip","FossilizedHelix","Strawberry","HoveringKite","Darkstone Periapt","Bag of Marbles","Regal Pillow","Empty Cage","Vajra","Paper Crane","MealTicket","Ancient Tea Set","Mummified Hand","Oddly Smooth Stone"],"acts_visited":["Exordium","TheCity","TheBeyond","TheEnding"],"potions_floor_usage":[16,16,33,50,55,55],"damage_taken":[{"damage":0,"enemies":"2 Louse","floor":1,"turns":1},{"damage":0,"enemies":"Cultist","floor":3,"turns":1},{"damage":0,"enemies":"3 Sentries","floor":6,"turns":1},{"damage":6,"enemies":"Gremlin Nob","floor":10,"turns":3},{"damage":0,"enemies":"Lagavulin","floor":14,"turns":4},{"damage":30,"enemies":"Hexaghost","floor":16,"turns":8},{"damage":1,"enemies":"2 Thieves","floor":18,"turns":3},{"damage":0,"enemies":"Shell Parasite","floor":21,"turns":4},{"damage":13,"enemies":"Book of Stabbing","floor":24,"turns":6},{"damage":0,"enemies":"Snecko","floor":27,"turns":4},{"damage":0,"enemies":"3 Cultists","floor":28,"turns":4},{"damage":0,"enemies":"Gremlin Leader","floor":30,"turns":5},{"damage":7,"enemies":"Collector","floor":33,"turns":7},{"damage":0,"enemies":"Orb Walker","floor":35,"turns":1},{"damage":0,"enemies":"3 Darklings","floor":36,"turns":2},{"damage":0,"enemies":"Maw","floor":37,"turns":4},{"damage":0,"enemies":"Spire Growth","floor":39,"turns":3},{"damage":0,"enemies":"Nemesis","floor":40,"turns":2},{"damage":0,"enemies":"Giant Head","floor":42,"turns":3},{"damage":0,"enemies":"3 Darklings","floor":45,"turns":2},{"damage":0,"enemies":"Writhing Mass","floor":46,"turns":4},{"damage":0,"enemies":"Nemesis","floor":47,"turns":3},{"damage":12,"enemies":"Donu and Deca","floor":50,"turns":3},{"damage":0,"enemies":"Shield and Spear","floor":54,"turns":3},{"damage":44,"enemies":"The Heart","floor":55,"turns":6}],"seed_played":"-2092341874715028738","potions_obtained":[{"floor":1,"key":"SteroidPotion"},{"floor":6,"key":"SpeedPotion"},{"floor":10,"key":"GamblersBrew"},{"floor":24,"key":"Dexterity Potion"},{"floor":36,"key":"CunningPotion"},{"floor":40,"key":"CunningPotion"},{"floor":45,"key":"Weak Potion"},{"floor":47,"key":"Strength Potion"}],"is_trial":false,"path_per_floor":["M","?","M","?","$","E","R","T","T","E","R","$","?","E","R","B",null,"M","$","?","M","$","R","E","?","T","M","M","R","E","$","R","B",null,"M","M","M","?","M","E","R","E","T","R","M","M","E","?","R","B",null,"R","$","E","B",null],"character_chosen":"THE_SILENT","items_purchased":["Tactician","Dagger Throw","Dagger Throw","Mummified Hand","Concentrate","Strength Potion"],"campfire_rested":0,"item_purchase_floors":[5,5,31,53,53,53],"current_hp_per_floor":[63,63,63,68,68,68,75,75,75,69,75,75,75,82,82,52,75,74,74,74,74,74,82,69,69,69,69,69,78,78,78,82,75,80,80,80,80,70,70,70,82,82,82,82,82,82,82,74,82,70,79,82,82,82,38],"gold":42,"neow_bonus":"THREE_ENEMY_KILL","is_daily":false,"chose_seed":false,"campfire_upgraded":10,"win_rate":0.0,"timestamp":1613206901,"path_taken":["M","?","?","?","$","E","R","?","T","E","R","$","?","E","R","BOSS","M","?","?","M","?","R","E","?","T","?","M","R","E","?","R","BOSS","M","M","M","?","M","E","R","E","T","R","M","M","E","?","R","BOSS","R","$","E","BOSS"],"items_purchased_type":["Card","Card","Card","Relic","Card","Potion"],"build_version":"2020-12-22","purchased_purges":3,"victory":true,"max_hp_per_floor":[70,70,70,75,75,75,75,75,75,75,75,75,75,82,82,82,82,82,82,82,82,82,82,82,82,82,82,82,82,82,82,82,82,82,82,82,82,82,82,82,82,82,82,82,82,82,82,82,82,82,82,82,82,82,82],"card_choices":[{"not_picked":["PiercingWail","Acrobatics"],"picked":"Terror","floor":1},{"not_picked":["Slice","Sucker Punch"],"picked":"Dash","floor":3},{"not_picked":["Dodge and Roll","Dagger Spray"],"picked":"Deadly Poison","floor":6},{"not_picked":["Caltrops+1","Backflip"],"picked":"Phantasmal Killer","floor":10},{"not_picked":["Distraction","Infinite Blades+1","Deadly Poison"],"picked":"SKIP","floor":14},{"not_picked":["After Image+1","A Thousand Cuts+1"],"picked":"Malaise","floor":16},{"not_picked":["Accuracy+1","Outmaneuver","Cloak And Dagger"],"picked":"SKIP","floor":18},{"not_picked":["Outmaneuver+1","Expertise"],"picked":"Quick Slash+1","floor":21},{"not_picked":["Escape Plan","Outmaneuver+1"],"picked":"Well Laid Plans+1","floor":24},{"not_picked":["Deadly Poison+1","Dodge and Roll","Quick Slash+1"],"picked":"SKIP","floor":27},{"not_picked":["Calculated Gamble","Terror+1"],"picked":"Reflex+1","floor":28},{"not_picked":["Dash+1","Malaise"],"picked":"Eviscerate","floor":30},{"not_picked":["Unload","Burst"],"picked":"Tools of the Trade+1","floor":33},{"not_picked":["Underhanded Strike","Accuracy+1"],"picked":"Acrobatics","floor":35},{"not_picked":["Catalyst+1","Dash"],"picked":"Expertise+1","floor":36},{"not_picked":["Accuracy+1","Flying Knee+1","Outmaneuver"],"picked":"SKIP","floor":37},{"not_picked":["Master of Strategy","Metamorphosis"],"picked":"Panache+1","floor":38},{"not_picked":["The Bomb","Madness"],"picked":"Deep Breath","floor":38},{"not_picked":["Swift Strike","Thinking Ahead"],"picked":"Dark Shackles","floor":38},{"not_picked":["PiercingWail","Poisoned Stab+1","Blade Dance+1"],"picked":"SKIP","floor":39},{"not_picked":["Deflect+1","Reflex+1"],"picked":"Prepared","floor":40},{"not_picked":["Accuracy+1","Slice","Leg Sweep"],"picked":"SKIP","floor":42},{"not_picked":["Doppelganger","Underhanded Strike+1","Masterful Stab+1"],"picked":"SKIP","floor":45},{"not_picked":["Deadly Poison+1","Sucker Punch+1","Dodge and Roll"],"picked":"SKIP","floor":46},{"not_picked":["Finisher+1","Sucker Punch+1"],"picked":"Acrobatics+1","floor":47},{"not_picked":["Bane+1","Backstab","Cloak And Dagger+1"],"picked":"SKIP","floor":54}],"player_experience":1458800,"relics_obtained":[{"floor":6,"key":"Frozen Egg 2"},{"floor":8,"key":"Akabeko"},{"floor":9,"key":"Gambling Chip"},{"floor":10,"key":"FossilizedHelix"},{"floor":14,"key":"Strawberry"},{"floor":24,"key":"Darkstone Periapt"},{"floor":26,"key":"Bag of Marbles"},{"floor":30,"key":"Regal Pillow"},{"floor":40,"key":"Vajra"},{"floor":42,"key":"Paper Crane"},{"floor":43,"key":"MealTicket"},{"floor":47,"key":"Ancient Tea Set"},{"floor":54,"key":"Oddly Smooth Stone"}],"event_choices":[{"damage_healed":0,"gold_gain":0,"player_choice":"Gave Potion","damage_taken":0,"relics_obtained":["Eternal Feather"],"max_hp_gain":0,"max_hp_loss":0,"event_name":"WeMeetAgain","floor":2,"gold_loss":0},{"damage_healed":0,"gold_gain":0,"player_choice":"Donut","damage_taken":0,"max_hp_gain":5,"max_hp_loss":0,"event_name":"Big Fish","floor":4,"gold_loss":0},{"cards_removed":["Defend_G"],"damage_healed":0,"gold_gain":0,"player_choice":"Offered Basic","damage_taken":0,"max_hp_gain":0,"max_hp_loss":0,"event_name":"Bonfire Elementals","floor":13,"gold_loss":0},{"damage_healed":0,"gold_gain":0,"player_choice":"Ignored","damage_taken":0,"max_hp_gain":0,"max_hp_loss":0,"event_name":"Ghosts","floor":20,"gold_loss":0},{"damage_healed":0,"gold_gain":0,"player_choice":"Copied","damage_taken":0,"max_hp_gain":0,"max_hp_loss":0,"event_name":"Duplicator","floor":25,"gold_loss":0,"cards_obtained":["Malaise"]},{"damage_healed":0,"gold_gain":0,"player_choice":"Memory 3","damage_taken":10,"max_hp_gain":0,"max_hp_loss":0,"event_name":"SensoryStone","floor":38,"gold_loss":0},{"damage_healed":0,"gold_gain":0,"player_choice":"Damaged","damage_taken":8,"max_hp_gain":0,"max_hp_loss":0,"event_name":"Wheel of Change","floor":48,"gold_loss":0}],"is_beta":false,"boss_relics":[{"not_picked":["Calling Bell","Runic Dome"],"picked":"HoveringKite"},{"not_picked":["Snecko Eye","Sozu"],"picked":"Empty Cage"}],"items_purged_floors":[12,19,22],"is_endless":false,"potions_floor_spawned":[1,6,10,24,36,40,45,46,47,54],"ascension_level":6}}