{"host":"42xf941fomyavgzy","time":1613221582,"event":{"mods":["Act Like it!","Astrologer","BaseMod","Colored Map","Minty Spire (QoL Compilation)","Shop Mod","StSLib","SuperFastMode","The Cursed"],"gold_per_floor":[113,113,113,113,127,166,166,199,199,199,232,7,107,28,28,152,152,170,191,214,214,230,230,263,263,288,312,330,330,361,395,395,395,395],"floor_reached":33,"language":"JPN","playtime":2146,"items_purged":["Injury"],"score":481,"play_id":"1fb535ef-67c8-44b4-bb7e-17b0af0f8810","local_time":"20210213220622","is_ascension_mode":true,"campfire_choices":[{"data":"Blade Dance","floor":7,"key":"SMITH"},{"data":"Neutralize","floor":10,"key":"SMITH"},{"floor":15,"key":"REST"},{"data":"Bullet Time","floor":23,"key":"SMITH"},{"data":"Catalyst","floor":25,"key":"SMITH"},{"floor":29,"key":"REST"},{"floor":32,"key":"REST"}],"circlet_count":0,"master_deck":["Strike_G","Strike_G","Defend_G","Defend_G","Defend_G","Defend_G","Survivor","Neutralize+1","Blade Dance+1","Acrobatics","Flying Knee","Reflex","Venomology","Catalyst+1","Bullet Time+1","Bouncing Flask","Adrenaline","Backflip+1","Malaise+1","All Out Attack+1","Calculated Gamble","Tactician","Bane","PiercingWail","Predator","Noxious Fumes","Corpse Explosion","Dodge and Roll+1"],"relics":["Ring of the Snake","NeowsBlessing","Golden Idol","Sundial","Mango","Ancient Tea Set","Mummified Hand","Astrolabe","Paper Crane","Ornamental Fan","Strawberry","Vajra","Red Mask"],"acts_visited":["Exordium","TheCity"],"potions_floor_usage":[8,16,16,16,20,22,27,28,28,30,30,31,33],"damage_taken":[{"damage":0,"enemies":"Small Slimes","floor":1,"turns":1},{"damage":0,"enemies":"Jaw Worm","floor":5,"turns":1},{"damage":0,"enemies":"Gremlin Nob","floor":6,"turns":1},{"damage":42,"enemies":"3 Sentries","floor":8,"turns":7},{"damage":39,"enemies":"Lagavulin","floor":11,"turns":7},{"damage":18,"enemies":"The Guardian","floor":16,"turns":11},{"damage":11,"enemies":"2 Thieves","floor":18,"turns":3},{"damage":1,"enemies":"Shell Parasite","floor":19,"turns":4},{"damage":16,"enemies":"Sentry and Sphere","floor":20,"turns":4},{"damage":8,"enemies":"Snake Plant","floor":22,"turns":4},{"damage":0,"enemies":"Book of Stabbing","floor":24,"turns":7},{"damage":2,"enemies":"3 Cultists","floor":27,"turns":5},{"damage":18,"enemies":"Shelled Parasite and Fungi","floor":28,"turns":6},{"damage":31,"enemies":"Slavers","floor":30,"turns":5},{"damage":0,"enemies":"Masked Bandits","floor":31,"turns":3},{"damage":55,"enemies":"Champ","floor":33,"turns":9}],"seed_played":"6016789673293500963","potions_obtained":[{"floor":5,"key":"CunningPotion"},{"floor":6,"key":"BlessingOfTheForge"},{"floor":11,"key":"Swift Potion"},{"floor":16,"key":"GamblersBrew"},{"floor":22,"key":"Block Potion"}],"is_trial":false,"path_per_floor":["M","?","?","?","M","E","R","E","T","R","E","$","?","$","R","B",null,"M","M","M","?","M","R","E","R","T","M","M","R","E","?","R","B"],"character_chosen":"THE_SILENT","items_purchased":["Bullet Time","Bouncing Flask"],"campfire_rested":3,"item_purchase_floors":[12,14],"current_hp_per_floor":[63,63,63,68,68,68,68,40,40,40,1,1,1,1,27,9,69,58,57,41,41,33,33,33,33,40,38,20,48,17,17,45,0,0],"gold":395,"neow_bonus":"THREE_ENEMY_KILL","is_daily":false,"chose_seed":false,"campfire_upgraded":4,"win_rate":0.0,"timestamp":1613221582,"path_taken":["M","?","?","?","M","E","R","E","T","R","E","?","?","$","R","BOSS","M","M","M","?","?","R","E","R","T","M","M","R","E","?","R","BOSS"],"items_purchased_type":["Card","Card"],"build_version":"2020-12-22","purchased_purges":1,"victory":false,"max_hp_per_floor":[70,70,70,75,75,75,75,89,89,89,89,89,89,89,89,89,89,89,89,89,89,89,89,89,89,96,96,96,96,96,96,96,96,96],"card_choices":[{"not_picked":["Acrobatics","Concentrate"],"picked":"Blade Dance","floor":1},{"not_picked":["Quick Slash","Flechettes"],"picked":"Flying Knee","floor":5},{"not_picked":["Backflip","Infinite Blades"],"picked":"Reflex","floor":6},{"not_picked":["Setup","Infinite Blades"],"picked":"Venomology","floor":8},{"not_picked":["Backstab","Backflip"],"picked":"Catalyst","floor":11},{"not_picked":["Tools of the Trade","Storm of Steel"],"picked":"Adrenaline","floor":16},{"not_picked":["Prepared","Setup"],"picked":"Calculated Gamble","floor":18},{"not_picked":["Slice","Dagger Spray"],"picked":"Tactician","floor":19},{"not_picked":["Acrobatics+1","Cloak And Dagger"],"picked":"Bane","floor":20},{"not_picked":["Escape Plan","Backflip"],"picked":"PiercingWail","floor":22},{"not_picked":["Flying Knee","Skewer","Backflip"],"picked":"SKIP","floor":24},{"not_picked":["PiercingWail","Dagger Spray+1"],"picked":"Predator","floor":27},{"not_picked":["Escape Plan+1","Eviscerate"],"picked":"Noxious Fumes","floor":28},{"not_picked":["Infinite Blades","Underhanded Strike"],"picked":"Corpse Explosion","floor":30},{"not_picked":["Dagger Spray","Bane"],"picked":"Dodge and Roll+1","floor":31}],"player_experience":485925,"relics_obtained":[{"floor":6,"key":"Sundial"},{"floor":8,"key":"Mango"},{"floor":9,"key":"Ancient Tea Set"},{"floor":11,"key":"Mummified Hand"},{"floor":24,"key":"Ornamental Fan"},{"floor":26,"key":"Strawberry"},{"floor":30,"key":"Vajra"},{"floor":31,"key":"Red Mask"}],"event_choices":[{"damage_healed":0,"gold_gain":0,"cards_transformed":["Strike_G"],"player_choice":"Change","damage_taken":0,"max_hp_gain":0,"max_hp_loss":0,"event_name":"Living Wall","floor":2,"gold_loss":0,"cards_obtained":["Acrobatics"]},{"damage_healed":0,"gold_gain":0,"player_choice":"Take Wound","damage_taken":0,"relics_obtained":["Golden Idol"],"max_hp_gain":0,"max_hp_loss":0,"event_name":"Golden Idol","floor":3,"gold_loss":0,"cards_obtained":["Injury"]},{"damage_healed":0,"gold_gain":0,"player_choice":"Donut","damage_taken":0,"max_hp_gain":5,"max_hp_loss":0,"event_name":"Big Fish","floor":4,"gold_loss":0},{"damage_healed":0,"gold_gain":100,"player_choice":"Pray","damage_taken":0,"max_hp_gain":0,"max_hp_loss":0,"event_name":"Golden Shrine","floor":13,"gold_loss":0},{"damage_healed":0,"gold_gain":0,"player_choice":"Gave Potion","damage_taken":0,"relics_obtained":["Paper Crane"],"max_hp_gain":0,"max_hp_loss":0,"event_name":"WeMeetAgain","floor":21,"gold_loss":0},{"damage_healed":0,"gold_gain":0,"player_choice":"Fought Bandits","damage_taken":0,"max_hp_gain":0,"max_hp_loss":0,"event_name":"Masked Bandits","floor":31,"gold_loss":0}],"is_beta":false,"boss_relics":[{"not_picked":["Calling Bell","Cursed Key"],"picked":"Astrolabe"}],"items_purged_floors":[12],"is_endless":false,"potions_floor_spawned":[5,6,11,16,18,19,22,27],"killed_by":"Champ","ascension_level":6}}