{"host":"opdum64sdiqzxm7l","time":1613235572,"event":{"mods":["ATMod(阿瑾Mod)","Act Like it!","Aspiration","BaseMod","Conspire","Gensokyo","HumanHunterMod(怪物杀人mod)","Jedi Mod","Koishi","Minty Spire (QoL Compilation)","MostiFishMod","Pale of the Ancients","Reliquary","Replay The Spire","StSLib","Waifu the Spire","[功能]功能增强和修复MOD","noobMod","【遗物卡牌】REMEMod"],"gold_per_floor":[112,187,187,200,248,288,310,167,167,206,226,262,262,303,303,411,411,464,261,186,50,50,93,111,111,111,131,131,158,171,171,171,266,266,278,314,315,315,249,249,249,249,249,249,184,184,195,111,111,111,111,111,20,45,45],"floor_reached":56,"language":"ZHS","playtime":5266,"items_purged":["Regret","Koishi:BasicStrike"],"score":1760,"play_id":"10b2c97d-97d2-4197-bb93-a01307bca85d","local_time":"20210214005932","is_ascension_mode":false,"campfire_choices":[{"data":"AT_FamilyPortrait","floor":13,"key":"SMITH"},{"data":"MostiFishMod:ForestofLight","floor":15,"key":"SMITH"},{"data":"Koishi:Possession","floor":28,"key":"SMITH"},{"data":"Koishi:MassHysteria","floor":32,"key":"SMITH"},{"floor":42,"key":"RECALL"},{"data":"Apotheosis","floor":44,"key":"SMITH"},{"data":"Creative AI","floor":46,"key":"SMITH"},{"data":"Secret Weapon","floor":49,"key":"SMITH"},{"data":"REME_Shoggoth","floor":52,"key":"SMITH"}],"circlet_count":0,"master_deck":["Koishi:BasicDefend+1","Koishi:BasicDefend+1","Koishi:BasicDefend+1","Koishi:Provoke","Koishi:HauntingSlash","AT_FamilyPortrait+1","MostiFishMod:Chiaki","Koishi:PhantomStrike","Koishi:BloodcurdlingScream","Koishi:DreadfulBlow","Koishi:StingingMind","Koishi:PredatoryInstincts","Koishi:RacingHeart","Koishi:ParalyzingFear","MostiFishMod:Galeforce","Koishi:Untouchable","Secret Weapon+1","MostiFishMod:ForestofLight+1","AT_FalsePromise","Koishi:Ego","Koishi:MassHysteria+1","Koishi:MentalBreakdown","Koishi:StrangeCloudFist","Koishi:MindStellarRelief","White Noise+1","REME_SelfUpgrade","REME_Shoggoth+1","Creative AI+1","Koishi:Possession+1","ReplayTheSpireMod:Dual Polarity","Koishi:StingingMind+1","Multi-Cast","Steam","Apotheosis+1","Koishi:EmbersOfLove","Flash of Steel"],"relics":["Koishi:ImaginaryFriend","AT_ATBox","ice","REME_ComplimentaryCards","DaveBox","aspiration:DSix","EGODaCapo","SynthV:TestCard","Chameleon Ring","CeramicFish","aspiration:SeaSaltIceCream","aspiration:Nostalgia","Burning Blood","ReplayTheSpireMod:ShopPack","jedi:cryingmask","Replay:WaspNest","AT_BladeRuinedKing","aspiration:DefectSkillbook","AT_SunfireAegis","REME_HourglassOfDeath","TungstenRod","Orrery","Snack Pack","reliquary:Sideboard","Question Card","Replay:Grab Bag","Philosopher\u0027s Stone","Coffee Dripper","REME_LowDesire","Tiny Chest","Replay:Wax Seal","Replay:Towering Pillar of Hats","AT_DeathDance","HandDrill","MostiFishMod:AdaptiveDefenses","Singing Bowl","aspiration:FetidBarrel","Dodecahedron","jedi:matchstick"],"acts_visited":["Exordium","TheCity","TheBeyond","TheEnding"],"potions_floor_usage":[6,6,10,11,12,18,18,18,29,33,33,55,55],"damage_taken":[{"damage":0,"enemies":"Cultist","floor":1,"turns":5},{"damage":2,"enemies":"Small Slimes","floor":4,"turns":3},{"damage":11,"enemies":"conspire:MimicChest","floor":5,"turns":8},{"damage":26,"enemies":"3 Sentries","floor":6,"turns":12},{"damage":5,"enemies":"Jaw Worm","floor":7,"turns":5},{"damage":0,"enemies":"Gremlin Nob","floor":10,"turns":3},{"damage":0,"enemies":"Large Slime","floor":11,"turns":3},{"damage":2,"enemies":"Lagavulin","floor":12,"turns":14},{"damage":0,"enemies":"Replay:BlueRogue","floor":14,"turns":5},{"damage":16,"enemies":"The Guardian","floor":16,"turns":10},{"damage":0,"enemies":"3 Byrds","floor":18,"turns":5},{"damage":26,"enemies":"Slavers","floor":23,"turns":3},{"damage":12,"enemies":"2 Thieves","floor":27,"turns":3},{"damage":0,"enemies":"conspire:Head Lice","floor":29,"turns":4},{"damage":0,"enemies":"Centurion and Healer","floor":30,"turns":4},{"damage":71,"enemies":"Collector","floor":33,"turns":5},{"damage":0,"enemies":"Orb Walker","floor":35,"turns":3},{"damage":0,"enemies":"Reptomancer","floor":45,"turns":3},{"damage":0,"enemies":"3 Darklings","floor":47,"turns":2},{"damage":0,"enemies":"Maw","floor":48,"turns":4},{"damage":11,"enemies":"conspire:OrnateMirror","floor":50,"turns":5},{"damage":0,"enemies":"Shield and Spear","floor":54,"turns":3},{"damage":10,"enemies":"The Heart","floor":55,"turns":13}],"seed_played":"8804671647020156368","potions_obtained":[{"floor":4,"key":"DuplicationPotion"},{"floor":5,"key":"Swift Potion"},{"floor":6,"key":"Explosive Potion"},{"floor":7,"key":"Languid Potion"},{"floor":7,"key":"jedi:wingpotion"},{"floor":10,"key":"SneckoOil"},{"floor":14,"key":"BlessingOfTheForge"},{"floor":16,"key":"jedi:StrikingPotion"},{"floor":27,"key":"LifebloodPotion"},{"floor":30,"key":"Regen Potion"},{"floor":33,"key":"Elixir"},{"floor":35,"key":"Languid Potion"}],"is_trial":false,"path_per_floor":["M","?","?","M","?","E","M","$","T","E","M","E","R","E","R","B",null,"M","$","?","$","?","E","?","?","T","M","R","E","M","?","R","B",null,"M","?","$","?","$","?","T","R","T","R","E","R","M","M","R","B",null,"R","$","E","B",null],"character_chosen":"KOISHI","items_purchased":["ReplayTheSpireMod:ShopPack","Koishi:RacingHeart","Koishi:ParalyzingFear","MostiFishMod:Galeforce","Koishi:Untouchable","AT_SunfireAegis","REME_HourglassOfDeath","TungstenRod","Orrery","Apotheosis","AT_DeathDance","HandDrill","MostiFishMod:AdaptiveDefenses","Koishi:EmbersOfLove","Dodecahedron","Flash of Steel"],"campfire_rested":0,"item_purchase_floors":[8,8,8,8,8,19,19,21,21,37,37,37,39,39,53,53],"current_hp_per_floor":[60,49,49,49,38,14,21,21,21,31,43,60,60,60,60,60,60,60,60,60,60,60,40,40,38,38,35,35,49,60,51,51,69,72,74,46,46,46,46,46,46,46,46,46,63,63,72,78,78,85,85,85,85,87,160],"gold":45,"neow_bonus":"DSIX","is_daily":false,"chose_seed":false,"campfire_upgraded":8,"win_rate":0.0,"timestamp":1613235572,"path_taken":["M","?","?","?","?","E","?","$","T","E","?","E","R","E","R","BOSS","M","$","?","$","?","E","?","?","T","?","R","E","?","?","R","BOSS","M","?","$","?","$","?","?","R","T","R","E","R","?","?","R","BOSS","R","$","E","BOSS"],"items_purchased_type":["Relic","Card","Card","Card","Card","Relic","Relic","Relic","Relic","Card","Relic","Relic","Relic","Card","Relic","Card"],"build_version":"2020-12-22","purchased_purges":2,"victory":true,"max_hp_per_floor":[60,60,60,60,60,60,60,60,60,60,60,60,60,60,60,60,60,60,60,60,60,60,60,60,60,60,60,60,60,60,65,65,72,72,74,74,74,74,74,74,74,74,74,74,75,75,76,78,78,85,85,85,85,87,311],"card_choices":[{"not_picked":["Koishi:ReflexRadar","Koishi:StingingMind"],"picked":"Koishi:PhantomStrike","floor":1},{"not_picked":["Koishi:TremblingHands","Koishi:FidgetySnatcher","Koishi:JumpScare","Koishi:StingingMind"],"picked":"Koishi:BloodcurdlingScream","floor":4},{"not_picked":["Koishi:UnansweredLove","Koishi:EmbryosDream","Koishi:Prune","Koishi:FourthEye"],"picked":"Koishi:DreadfulBlow","floor":5},{"not_picked":["Koishi:UnansweredLove","Koishi:DanmakuParanoia","Koishi:Ego","Koishi:RorschachInDanmaku"],"picked":"Koishi:StingingMind","floor":6},{"not_picked":["Koishi:Catatonia","Koishi:Prune","Koishi:PhantomStrike","Koishi:Whimsy"],"picked":"Koishi:PredatoryInstincts","floor":7},{"not_picked":["ReplayUltimateDefense","Chrysalis","Poisoned Strike","ReplayTheSpireMod:Necrogeddon"],"picked":"Secret Weapon","floor":8},{"not_picked":["Dark Shackles","Dramatic Entrance","Impatience","Deep Breath"],"picked":"MostiFishMod:ForestofLight","floor":8},{"not_picked":["Replay:BasicMightCard","REME_MagicPocketWatch","Specialist","AT_CelerityRune"],"picked":"AT_FalsePromise","floor":8},{"not_picked":["Koishi:UnconsciousUprising","Koishi:EmbryosDream","Koishi:Prune","Koishi:ParalyzingFear"],"picked":"Koishi:Ego","floor":10},{"not_picked":["Koishi:BramblyRoseGarden","Koishi:SubterraneanRose","Koishi:RorschachInDanmaku","Koishi:CatchAndRose"],"picked":"Koishi:MassHysteria","floor":11},{"not_picked":["Koishi:ReflexRadar","Koishi:DreadfulBlow","Koishi:Whimsy","Koishi:Prune"],"picked":"Koishi:MentalBreakdown","floor":12},{"not_picked":["Koishi:PhantomStrike","Koishi:HeartfeltFancy","Koishi:ConditionedTeleport","Koishi:Catatonia"],"picked":"Koishi:StrangeCloudFist","floor":14},{"not_picked":["Koishi:RoseHell","Koishi:MentalBreakdown","Koishi:ConditionedTeleport","Koishi:GrowingPain"],"picked":"Koishi:MindStellarRelief","floor":16},{"not_picked":["AT_HeatAcrobatics","Koishi:ReflexRadar","Steam","Sweeping Beam+1","Koishi:PhantomBarrier+1"],"picked":"White Noise+1","floor":18},{"not_picked":["Skim","Scrape","Cold Snap+1","Koishi:CatchAndRose","Koishi:SprinkleStarAndHeart"],"picked":"REME_SelfUpgrade","floor":21},{"not_picked":["Coolheaded","Redo","Scrape+1","Koishi:DreadfulBlow","Koishi:JumpScare"],"picked":"REME_Shoggoth","floor":21},{"not_picked":["Scrape","Koishi:Jaunt","Koishi:StingingMind","Machine Learning","Koishi:FreudianInstinct"],"picked":"Creative AI","floor":21},{"not_picked":["Koishi:UnansweredLove+1","Blizzard","MostiFishMod:GatherIntelligence","Koishi:SpiritedAway","Koishi:RacingHeart"],"picked":"Koishi:Possession","floor":21},{"not_picked":["Leap","Fusion","Koishi:TraumaticStroke+1","ReplayGash","jedi:BurstFrost+1"],"picked":"ReplayTheSpireMod:Dual Polarity","floor":21},{"not_picked":["jedi:reiji","Undo","Force Field","jedi:BurstFrost","Koishi:SprinkleStarAndHeart","MostiFishMod:IceShield"],"picked":"Koishi:StingingMind+1","floor":23},{"not_picked":["Koishi:SubterraneanRose","Chill","BasicCrystalCard","MostiFishMod:PushDownKick","Beam Cell","Doom and Gloom"],"picked":"SKIP","floor":27},{"not_picked":["Koishi:ReflexRadar+1","Koishi:CatchAndRose","MostiFishMod:IceShield","jedi:hex+1","MostiFishMod:ActiveDefenseSystem","Koishi:SpiritedAway"],"picked":"SKIP","floor":29},{"not_picked":["AT_HeatAcrobatics","jedi:BurstFrost","Steam","Sweeping Beam","Beam Cell","Koishi:HeartfeltFancy+1","AT_ThreeBodyProblem"],"picked":"SKIP","floor":30},{"not_picked":["Koishi:Ego","ReplayTheSpireMod:Omega Cannon","Meteor Strike","Mirror Shield","MostiFishMod:DawningShadow","jedi:BurstDark"],"picked":"Koishi:TerrifyingSpectre","floor":33},{"not_picked":["Coolheaded+1","Koishi:MassHysteria+1","AT_ThreeBodyProblem","Koishi:UnconsciousUprising+1","Koishi:RacingHeart","Koishi:SprinkleStarAndHeart","Koishi:JumpScare+1"],"picked":"ReplayTheSpireMod:Brewmster","floor":35},{"not_picked":["Koishi:SpiritedAway","Koishi:FourthEye","Koishi:DreadfulBlow+1","Koishi:RacingHeart+1","Defragment","Koishi:UnconsciousUprising+1","Purity+1"],"picked":"Koishi:MassHysteria+1","floor":36},{"not_picked":["Madness","AT_Homeward","Trip","ReplayTheSpireMod:Uncanny Aura","Forethought","AT_LightSaberMaster"],"picked":"REME_BuildACard","floor":38},{"not_picked":["Barrage+1","Koishi:JumpScare","Recycle+1","Streamline+1","AT_StudyProgram+1","Koishi:DreadfulBlow+1","Koishi:MindStellarRelief","Koishi:BramblyRoseGarden"],"picked":"MostiFishMod:StoryBook","floor":45},{"not_picked":["Ball Lightning","Koishi:MassHysteria","Koishi:PhantomStrike","Koishi:HeartAttack+1","Skim","Koishi:MindNumbingTerror+1","Fusion"],"picked":"AT_TearsDenial","floor":47},{"not_picked":["jedi:BurstLightning+1","Gash+1","conspire:Rain+1","Leap+1","jedi:BurstFrost","Koishi:SubterraneanRose+1","Koishi:FleetingPhantom","HandOfGreedLower"],"picked":"Singing Bowl","floor":48},{"not_picked":["Koishi:VengefulSpirit","Koishi:DNAsFlaw","MostiFishMod:LinkProtocol","Skim+1","Koishi:SpiritedAway","Koishi:MindStellarRelief","Koishi:ReflexRadar"],"picked":"ReplayTheSpireMod:Necrogeddon","floor":54}],"player_experience":327,"relics_obtained":[{"floor":1,"key":"SynthV:TestCard"},{"floor":5,"key":"CeramicFish"},{"floor":6,"key":"aspiration:SeaSaltIceCream"},{"floor":10,"key":"jedi:cryingmask"},{"floor":12,"key":"Replay:WaspNest"},{"floor":14,"key":"AT_BladeRuinedKing"},{"floor":23,"key":"Snack Pack"},{"floor":26,"key":"reliquary:Sideboard"},{"floor":29,"key":"Question Card"},{"floor":34,"key":"Tiny Chest"},{"floor":34,"key":"Replay:Wax Seal"},{"floor":36,"key":"Replay:Towering Pillar of Hats"},{"floor":43,"key":"Singing Bowl"},{"floor":45,"key":"aspiration:FetidBarrel"},{"floor":54,"key":"jedi:matchstick"}],"event_choices":[{"damage_healed":0,"gold_gain":75,"player_choice":"Gather Gold","damage_taken":11,"max_hp_gain":0,"max_hp_loss":0,"event_name":"World of Goop","floor":2,"gold_loss":0},{"damage_healed":0,"gold_gain":0,"player_choice":"Box","damage_taken":0,"relics_obtained":["Chameleon Ring"],"max_hp_gain":0,"max_hp_loss":0,"event_name":"Big Fish","floor":3,"gold_loss":0,"cards_obtained":["Regret"]},{"cards_removed":["Koishi:BasicStrike"],"damage_healed":0,"gold_gain":0,"player_choice":"Gave Gold","damage_taken":0,"max_hp_gain":0,"max_hp_loss":0,"event_name":"Beggar","floor":20,"gold_loss":75},{"damage_healed":0,"gold_gain":0,"player_choice":"Simplicity","damage_taken":0,"max_hp_gain":0,"max_hp_loss":0,"event_name":"Back to Basics","floor":22,"gold_loss":0,"cards_upgraded":["Koishi:BasicStrike","Koishi:BasicStrike","Koishi:BasicDefend","Koishi:BasicDefend","Koishi:BasicDefend","Koishi:BasicDefend"]},{"damage_healed":0,"gold_gain":0,"cards_transformed":["Koishi:BasicDefend","Koishi:BasicStrike"],"player_choice":"Became Test Subject","damage_taken":0,"max_hp_gain":0,"max_hp_loss":0,"event_name":"Drug Dealer","floor":24,"gold_loss":0,"cards_obtained":["Multi-Cast","Steam"]},{"damage_healed":0,"gold_gain":0,"player_choice":"Punched","damage_taken":3,"max_hp_gain":0,"max_hp_loss":0,"event_name":"Designer","floor":25,"gold_loss":0},{"damage_healed":0,"gold_gain":0,"player_choice":"Shed Blood","damage_taken":15,"max_hp_gain":5,"max_hp_loss":0,"event_name":"Forgotten Altar","floor":31,"gold_loss":0},{"damage_healed":0,"gold_gain":0,"player_choice":"Memory 1","damage_taken":0,"max_hp_gain":0,"max_hp_loss":0,"event_name":"SensoryStone","floor":38,"gold_loss":0},{"damage_healed":0,"gold_gain":0,"player_choice":"Ignored","damage_taken":0,"max_hp_gain":0,"max_hp_loss":0,"event_name":"Tomb of Lord Red Mask","floor":40,"gold_loss":0}],"is_beta":false,"boss_relics":[{"not_picked":["SlaversCollar","conspire:SeveredTorchhead"],"picked":"aspiration:DefectSkillbook"},{"not_picked":["reliquary:Ember","conspire:RoyalGoblet"],"picked":"Replay:Grab Bag"},{"not_picked":["Runic Dome","Sozu"],"picked":"Philosopher\u0027s Stone"},{"not_picked":["Busted Crown","jedi:hotpepper"],"picked":"Coffee Dripper"},{"not_picked":["aspiration:SecretTechniqueScroll","Snecko Eye"],"picked":"REME_LowDesire"}],"items_purged_floors":[8,19],"is_endless":false,"potions_floor_spawned":[4,5,6,7,7,10,14,16,18,23,27,30,33,35,45,48,54],"ascension_level":0}}