{"host":"lg1lbglystyxcosi","time":1613219655,"event":{"mods":["AchievementEnabler","BaseMod","Better Third Choice","BetterRewards","Colored Powertips","Minty Spire (QoL Compilation)","Quick Restart","Shop Mod","StSLib","¡¾ÒÅÎï¿¨ÅÆ¡¿REMEMod"],"gold_per_floor":[117,192,192,192,192,192,192,192,192,192,211,237,200,211,211,308,308,326,326,344,23,41,41,60,60,60,60,73,86,86,11,11,115,115,133,133,183,194,40,40,50,50,131,131,148,168,186,198,198,198],"floor_reached":51,"language":"ZHS","playtime":2463,"items_purged":["Strike_G"],"score":1146,"play_id":"a1a4929c-180a-498d-9d6f-d2db731bbf07","local_time":"20210213203415","is_ascension_mode":true,"campfire_choices":[{"floor":6.0,"key":"REST"},{"data":"Storm of Steel","floor":7.0,"key":"SMITH"},{"data":"Quick Slash","floor":10.0,"key":"SMITH"},{"floor":15.0,"key":"REST"},{"data":"Choke","floor":23.0,"key":"SMITH"},{"floor":25.0,"key":"REST"},{"data":"RitualDagger","floor":30.0,"key":"SMITH"},{"data":"A Thousand Cuts","floor":32.0,"key":"SMITH"},{"data":"REME_ShadowForm","floor":40.0,"key":"SMITH"},{"data":"Adrenaline","floor":42.0,"key":"SMITH"},{"data":"Concentrate","floor":44.0,"key":"SMITH"},{"floor":49.0,"key":"REST"}],"circlet_count":0,"master_deck":["Strike_G","Strike_G","Strike_G+1","Defend_G","Defend_G+1","Defend_G","Defend_G","Defend_G","Survivor","Neutralize","Storm of Steel+1","Quick Slash+1","SandsOfTime+1","Choke+1","Cloak And Dagger","REME_ShadowForm+1","RitualDagger+1","Accuracy","A Thousand Cuts+1","Adrenaline+1","Die Die Die","Concentrate+1"],"relics":["Ring of the Snake","REME_ComplimentaryCards","WingedGreaves","Ninja Scroll","Centennial Puzzle","Toy Ornithopter","Meat on the Bone","HoveringKite","Kunai","Eternal Feather","Busted Crown","Incense Burner","Frozen Egg 2"],"acts_visited":["Exordium","TheCity","TheBeyond"],"potions_floor_usage":[50,50,50,50,50,50],"damage_taken":[{"damage":1.0,"enemies":"Jaw Worm","floor":1.0,"turns":3.0},{"damage":0.0,"enemies":"Small Slimes","floor":11.0,"turns":2.0},{"damage":10.0,"enemies":"3 Sentries","floor":12.0,"turns":4.0},{"damage":0.0,"enemies":"2 Louse","floor":14.0,"turns":1.0},{"damage":21.0,"enemies":"Hexaghost","floor":16.0,"turns":9.0},{"damage":0.0,"enemies":"3 Byrds","floor":18.0,"turns":4.0},{"damage":11.0,"enemies":"2 Thieves","floor":20.0,"turns":2.0},{"damage":0.0,"enemies":"Cultist and Chosen","floor":22.0,"turns":5.0},{"damage":19.0,"enemies":"Snake Plant","floor":24.0,"turns":5.0},{"damage":18.0,"enemies":"Snecko","floor":28.0,"turns":3.0},{"damage":8.0,"enemies":"Cultist and Chosen","floor":29.0,"turns":5.0},{"damage":64.0,"enemies":"Collector","floor":33.0,"turns":11.0},{"damage":4.0,"enemies":"3 Shapes","floor":35.0,"turns":4.0},{"damage":0.0,"enemies":"Mind Bloom Boss Battle","floor":37.0,"turns":5.0},{"damage":22.0,"enemies":"3 Darklings","floor":38.0,"turns":4.0},{"damage":36.0,"enemies":"Transient","floor":41.0,"turns":5.0},{"damage":2.0,"enemies":"Sphere and 2 Shapes","floor":45.0,"turns":4.0},{"damage":15.0,"enemies":"4 Shapes","floor":46.0,"turns":6.0},{"damage":2.0,"enemies":"Maw","floor":47.0,"turns":6.0},{"damage":11.0,"enemies":"Transient","floor":48.0,"turns":5.0},{"damage":74,"enemies":"Awakened One","floor":50,"turns":9}],"seed_played":"-7342511019381477194","potions_obtained":[{"floor":12.0,"key":"LiquidBronze"},{"floor":14.0,"key":"Fire Potion"},{"floor":16.0,"key":"Ancient Potion"},{"floor":18.0,"key":"ColorlessPotion"},{"floor":20.0,"key":"Block Potion"},{"floor":24.0,"key":"Dexterity Potion"},{"floor":35.0,"key":"Regen Potion"},{"floor":37.0,"key":"Strength Potion"},{"floor":41.0,"key":"Poison Potion"},{"floor":48.0,"key":"EntropicBrew"}],"is_trial":false,"path_per_floor":["M","?","?","?","?","R","R","$","T","R","M","E","$","M","R","B",null,"M","?","M","$","M","R","M","R","T","?","M","M","R","?","R","B",null,"M","?","?","M","$","R","M","R","T","R","M","M","M","M","R","B",null],"character_chosen":"THE_SILENT","items_purchased":["Ninja Scroll","Choke","Kunai","Accuracy","Die Die Die"],"campfire_rested":4,"item_purchase_floors":[0,13,21,21,39],"current_hp_per_floor":[69,58,44,30,30,51,51,51,51,51,51,41,41,41,62,51,65,65,59,48,48,58,58,39,60,60,60,42,46,58,58,70,23,58,54,54,70,48,48,60,36,48,48,60,58,43,41,42,70,33],"gold":198,"neow_bonus":"","is_daily":false,"chose_seed":false,"campfire_upgraded":8,"win_rate":0.0,"timestamp":1613219655,"path_taken":["M","?","?","?","?","R","R","$","T","R","?","E","?","M","R","BOSS","M","?","M","$","M","R","M","R","T","?","M","M","R","?","R","BOSS","M","?","?","M","$","R","M","R","T","R","M","M","?","M","R","BOSS"],"items_purchased_type":["Relic","Card","Relic","Card","Card"],"build_version":"2020-12-22","purchased_purges":1,"victory":true,"max_hp_per_floor":[70,70,70,70,70,70,70,70,70,70,70,70,70,70,70,70,70,70,70,70,70,70,70,70,70,70,70,70,70,70,70,70,70,70,70,70,70,70,70,70,70,70,70,70,70,70,70,70,70,70],"card_choices":[{"not_picked":["All Out Attack","Outmaneuver"],"picked":"Quick Slash","floor":1.0},{"not_picked":["Acrobatics","Blur","Backflip"],"picked":"SKIP","floor":11.0},{"not_picked":["Dodge and Roll","Deadly Poison","Dagger Throw"],"picked":"SKIP","floor":12.0},{"not_picked":["Distraction","Sucker Punch"],"picked":"Cloak And Dagger","floor":14.0},{"not_picked":["Night Terror","Venomology"],"picked":"REME_ShadowForm","floor":16.0},{"not_picked":["Outmaneuver+1","Dagger Spray","Dagger Throw"],"picked":"SKIP","floor":18.0},{"not_picked":["PiercingWail","Distraction","Prepared"],"picked":"SKIP","floor":20.0},{"not_picked":["Dodge and Roll","Accuracy","Masterful Stab"],"picked":"SKIP","floor":22.0},{"not_picked":["Sucker Punch","Underhanded Strike","Catalyst+1"],"picked":"SKIP","floor":24.0},{"not_picked":["Dagger Spray","Acrobatics+1"],"picked":"A Thousand Cuts","floor":28.0},{"not_picked":["Prepared","Deflect","Acrobatics"],"picked":"SKIP","floor":29.0},{"not_picked":["REME_ShadowForm","Die Die Die"],"picked":"Adrenaline","floor":33.0},{"not_picked":["Eviscerate+1"],"picked":"SKIP","floor":35.0},{"not_picked":["Outmaneuver"],"picked":"SKIP","floor":38.0},{"not_picked":["Concentrate"],"picked":"SKIP","floor":41.0},{"not_picked":[],"picked":"Concentrate","floor":41.0},{"not_picked":["REME_ShadowStrike+1"],"picked":"SKIP","floor":45.0},{"not_picked":["Dagger Spray+1"],"picked":"SKIP","floor":46.0},{"not_picked":["Poisoned Stab"],"picked":"SKIP","floor":47.0},{"not_picked":["Underhanded Strike"],"picked":"SKIP","floor":48.0}],"player_experience":259284,"relics_obtained":[{"floor":9.0,"key":"Toy Ornithopter"},{"floor":12.0,"key":"Meat on the Bone"},{"floor":26.0,"key":"Eternal Feather"},{"floor":37.0,"key":"Incense Burner"},{"floor":43.0,"key":"Frozen Egg 2"}],"event_choices":[{"damage_healed":0.0,"max_hp_gain":0.0,"max_hp_loss":0.0,"gold_gain":75.0,"event_name":"betterThird:BetterGoop","player_choice":"Gold","floor":2.0,"gold_loss":0.0,"damage_taken":11.0},{"damage_healed":58.0,"max_hp_gain":0.0,"max_hp_loss":70.0,"gold_gain":0.0,"event_name":"betterThird:BetterShining","player_choice":"Upgrade","floor":3.0,"gold_loss":0.0,"damage_taken":14.0,"cards_upgraded":["Defend_G","Strike_G"]},{"damage_healed":0.0,"max_hp_gain":0.0,"max_hp_loss":0.0,"gold_gain":0.0,"event_name":"Living Wall","player_choice":"Grow","floor":5.0,"gold_loss":0.0,"damage_taken":0.0,"cards_upgraded":["SandsOfTime"]},{"damage_healed":0.0,"max_hp_gain":0.0,"max_hp_loss":0.0,"gold_gain":0.0,"event_name":"betterThird:BetterNest","player_choice":"Dagger","floor":19.0,"gold_loss":0.0,"damage_taken":6.0,"cards_obtained":["RitualDagger"]},{"damage_healed":0.0,"max_hp_gain":0.0,"max_hp_loss":0.0,"gold_gain":0.0,"event_name":"The Mausoleum","player_choice":"Ignored","floor":27.0,"gold_loss":0.0,"damage_taken":0.0},{"cards_removed":["Strike_G"],"damage_healed":0.0,"max_hp_gain":0.0,"max_hp_loss":0.0,"gold_gain":0.0,"event_name":"Beggar","player_choice":"Gave Gold","floor":31.0,"gold_loss":75.0,"damage_taken":0.0},{"damage_healed":0.0,"max_hp_gain":0.0,"max_hp_loss":0.0,"gold_gain":0.0,"event_name":"Tomb of Lord Red Mask","player_choice":"Ignored","floor":36.0,"gold_loss":0.0,"damage_taken":0.0},{"damage_healed":0.0,"max_hp_gain":0.0,"max_hp_loss":0.0,"gold_gain":0.0,"event_name":"MindBloom","player_choice":"Fight","floor":37.0,"gold_loss":0.0,"damage_taken":0.0}],"is_beta":false,"boss_relics":[{"not_picked":["SlaversCollar","Snecko Eye"],"picked":"HoveringKite"},{"not_picked":["Runic Dome","SacredBark"],"picked":"Busted Crown"}],"items_purged_floors":[39],"is_endless":false,"potions_floor_spawned":[12,14,16,18,20,24,35,37,41,48],"ascension_level":5}}