{"host":"a57oumegxze0vmhs","time":1613259295,"event":{"mods":["AchievementEnabler","BaseMod","Colored Powertips","Minty Spire (QoL Compilation)","Relic Stats"],"gold_per_floor":[117,133,133,308,233,258,258,275,300,323,352,352,370,395,395,493,493,511,527,539,539,555,555,587,366,366,397,397,397,411,429,429,528,528,540,552,552,69,85,85,111,111,134,148,113,113,163,0,0,0],"floor_reached":51,"language":"ENG","playtime":1852,"items_purged":["Doubt","Strike_R","Pain"],"score":1076,"play_id":"05e4fd3e-aa74-4245-8adb-c99fdce891de","local_time":"20210214013455","is_ascension_mode":true,"campfire_choices":[{"data":"Bash","floor":7.0,"key":"SMITH"},{"floor":12.0,"key":"REST"},{"data":"Cleave","floor":15.0,"key":"SMITH"},{"floor":23.0,"key":"REST"},{"floor":28.0,"key":"REST"},{"floor":32.0,"key":"REST"},{"floor":40.0,"key":"REST"},{"floor":42.0,"key":"REST"},{"floor":49.0,"key":"REST"}],"circlet_count":0,"master_deck":["Strike_R","Strike_R","Defend_R","Defend_R","Defend_R","Defend_R","Bash+1","Thunderclap","Carnage","Cleave+1","Shrug It Off","Wild Strike","Whirlwind","Pommel Strike","Demon Form","Fire Breathing+1","Wild Strike","Flame Barrier","Iron Wave","Heavy Blade","Fiend Fire","True Grit+1","Shrug It Off+1","Metallicize"],"relics":["Burning Blood","NeowsBlessing","Vajra","MealTicket","Odd Mushroom","Blood Vial","Bronze Scales","Fusion Hammer","Dead Branch","Matryoshka","Lantern","Runic Cube","WarpedTongs","Lizard Tail","Blue Candle","Boot","Ancient Tea Set","FossilizedHelix","Red Mask"],"acts_visited":["Exordium","TheCity","TheBeyond"],"potions_floor_usage":[50,50],"damage_taken":[{"damage":0.0,"enemies":"2 Louse","floor":1.0,"turns":1.0},{"damage":0.0,"enemies":"Jaw Worm","floor":2.0,"turns":1.0},{"damage":0.0,"enemies":"3 Sentries","floor":6.0,"turns":1.0},{"damage":7.0,"enemies":"Small Slimes","floor":8.0,"turns":2.0},{"damage":18.0,"enemies":"The Mushroom Lair","floor":10.0,"turns":3.0},{"damage":30.0,"enemies":"Lagavulin","floor":11.0,"turns":5.0},{"damage":17.0,"enemies":"Exordium Thugs","floor":13.0,"turns":5.0},{"damage":16.0,"enemies":"Gremlin Nob","floor":14.0,"turns":3.0},{"damage":49.0,"enemies":"The Guardian","floor":16.0,"turns":11.0},{"damage":15.0,"enemies":"3 Byrds","floor":18.0,"turns":3.0},{"damage":6.0,"enemies":"Chosen","floor":19.0,"turns":4.0},{"damage":24.0,"enemies":"Snake Plant","floor":20.0,"turns":3.0},{"damage":13.0,"enemies":"Cultist and Chosen","floor":22.0,"turns":4.0},{"damage":30.0,"enemies":"Gremlin Leader","floor":24.0,"turns":6.0},{"damage":42.0,"enemies":"Slavers","floor":27.0,"turns":5.0},{"damage":31.0,"enemies":"Shelled Parasite and Fungi","floor":30.0,"turns":5.0},{"damage":13.0,"enemies":"Snecko","floor":31.0,"turns":3.0},{"damage":41.0,"enemies":"Collector","floor":33.0,"turns":5.0},{"damage":11.0,"enemies":"Orb Walker","floor":35.0,"turns":2.0},{"damage":26.0,"enemies":"3 Shapes","floor":36.0,"turns":5.0},{"damage":31.0,"enemies":"Sphere and 2 Shapes","floor":39.0,"turns":5.0},{"damage":38.0,"enemies":"Giant Head","floor":41.0,"turns":7.0},{"damage":37.0,"enemies":"4 Shapes","floor":44.0,"turns":5.0},{"damage":0.0,"enemies":"Mind Bloom Boss Battle","floor":47.0,"turns":7.0},{"damage":112,"enemies":"Donu and Deca","floor":50,"turns":8}],"seed_played":"-578066900306219596","potions_obtained":[{"floor":1.0,"key":"FearPotion"},{"floor":2.0,"key":"Dexterity Potion"},{"floor":8.0,"key":"Regen Potion"},{"floor":16.0,"key":"FearPotion"},{"floor":20.0,"key":"ColorlessPotion"},{"floor":27.0,"key":"Strength Potion"},{"floor":30.0,"key":"ColorlessPotion"},{"floor":33.0,"key":"PowerPotion"},{"floor":41.0,"key":"EssenceOfSteel"},{"floor":44.0,"key":"SneckoOil"}],"is_trial":false,"path_per_floor":["M","M","$","?","$","E","R","M","T","?","E","R","M","E","R","B",null,"M","M","M","?","M","R","E","$","T","E","R","?","M","M","R","B",null,"M","M","?","$","M","R","E","R","T","M","$","?","?","?","R","B",null],"character_chosen":"IRONCLAD","items_purchased":["Iron Wave","DistilledChaos","Lizard Tail","Block Potion","Metallicize"],"campfire_rested":7,"item_purchase_floors":[25,25,38,38,45],"current_hp_per_floor":[78,80,80,80,80,80,80,79,79,67,43,67,58,50,50,23,66,59,61,45,45,40,64,42,57,57,23,47,47,24,19,43,10,63,60,42,42,57,34,58,28,52,52,23,38,38,46,46,70,20],"gold":0,"neow_bonus":"THREE_ENEMY_KILL","is_daily":false,"chose_seed":false,"campfire_upgraded":2,"win_rate":0.0,"timestamp":1613259295,"path_taken":["M","M","$","?","?","E","R","M","T","?","E","R","M","E","R","BOSS","M","M","M","?","M","R","E","$","T","E","R","?","M","?","R","BOSS","M","M","?","$","M","R","E","R","T","?","$","?","?","?","R","BOSS"],"items_purchased_type":["Card","Potion","Relic","Potion","Card"],"build_version":"2020-12-22","purchased_purges":3,"victory":true,"max_hp_per_floor":[80,80,80,80,80,80,80,80,80,80,80,80,80,80,80,80,80,80,80,80,80,80,80,80,80,80,80,80,80,80,80,80,80,80,80,80,80,80,80,80,80,80,80,80,80,80,80,80,80,80],"relic_stats":{"Blood Vial":38,"Lizard Tail":40,"counters":[25,109],"Bronze Scales":[236],"Dead Branch":[47],"Blue Candle":[0],"MealTicket":45,"Boot":[0],"obtain_stats":[{"Lantern":27,"NeowsBlessing":0,"Dead Branch":24,"Blue Candle":41,"Vajra":6,"Odd Mushroom":10,"Boot":43,"Ancient Tea Set":43,"Burning Blood":0,"WarpedTongs":37,"Blood Vial":11,"Lizard Tail":38,"Matryoshka":26,"Bronze Scales":14,"MealTicket":9,"Fusion Hammer":17,"Red Mask":48,"FossilizedHelix":47,"Runic Cube":34},{"Lantern":15,"NeowsBlessing":0,"Dead Branch":14,"Blue Candle":22,"Vajra":3,"Odd Mushroom":5,"Boot":22,"Ancient Tea Set":22,"Burning Blood":0,"WarpedTongs":20,"Blood Vial":6,"Lizard Tail":20,"Matryoshka":14,"Bronze Scales":8,"MealTicket":4,"Fusion Hammer":9,"Red Mask":24,"FossilizedHelix":24,"Runic Cube":18},{"Lantern":57,"NeowsBlessing":0,"Dead Branch":52,"Blue Candle":89,"Vajra":3,"Odd Mushroom":8,"Boot":89,"Ancient Tea Set":89,"Burning Blood":0,"WarpedTongs":77,"Blood Vial":13,"Lizard Tail":77,"Matryoshka":52,"Bronze Scales":21,"MealTicket":5,"Fusion Hammer":32,"Red Mask":101,"FossilizedHelix":101,"Runic Cube":70}],"Burning Blood":140,"Runic Cube":[24],"WarpedTongs":[32]},"card_choices":[{"not_picked":["Uppercut","Evolve"],"picked":"Thunderclap","floor":1.0},{"not_picked":["Uppercut","Twin Strike"],"picked":"Carnage","floor":2.0},{"not_picked":["Carnage","Anger"],"picked":"Cleave","floor":6.0},{"not_picked":["Cleave","Combust"],"picked":"Shrug It Off","floor":8.0},{"not_picked":["Dual Wield","Anger"],"picked":"Wild Strike","floor":10.0},{"not_picked":["Clash","Feel No Pain"],"picked":"Whirlwind","floor":11.0},{"not_picked":["Carnage","Sword Boomerang","Body Slam"],"picked":"SKIP","floor":13.0},{"not_picked":["Reaper","Shrug It Off"],"picked":"Pommel Strike","floor":14.0},{"not_picked":["Feed","Double Tap"],"picked":"Demon Form","floor":16.0},{"not_picked":["Dual Wield","Shrug It Off+1"],"picked":"Fire Breathing+1","floor":18.0},{"not_picked":["Anger+1","Second Wind"],"picked":"Wild Strike","floor":19.0},{"not_picked":["Anger","Thunderclap","True Grit+1"],"picked":"SKIP","floor":20.0},{"not_picked":["Bloodletting+1","Body Slam"],"picked":"Flame Barrier","floor":22.0},{"not_picked":["Double Tap","Armaments","Cleave"],"picked":"SKIP","floor":24.0},{"not_picked":["Body Slam","Headbutt","Flex"],"picked":"SKIP","floor":27.0},{"not_picked":["Dual Wield","Havoc"],"picked":"Heavy Blade","floor":30.0},{"not_picked":["Seeing Red","Thunderclap","Second Wind"],"picked":"SKIP","floor":31.0},{"not_picked":["Brutality","Barricade"],"picked":"Fiend Fire","floor":33.0},{"not_picked":["Infernal Blade","Hemokinesis"],"picked":"True Grit+1","floor":35.0},{"not_picked":["Clash+1","Heavy Blade+1","Pommel Strike+1"],"picked":"SKIP","floor":36.0},{"not_picked":["Armaments","Thunderclap+1","Bloodletting"],"picked":"SKIP","floor":39.0},{"not_picked":["Cleave","Wild Strike","Clothesline"],"picked":"SKIP","floor":41.0},{"not_picked":["Offering","Wild Strike+1"],"picked":"Shrug It Off+1","floor":44.0}],"player_experience":440048,"relics_obtained":[{"floor":6.0,"key":"Vajra"},{"floor":9.0,"key":"MealTicket"},{"floor":10.0,"key":"Odd Mushroom"},{"floor":11.0,"key":"Blood Vial"},{"floor":14.0,"key":"Bronze Scales"},{"floor":24.0,"key":"Dead Branch"},{"floor":26.0,"key":"Matryoshka"},{"floor":27.0,"key":"Lantern"},{"floor":41.0,"key":"Blue Candle"},{"floor":43.0,"key":"Boot"},{"floor":43.0,"key":"Ancient Tea Set"},{"floor":47.0,"key":"FossilizedHelix"}],"event_choices":[{"damage_healed":0.0,"max_hp_gain":0.0,"max_hp_loss":0.0,"gold_gain":175.0,"event_name":"Liars Game","player_choice":"AGREE","floor":4.0,"gold_loss":0.0,"damage_taken":0.0,"cards_obtained":["Doubt"]},{"damage_healed":0.0,"max_hp_gain":0.0,"max_hp_loss":0.0,"gold_gain":0.0,"event_name":"Mushrooms","player_choice":"Fought Mushrooms","floor":10.0,"gold_loss":0.0,"damage_taken":0.0},{"damage_healed":0.0,"max_hp_gain":0.0,"max_hp_loss":0.0,"gold_gain":0.0,"event_name":"Vampires","player_choice":"Ignored","floor":21.0,"gold_loss":0.0,"damage_taken":0.0},{"cards_removed":["Strike_R"],"damage_healed":0.0,"max_hp_gain":0.0,"max_hp_loss":0.0,"gold_gain":0.0,"event_name":"Bonfire Elementals","player_choice":"Offered Basic","floor":29.0,"gold_loss":0.0,"damage_taken":0.0},{"damage_healed":0.0,"max_hp_gain":0.0,"max_hp_loss":0.0,"gold_gain":0.0,"event_name":"Accursed Blacksmith","player_choice":"Rummage","floor":37.0,"gold_loss":0.0,"damage_taken":0.0,"relics_obtained":["WarpedTongs"],"cards_obtained":["Pain"]},{"cards_removed":["Strike_R"],"damage_healed":0.0,"max_hp_gain":0.0,"max_hp_loss":0.0,"gold_gain":0.0,"event_name":"Falling","player_choice":"Removed Attack","floor":46.0,"gold_loss":0.0,"damage_taken":0.0},{"damage_healed":0.0,"max_hp_gain":0.0,"max_hp_loss":0.0,"gold_gain":0.0,"event_name":"MindBloom","player_choice":"Fight","floor":47.0,"gold_loss":0.0,"damage_taken":0.0},{"damage_healed":0.0,"max_hp_gain":0.0,"max_hp_loss":0.0,"gold_gain":0.0,"event_name":"Tomb of Lord Red Mask","player_choice":"Paid","floor":48.0,"gold_loss":163.0,"damage_taken":0.0,"relics_obtained":["Red Mask"]}],"is_beta":false,"boss_relics":[{"not_picked":["Velvet Choker","Runic Dome"],"picked":"Fusion Hammer"},{"not_picked":["Empty Cage","Pandora\u0027s Box"],"picked":"Runic Cube"}],"items_purged_floors":[5,25,38],"is_endless":false,"potions_floor_spawned":[1,2,8,11,16,20,27,30,33,39,41,44],"ascension_level":8}}