{"host":"vfjw5z5u57sxa51v","time":1613239505,"event":{"mods":["AchievementEnabler","Act Like it!","Aspiration","BaseMod","Bestiary","Better Altar","Better Match","Better Note","Better Sensory Stone","Better Skull","Better Synergies","Better Third Choice","BetterRewards","CCEM2","Colored Map","Conspire","Dota2Spire","Downfall","GifTheSpireLib","GungeonMod","Halation","Highlight Path","Hubris","Infinite Spire","Jedi Mod","Minty Spire (QoL Compilation)","Permanent Neow","Reliquary","Replay The Spire","Shop Mod","Spicy Shops","StSLib","Stuff the Spire","The Cursed","The Disciple","The Gatherer","Unceasing Turn Reminder","everything is the same but u backflip on backflip"],"gold_per_floor":[113,113,159,209,72,72,72,130,153,1,17,74,86,100,100,235,235,249,81,92,139,185,208,252,269,317,364,155,195,195,217,217,350,350,374,387,389,389,444,483,67,67,92,92,92,92,92,142,142,150,150],"floor_reached":50,"language":"DEU","playtime":2595,"items_purged":["Strike_B","hubris:Wrath","jedi:BattleThirst"],"score":759,"play_id":"27efd616-f444-4b1a-9a39-99be34aa5297","local_time":"20210213190505","is_ascension_mode":false,"campfire_choices":[{"data":"Dualcast","floor":6.0,"key":"SMITH"},{"data":"Ball Lightning","floor":15.0,"key":"SMITH"},{"data":"StuffTheSpire:LoadUp","floor":30,"key":"SMITH"},{"floor":32,"key":"REST"},{"data":"White Noise","floor":45,"key":"SMITH"},{"data":"Lockon","floor":47,"key":"SMITH"},{"data":"StuffTheSpire:Plugnplay","floor":49,"key":"SMITH"}],"circlet_count":0,"master_deck":["Strike_B","Strike_B","Defend_B","Defend_B+1","Defend_B+1","Zap","Dualcast+1","Lockon+1","conspire:SharedLibrary+1","Panache+1","Fission+1","Panic Button+1","Defragment+1","Compile Driver","Hallucinations","Leap","Ball Lightning+1","Reboot+1","StuffTheSpire:LoadUp+1","Crystallizer+1","White Noise+1","jedi:blockon+1","Ball Lightning+1","Force Field+1","hubris:Despair","Replay:Hysterical Blindness","conspire:NecroticWound","StuffTheSpire:Synthwave+1","jedi:reiji+1","ReplayRNGCard+1","hubris:Despair","Machine Learning+1","Storm+1","Darkness+1","Echo Form+1","BootSequence","hubris:Greed","Defragment+1","Capacitor+1","Mayhem+1","Doubt","StuffTheSpire:Plugnplay+1"],"relics":["Cracked Core","CCEMRelics:Barrel","Dota2Spire:PhaseBoots","Dota2Spire:HandOfMidas","Ring of Greed","Golden Egg","infinitespire:Midas Blood","Ring of Fury","BargainBundle","Frozen Egg 2","Blood Vial","War Paint","halation:Diary","DemoMod:GnawedKey","Dota2Spire:Satanic","aspiration:TomeofQuesting","reliquary:TuningFork","CCEMRelics:SpiritsEdge","aspiration:ChemicalBlood","jedi:paperlyon","reliquary:Boomerang","CCEMRelics:TeddyBear","Empty Cage","Happy Flower","reliquary:Bookmark","infinitespire:Beetle Shell","OrangePellets"],"acts_visited":["Exordium","TheCity","TheBeyond"],"potions_floor_usage":[31,33,40,40,50,50,50,50],"damage_taken":[{"damage":1.0,"enemies":"Jaw Worm","floor":1.0,"turns":3.0},{"damage":6.0,"enemies":"Gremlin Nob","floor":8.0,"turns":3.0},{"damage":0.0,"enemies":"2 Louse","floor":11.0,"turns":1.0},{"damage":18.0,"enemies":"Replay:BlueRogue","floor":12.0,"turns":4.0},{"damage":0.0,"enemies":"conspire:RoseBush","floor":13.0,"turns":2.0},{"damage":0.0,"enemies":"Lots of Slimes","floor":14.0,"turns":1.0},{"damage":22.0,"enemies":"The Guardian","floor":16.0,"turns":8.0},{"damage":0.0,"enemies":"Chosen","floor":18.0,"turns":3.0},{"damage":0.0,"enemies":"Spheric Guardian","floor":20.0,"turns":1.0},{"damage":4.0,"enemies":"Shelled Parasite and Fungi","floor":21.0,"turns":2.0},{"damage":11.0,"enemies":"Snake Plant","floor":23.0,"turns":2.0},{"damage":13.0,"enemies":"Sentry and Sphere","floor":24.0,"turns":4.0},{"damage":1.0,"enemies":"Chosen and Byrds","floor":25.0,"turns":4.0},{"damage":0,"enemies":"Centurion and Healer","floor":27,"turns":4},{"damage":0,"enemies":"Shelled Parasite and Fungi","floor":29,"turns":4},{"damage":19,"enemies":"3 Cultists","floor":31,"turns":4},{"damage":0,"enemies":"conspire:MysteriousRune","floor":33,"turns":7},{"damage":13,"enemies":"3 Shapes","floor":35,"turns":2},{"damage":6,"enemies":"Orb Walker","floor":36,"turns":2},{"damage":41,"enemies":"4 Shapes","floor":39,"turns":3},{"damage":0,"enemies":"Nemesis","floor":40,"turns":2},{"damage":0,"enemies":"3 Darklings","floor":48,"turns":2},{"damage":78,"enemies":"conspire:OrnateMirror","floor":50,"turns":2}],"seed_played":"-2184100805421766857","potions_obtained":[{"floor":7.0,"key":"Dexterity Potion"},{"floor":11.0,"key":"jedi:coolantleak"},{"floor":13.0,"key":"BlessingOfTheForge"},{"floor":21.0,"key":"DemoMod:LeadSkinPotion"},{"floor":31,"key":"EssenceOfSteel"},{"floor":36,"key":"jedi:StrikingPotion"},{"floor":39,"key":"Adrenaline Potion"},{"floor":40,"key":"ColorlessPotion"},{"floor":50,"key":"sneckomod:MuddlingPotion"}],"is_trial":false,"path_per_floor":["M","?","T","?","$","R","?","E","T","$","M","E","M","M","R","B",null,"M","$","M","M","T","M","M","M","T","M","$","M","R","M","R","B",null,"M","M","?","?","M","E","$","?","T","AVR","R","$","R","M","R","B"],"character_chosen":"DEFECT","items_purchased":["BargainBundle","Frozen Egg 2","conspire:SharedLibrary+1","Panache+1","Fission","Panic Button","Blood Vial","War Paint","halation:Diary","DemoMod:GnawedKey","Dota2Spire:Satanic","Guardian:BlockOnCardUsePotion","LiquidMemories","jedi:coolantleak","CCEMRelics:SpiritsEdge","Crystallizer+1","StuffTheSpire:Synthwave+1","Capacitor+1","Mayhem+1","reliquary:Bookmark"],"campfire_rested":1,"item_purchase_floors":[5,5,5,5,5,5,5,5,5,5,5,5,5,5,10,19,28,41,41,41],"current_hp_per_floor":[74,74,74,74,74,74,74,69,69,69,75,65,67,69,69,49,75,75,75,75,71,71,62,51,52,52,54,54,56,56,39,61,63,75,62,58,43,43,4,6,6,75,75,75,75,75,75,75,75,0,0],"gold":150,"neow_bonus":"RANDOM_COMMON_RELIC","is_daily":false,"chose_seed":false,"campfire_upgraded":6,"win_rate":0.0,"timestamp":1613239505,"path_taken":["M","?","?","?","$","R","?","E","T","$","M","E","M","M","R","BOSS","M","?","?","M","?","M","M","?","T","M","$","M","R","M","R","BOSS","M","?","?","?","?","E","$","?","T","AVR","R","?","R","M","R","BOSS"],"items_purchased_type":["Relic","Relic","Card","Card","Card","Card","Relic","Relic","Relic","Relic","Relic","Potion","Potion","Potion","Relic","Card","Card","Card","Card","Relic"],"build_version":"2020-12-22","purchased_purges":3,"victory":false,"max_hp_per_floor":[75,75,75,75,75,75,75,75,75,75,75,75,75,75,75,75,75,75,75,75,75,75,75,75,75,75,75,75,75,75,75,75,75,75,75,75,75,75,75,75,75,75,75,75,75,75,75,75,75,75,75],"card_choices":[{"not_picked":["ReplayTheSpireMod:Calculation Training","StuffTheSpire:Plugnplay"],"picked":"Lockon","floor":1.0},{"not_picked":["Sweeping Beam","hubris:Ukulele"],"picked":"Defragment+1","floor":8.0},{"not_picked":["Stack","jedi:BurstLightning"],"picked":"Compile Driver","floor":11.0},{"not_picked":["jedi:BurstLightning","Coolheaded"],"picked":"Leap","floor":12.0},{"not_picked":["Gash","Compile Driver","Barrage"],"picked":"SKIP","floor":13.0},{"not_picked":["Turbo","ReplayRNGCard"],"picked":"Ball Lightning","floor":14.0},{"not_picked":["jedi:studyfrost","StuffTheSpire:LaunchingStrike"],"picked":"Reboot","floor":16.0},{"not_picked":["StuffTheSpire:GlassShard","Go for the Eyes"],"picked":"StuffTheSpire:LoadUp","floor":18.0},{"not_picked":["ReplayTheSpireMod:System Scan","Conserve Battery"],"picked":"White Noise","floor":20.0},{"not_picked":["Beam Cell","Coolheaded"],"picked":"jedi:blockon+1","floor":21.0},{"not_picked":["StuffTheSpire:SnapShoot+1","Conserve Battery"],"picked":"Ball Lightning+1","floor":23.0},{"not_picked":["Rainbow","Barrage"],"picked":"Force Field+1","floor":24.0},{"not_picked":["Hologram","Cold Snap"],"picked":"StuffTheSpire:ShieldGenerator+1","floor":25.0},{"not_picked":["Beam Cell","Go for the Eyes","StuffTheSpire:NuclearReactor"],"picked":"SKIP","floor":27},{"not_picked":["Seek","ReplayTheSpireMod:GoodbyeWorld+1"],"picked":"jedi:reiji+1","floor":29},{"not_picked":["Hologram","Ball Lightning"],"picked":"ReplayRNGCard","floor":31},{"not_picked":["hubris:DoWhile","jedi:BurstDark"],"picked":"Machine Learning+1","floor":33},{"not_picked":["Panic Button+1","StuffTheSpire:Plugnplay"],"picked":"Storm+1","floor":35},{"not_picked":["Coolheaded+1","Rebound+1"],"picked":"Darkness+1","floor":36},{"not_picked":["Go for the Eyes+1","Compile Driver+1","Gash"],"picked":"SKIP","floor":39},{"not_picked":["ReplayGash","Rebound"],"picked":"Defragment+1","floor":40},{"not_picked":["StuffTheSpire:LoadUp","BasicCrystalCard"],"picked":"StuffTheSpire:Plugnplay","floor":48}],"player_experience":21796,"relics_obtained":[{"floor":2.0,"key":"Dota2Spire:PhaseBoots"},{"floor":3.0,"key":"Dota2Spire:HandOfMidas"},{"floor":4.0,"key":"Ring of Greed"},{"floor":4.0,"key":"Golden Egg"},{"floor":4.0,"key":"infinitespire:Midas Blood"},{"floor":4.0,"key":"Ring of Fury"},{"floor":8.0,"key":"aspiration:TomeofQuesting"},{"floor":9.0,"key":"reliquary:TuningFork"},{"floor":12.0,"key":"aspiration:ChemicalBlood"},{"floor":22.0,"key":"reliquary:Boomerang"},{"floor":26,"key":"CCEMRelics:TeddyBear"},{"floor":40,"key":"Happy Flower"},{"floor":43,"key":"infinitespire:Beetle Shell"}],"event_choices":[{"damage_healed":0.0,"max_hp_gain":0.0,"max_hp_loss":0.0,"gold_gain":0.0,"event_name":"Lab","player_choice":"Got Potions","floor":7.0,"gold_loss":0.0,"damage_taken":0.0},{"damage_healed":0,"gold_gain":3,"player_choice":"2","damage_taken":0,"max_hp_gain":0,"max_hp_loss":15,"event_name":"betterStone:BetterStone","floor":37,"gold_loss":0},{"damage_healed":0,"gold_gain":0,"cards_transformed":["StuffTheSpire:ShieldGenerator"],"player_choice":"Transformed","damage_taken":0,"max_hp_gain":0,"max_hp_loss":0,"event_name":"Transmorgrifier","floor":38,"gold_loss":0,"cards_obtained":["BootSequence"]},{"damage_healed":69,"gold_gain":0,"player_choice":"Heal","damage_taken":0,"max_hp_gain":0,"max_hp_loss":0,"event_name":"MindBloom","floor":42,"gold_loss":0,"cards_obtained":["Doubt"]}],"is_beta":false,"boss_relics":[{"not_picked":["ReplayTheSpireMod:DimensionalGlitch","ChewingGum"],"picked":"jedi:paperlyon"},{"not_picked":["StuffTheSpire:ModemDavis","hubris:BlackHole"],"picked":"Empty Cage"}],"items_purged_floors":[5,19,28],"is_endless":false,"potions_floor_spawned":[11,12,13,20,21,27,36,40],"killed_by":"conspire:OrnateMirror","ascension_level":0}}