{"host":"t9zjxed0utvsfjwc","time":1613214688,"event":{"mods":["2.2 Compatiblity","Aspiration","BaseMod","Better Altar","Better Match","Better Note","Better Sensory Stone","Better Skull","Better Third Choice","Block Reminder","Colored Map","Colored Powertips","Custom Start","Downfall","Hermit","Highlight Path","Hubris","Infinite Spire","Marisa????????","Minty Spire (QoL Compilation)","Quick Restart","Rare Cards Sparkle","Reliquary","Replay The Spire","StSLib","The Cursed","The Marked","The Runesmith","Unceasing Turn Reminder","everything is the same but u backflip on backflip"],"gold_per_floor":[119,119,119,119,44,72,133,163,190,246,246,246],"floor_reached":11,"language":"ENG","playtime":232,"items_purged":["Pain"],"score":106,"play_id":"c57d5b7f-0aa1-4d85-8ae7-9a027352ff3d","local_time":"20210213111128","is_ascension_mode":false,"campfire_choices":[],"circlet_count":0,"master_deck":["theMarked:Strike","theMarked:Strike","theMarked:Strike","theMarked:Strike","theMarked:Strike","theMarked:Defend","theMarked:Defend","theMarked:Defend","theMarked:Defend","theMarked:SoldierOfQuellstein","theMarked:Seal","Burn","ReplayTheSpireMod:Restless Dread","theMarked:BanishingWave"],"relics":["theMarked:ArtifactOfAir","NeowsBlessing","ReplayTheSpireMod:Ring of Challenge","WarpedTongs","infinitespire:Satchel","Strawberry"],"acts_visited":["Exordium"],"potions_floor_usage":[8,8],"damage_taken":[{"damage":0,"enemies":"2 Louse","floor":1,"turns":1},{"damage":0,"enemies":"Lagavulin","floor":6,"turns":1},{"damage":10,"enemies":"Small Slimes","floor":7,"turns":2},{"damage":42,"enemies":"Gremlin Nob","floor":8,"turns":5},{"damage":10,"enemies":"Cultist","floor":10,"turns":4},{"damage":19,"enemies":"3 Sentries","floor":11,"turns":2}],"seed_played":"5179393666219718034","potions_obtained":[{"floor":6,"key":"Cursed Concoction"},{"floor":7,"key":"Milkshake"}],"is_trial":false,"path_per_floor":["M","?","?","?","$","E","M","E","T","M","E"],"character_chosen":"THE_DEFAULT","items_purchased":[],"campfire_rested":0,"item_purchase_floors":[],"current_hp_per_floor":[70,70,70,70,70,70,60,25,25,15,0,0],"gold":246,"neow_bonus":"THREE_ENEMY_KILL","is_daily":false,"chose_seed":false,"campfire_upgraded":0,"win_rate":0.0,"timestamp":1613214688,"path_taken":["M","?","?","?","$","E","M","E","T","M","E"],"items_purchased_type":[],"build_version":"2020-12-22","purchased_purges":1,"victory":false,"max_hp_per_floor":[70,70,70,70,70,70,70,77,77,77,77,77],"card_choices":[{"not_picked":["theMarked:ChainLightning","theMarked:OneWithTheBlade"],"picked":"theMarked:Seal","floor":1},{"not_picked":["theMarked:Levitate","theMarked:EmpowerWeapon","theMarked:Frustration"],"picked":"SKIP","floor":6},{"not_picked":["theMarked:RepellingDischarge","theMarked:HeightenedSenses","theMarked:Parkour"],"picked":"SKIP","floor":7},{"not_picked":["theMarked:LightningStrikesTwice","theMarked:Parkour","theMarked:Pokerface"],"picked":"SKIP","floor":8},{"not_picked":["theMarked:Frustration","theMarked:CreepingChasm"],"picked":"theMarked:BanishingWave","floor":10}],"player_experience":549113,"relics_obtained":[{"floor":3,"key":"ReplayTheSpireMod:Ring of Challenge"},{"floor":6,"key":"infinitespire:Satchel"},{"floor":8,"key":"Strawberry"}],"event_choices":[{"damage_healed":70,"gold_gain":0,"player_choice":"Embrace Burn","damage_taken":0,"max_hp_gain":0,"max_hp_loss":70,"event_name":"betterThird:BetterShining","floor":2,"gold_loss":0},{"damage_healed":0,"gold_gain":0,"player_choice":"Rummage","damage_taken":0,"relics_obtained":["WarpedTongs"],"max_hp_gain":0,"max_hp_loss":0,"event_name":"Accursed Blacksmith","floor":4,"gold_loss":0,"cards_obtained":["Pain"]}],"is_beta":false,"boss_relics":[],"items_purged_floors":[5],"is_endless":false,"potions_floor_spawned":[6,7],"killed_by":"3 Sentries","ascension_level":0}}