{"host":"08xvxt5w1s7zc7e5","time":1613237204,"event":{"mods":["AchievementEnabler","BaseMod","DeckTracker","Minty Spire (QoL Compilation)","Quick Restart","StSLib","SuperFastMode"],"gold_per_floor":[115,115,129,129,146,146,181,24,24,60,79,89,89,37,37,149,149,169,190,34,34,62,62,96,54,54,104,104,145,145,165,165,271,271,284,12,30,44,71,104,44,44,44,63,63,82,93,63,63,63,63,63,63,98,98,98],"floor_reached":55,"language":"KOR","playtime":2051,"items_purged":["Strike_G"],"score":833,"play_id":"f79debef-8ecc-490a-ad68-fa4c54640c76","local_time":"20210214022644","is_ascension_mode":true,"campfire_choices":[{"data":"Phantasmal Killer","floor":6.0,"key":"SMITH"},{"floor":15.0,"key":"REST"},{"data":"Phantasmal Killer","floor":23.0,"key":"SMITH"},{"floor":32.0,"key":"REST"},{"data":"Well Laid Plans","floor":42.0,"key":"SMITH"},{"floor":49.0,"key":"RECALL"},{"data":"Wraith Form v2","floor":52.0,"key":"SMITH"}],"circlet_count":0,"master_deck":["Strike_G","Strike_G","Defend_G","Defend_G","Defend_G","Defend_G","Defend_G","Survivor","Neutralize","Phantasmal Killer+1","Well Laid Plans+1","PiercingWail","Blade Dance","Acrobatics","Escape Plan","Phantasmal Killer+1","Backstab+1","Cloak And Dagger","Accuracy","Backflip","Venomology","Prepared+1","Wraith Form v2+1","Neutralize","Malaise","Acrobatics+1","Tactician","Accuracy","After Image"],"relics":["Ring of the Snake","Ninja Scroll","Medical Kit","Pen Nib","CeramicFish","WristBlade","Nunchaku","Ginger","Omamori","Strawberry","Enchiridion","SlaversCollar","Juzu Bracelet","Bottled Tornado","Calipers"],"acts_visited":["Exordium","TheCity","TheBeyond","TheEnding"],"potions_floor_usage":[55,55],"damage_taken":[{"damage":0.0,"enemies":"Cultist","floor":1.0,"turns":3.0},{"damage":0.0,"enemies":"Small Slimes","floor":3.0,"turns":4.0},{"damage":1.0,"enemies":"Jaw Worm","floor":5.0,"turns":5.0},{"damage":18.0,"enemies":"Gremlin Nob","floor":7.0,"turns":3.0},{"damage":31.0,"enemies":"3 Sentries","floor":10.0,"turns":9.0},{"damage":0.0,"enemies":"2 Fungi Beasts","floor":11.0,"turns":2.0},{"damage":0.0,"enemies":"Blue Slaver","floor":12.0,"turns":2.0},{"damage":0.0,"enemies":"Gremlin Gang","floor":13.0,"turns":1.0},{"damage":26.0,"enemies":"Slime Boss","floor":16.0,"turns":15.0},{"damage":16.0,"enemies":"Spheric Guardian","floor":18.0,"turns":4.0},{"damage":0.0,"enemies":"Chosen","floor":19.0,"turns":2.0},{"damage":1.0,"enemies":"Shelled Parasite and Fungi","floor":22.0,"turns":3.0},{"damage":0.0,"enemies":"Gremlin Leader","floor":24.0,"turns":5.0},{"damage":29.0,"enemies":"Book of Stabbing","floor":29.0,"turns":5.0},{"damage":0.0,"enemies":"Snake Plant","floor":30.0,"turns":1.0},{"damage":1.0,"enemies":"Snecko","floor":31.0,"turns":4.0},{"damage":25.0,"enemies":"Champ","floor":33.0,"turns":8.0},{"damage":6.0,"enemies":"3 Shapes","floor":35.0,"turns":3.0},{"damage":0.0,"enemies":"Orb Walker","floor":38.0,"turns":2.0},{"damage":27.0,"enemies":"Transient","floor":39.0,"turns":5.0},{"damage":3.0,"enemies":"Giant Head","floor":40.0,"turns":7.0},{"damage":0.0,"enemies":"Sphere and 2 Shapes","floor":44.0,"turns":3.0},{"damage":10.0,"enemies":"Writhing Mass","floor":46.0,"turns":4.0},{"damage":4.0,"enemies":"4 Shapes","floor":47.0,"turns":4.0},{"damage":17.0,"enemies":"Awakened One","floor":50.0,"turns":9.0},{"damage":4.0,"enemies":"Shield and Spear","floor":54.0,"turns":6.0},{"damage":76,"enemies":"The Heart","floor":55,"turns":10}],"seed_played":"1024159785335800475","potions_obtained":[{"floor":1.0,"key":"Fruit Juice"},{"floor":4.0,"key":"GhostInAJar"},{"floor":4.0,"key":"SmokeBomb"},{"floor":4.0,"key":"FearPotion"},{"floor":10.0,"key":"EntropicBrew"},{"floor":16.0,"key":"Explosive Potion"},{"floor":18.0,"key":"Strength Potion"},{"floor":22.0,"key":"Regen Potion"},{"floor":24.0,"key":"GamblersBrew"},{"floor":39.0,"key":"Weak Potion"},{"floor":40.0,"key":"ColorlessPotion"},{"floor":47.0,"key":"CultistPotion"}],"is_trial":false,"path_per_floor":["M","?","M","?","M","R","E","$","T","E","M","M","M","$","R","B",null,"M","M","$","?","M","R","E","$","T","T","?","E","M","M","R","B",null,"M","$","?","M","M","E","?","R","T","M","$","M","M","$","R","B",null,"R","$","E","B"],"character_chosen":"THE_SILENT","items_purchased":["Medical Kit","BlessingOfTheForge","Nunchaku","Backflip","Juzu Bracelet","Dexterity Potion","Accuracy"],"campfire_rested":2,"item_purchase_floors":[8,14,20,25,36,36,48],"current_hp_per_floor":[63,56,56,61,60,60,42,42,42,11,11,11,11,11,31,5,68,52,52,52,40,39,39,53,53,53,60,44,15,15,14,38,28,80,74,74,74,74,47,44,44,44,44,44,44,34,30,30,30,13,80,80,80,76,0,0],"gold":98,"neow_bonus":"THREE_RARE_CARDS","is_daily":false,"chose_seed":false,"campfire_upgraded":4,"win_rate":0.0,"timestamp":1613237204,"path_taken":["M","?","M","?","M","R","E","$","T","E","M","?","M","$","R","BOSS","M","M","$","?","M","R","E","$","T","?","?","E","M","M","R","BOSS","M","$","?","M","M","E","?","R","T","M","$","M","M","?","R","BOSS","R","$","E","BOSS"],"items_purchased_type":["Relic","Potion","Relic","Card","Relic","Potion","Card"],"build_version":"2020-12-22","purchased_purges":1,"victory":false,"max_hp_per_floor":[63,63,63,68,68,68,68,68,68,68,68,68,68,68,68,68,68,68,68,68,73,73,73,73,73,73,80,80,80,80,80,80,80,80,80,80,80,80,80,80,80,80,80,80,80,80,80,80,80,80,80,80,80,80,80,80],"card_choices":[{"not_picked":["Malaise","Venomology"],"picked":"Phantasmal Killer","floor":0.0},{"not_picked":["Quick Slash","Flechettes"],"picked":"Well Laid Plans","floor":1.0},{"not_picked":["Dodge and Roll","Prepared"],"picked":"PiercingWail","floor":3.0},{"not_picked":["Quick Slash","Backstab"],"picked":"Blade Dance","floor":5.0},{"not_picked":["Endless Agony","Calculated Gamble"],"picked":"Acrobatics","floor":7.0},{"not_picked":["Unload","Night Terror"],"picked":"Escape Plan","floor":10.0},{"not_picked":["Expertise","Deadly Poison","Setup"],"picked":"SKIP","floor":11.0},{"not_picked":["Outmaneuver","Distraction","PiercingWail"],"picked":"SKIP","floor":12.0},{"not_picked":["Storm of Steel","Unload"],"picked":"Phantasmal Killer","floor":16.0},{"not_picked":["Eviscerate","Setup+1","Bane"],"picked":"SKIP","floor":18.0},{"not_picked":["Blade Dance","Concentrate"],"picked":"Backstab+1","floor":19.0},{"not_picked":["Sucker Punch","Dagger Spray"],"picked":"Cloak And Dagger","floor":22.0},{"not_picked":["Acrobatics","PiercingWail"],"picked":"Accuracy","floor":24.0},{"not_picked":["Dagger Spray","Blade Dance"],"picked":"Venomology","floor":29.0},{"not_picked":["Expertise+1","Slice+1"],"picked":"Prepared+1","floor":31.0},{"not_picked":["Tools of the Trade","Adrenaline"],"picked":"Wraith Form v2","floor":33.0},{"not_picked":["Masterful Stab+1","Calculated Gamble","Outmaneuver+1"],"picked":"SKIP","floor":35.0},{"not_picked":["Deadly Poison+1","Prepared+1","Flying Knee+1"],"picked":"SKIP","floor":38.0},{"not_picked":["Backstab","Bane"],"picked":"Acrobatics+1","floor":39.0},{"not_picked":["Acrobatics+1","Dagger Spray","Skewer+1"],"picked":"SKIP","floor":40.0},{"not_picked":["Underhanded Strike+1","All Out Attack","Dagger Spray+1"],"picked":"SKIP","floor":44.0},{"not_picked":["Poisoned Stab+1","Quick Slash+1"],"picked":"Tactician","floor":46.0},{"not_picked":["Deflect+1","Masterful Stab+1","Catalyst"],"picked":"SKIP","floor":47.0},{"not_picked":["Blade Dance","Outmaneuver"],"picked":"After Image","floor":54.0}],"player_experience":358724,"relics_obtained":[{"floor":7.0,"key":"Ninja Scroll"},{"floor":9.0,"key":"Pen Nib"},{"floor":10.0,"key":"CeramicFish"},{"floor":24.0,"key":"Ginger"},{"floor":26.0,"key":"Omamori"},{"floor":27.0,"key":"Strawberry"},{"floor":28.0,"key":"Enchiridion"},{"floor":40.0,"key":"Bottled Tornado"},{"floor":54.0,"key":"Calipers"}],"event_choices":[{"cards_removed":["Strike_G"],"damage_healed":0.0,"max_hp_gain":0.0,"max_hp_loss":0.0,"gold_gain":0.0,"event_name":"Golden Wing","player_choice":"Card Removal","floor":2.0,"gold_loss":0.0,"damage_taken":7.0},{"damage_healed":0.0,"max_hp_gain":0.0,"max_hp_loss":0.0,"gold_gain":0.0,"event_name":"Lab","player_choice":"Got Potions","floor":4.0,"gold_loss":0.0,"damage_taken":0.0},{"damage_healed":0.0,"max_hp_gain":5.0,"max_hp_loss":0.0,"gold_gain":0.0,"event_name":"Forgotten Altar","player_choice":"Shed Blood","floor":21.0,"gold_loss":0.0,"damage_taken":17.0},{"damage_healed":0.0,"max_hp_gain":0.0,"max_hp_loss":0.0,"gold_gain":0.0,"event_name":"Cursed Tome","player_choice":"Obtained Book","floor":28.0,"gold_loss":0.0,"damage_taken":16.0},{"damage_healed":0.0,"max_hp_gain":0.0,"max_hp_loss":0.0,"gold_gain":0.0,"event_name":"Match and Keep!","player_choice":"2 cards matched","floor":37.0,"gold_loss":0.0,"damage_taken":0.0,"cards_obtained":["Neutralize","Malaise"]},{"cards_removed":["Strike_G"],"damage_healed":0.0,"max_hp_gain":0.0,"max_hp_loss":0.0,"gold_gain":0.0,"event_name":"Designer","player_choice":"Single Remove","floor":41.0,"gold_loss":60.0,"damage_taken":0.0}],"is_beta":false,"boss_relics":[{"not_picked":["Runic Dome","Fusion Hammer"],"picked":"WristBlade"},{"not_picked":["Tiny House","Runic Pyramid"],"picked":"SlaversCollar"}],"items_purged_floors":[36],"is_endless":false,"potions_floor_spawned":[1,10,11,13,16,18,22,24,39,40,47],"killed_by":"The Heart","ascension_level":3}}