{"host":"i9o21tdcc8l3o4rw","time":1613213214,"event":{"mods":["2.2 Compatiblity","Act Like it!","BaseMod","BetterRewards","Colored Map","Colored Powertips","Hubris","Infinite Spire","Jorbs\u0027s Wanderer Trilogy","Marisa????????","Menagerie","Minty Spire (QoL Compilation)","Replay The Spire","Shop Mod","StSLib","The Bladedancer","The Exalted","The Servant 0.9.4","??????REMEMod"],"gold_per_floor":[115,125,125,95,107,107,127,158,158,158,36,46,60,6,6,109,109,123,123,123,135,151,151,74,74,74],"floor_reached":25,"playtime":2638,"items_purged":[],"score":203,"play_id":"77f676e1-8f44-4c2b-b795-5189ad46589e","local_time":"20210213114654","is_ascension_mode":false,"campfire_choices":[{"data":"Quick Slash","floor":6.0,"key":"SMITH"},{"data":"Catalyst","floor":10.0,"key":"SMITH"},{"floor":15.0,"key":"REST"},{"floor":23,"key":"REST"}],"circlet_count":0,"master_deck":["Strike_G","Strike_G","Strike_G","Strike_G","Strike_G","Defend_G","Defend_G","Defend_G","Defend_G","Defend_G","Survivor","Neutralize","Choke","Toxin Wave","Quick Slash+1","Deadly Poison","Catalyst+1","Noxious Fumes","Poisoned Stab","Poisoned Stab","Blade Dance","Dagger Spray","Venomology","Deflect+1","Slice","Flying Knee+1","Infinite Blades","StarDustReverie"],"relics":["Ring of the Snake","REME_ComplimentaryCards","NeowsBlessing","Torii","infinitespire:Golems Mask","hubris:Metronome","Bromod:ArcaneEnergize"],"acts_visited":["Exordium","TheCity"],"potions_floor_usage":[21,22,25,25],"damage_taken":[{"damage":0.0,"enemies":"2 Louse","floor":1.0,"turns":1.0},{"damage":0.0,"enemies":"Small Slimes","floor":2.0,"turns":1.0},{"damage":0.0,"enemies":"Cultist","floor":5.0,"turns":1.0},{"damage":1.0,"enemies":"Red Slaver","floor":7.0,"turns":4.0},{"damage":13.0,"enemies":"3 Sentries","floor":8.0,"turns":11.0},{"damage":1.0,"enemies":"Looter","floor":12.0,"turns":3.0},{"damage":1.0,"enemies":"3 Louse","floor":13.0,"turns":2.0},{"damage":11.0,"enemies":"Fading Forest","floor":16.0,"turns":11.0},{"damage":20,"enemies":"Shell Parasite","floor":18,"turns":5},{"damage":28,"enemies":"3 Byrds","floor":21,"turns":4},{"damage":1,"enemies":"Cultist and Chosen","floor":22,"turns":5},{"damage":50,"enemies":"REME_1_Revenger","floor":25,"turns":4}],"seed_played":"7496069710508585871","potions_obtained":[{"floor":4.0,"key":"Fruit Juice"},{"floor":4.0,"key":"EssenceOfSteel"},{"floor":8.0,"key":"Doom Potion"},{"floor":12.0,"key":"Reflective Coating"},{"floor":21,"key":"Adrenaline Potion"},{"floor":22,"key":"Fire Potion"}],"is_trial":false,"path_per_floor":["M","M","?","?","M","R","M","E","T","R","$","M","M","$","R","B",null,"M","?","?","M","M","R","$","E"],"character_chosen":"THE_SILENT","items_purchased":["Noxious Fumes","Poisoned Stab","Dagger Spray","Infinite Blades"],"campfire_rested":2,"item_purchase_floors":[11,11,14,24],"current_hp_per_floor":[70,70,70,70,70,70,69,56,56,56,56,55,54,54,70,67,70,50,50,50,27,26,48,48,0,0],"gold":74,"neow_bonus":"THREE_ENEMY_KILL","is_daily":false,"chose_seed":false,"campfire_upgraded":2,"win_rate":0.0,"timestamp":1613213214,"path_taken":["M","M","?","?","M","R","M","E","T","R","$","M","?","?","R","BOSS","M","?","?","?","M","R","$","E"],"items_purchased_type":["Card","Card","Card","Card"],"build_version":"2020-11-29","purchased_purges":0,"victory":false,"max_hp_per_floor":[70,70,70,70,70,70,70,70,70,70,70,70,70,70,70,70,70,70,70,70,75,75,75,75,75,75],"card_choices":[{"not_picked":["ReplayTheSpireMod:Speed Training","Hidden Blade"],"picked":"Choke","floor":1.0},{"not_picked":["Quick Slash","Predator"],"picked":"Toxin Wave","floor":2.0},{"not_picked":["hubris:SlightOfHand","Dodge and Roll"],"picked":"Quick Slash","floor":5.0},{"not_picked":["Hidden Blade","Acrobatics"],"picked":"Deadly Poison","floor":7.0},{"not_picked":["Heel Hook","ReplayTheSpireMod:Shiv Toss"],"picked":"Catalyst","floor":8.0},{"not_picked":["Toxin Wave","Flechettes"],"picked":"Poisoned Stab","floor":12.0},{"not_picked":["Accuracy","Cloak And Dagger"],"picked":"Blade Dance","floor":13.0},{"not_picked":["ReplayTheSpireMod:Necrosis","Unload"],"picked":"Venomology","floor":16.0},{"not_picked":["Flying Knee","Dodge and Roll+1"],"picked":"Deflect+1","floor":18},{"not_picked":["Underhanded Strike","Sucker Punch"],"picked":"Slice","floor":21},{"not_picked":["ReplayTheSpireMod:The Works","Poisoned Stab"],"picked":"Flying Knee+1","floor":22}],"player_experience":117622,"relics_obtained":[{"floor":3.0,"key":"Torii"},{"floor":8.0,"key":"infinitespire:Golems Mask"},{"floor":9.0,"key":"hubris:Metronome"}],"event_choices":[{"damage_healed":0.0,"max_hp_gain":0.0,"max_hp_loss":0.0,"gold_gain":0.0,"event_name":"The Woman in Blue","player_choice":"Bought 2 Potions","floor":4.0,"gold_loss":0.0,"damage_taken":0.0},{"damage_healed":0,"gold_gain":0,"player_choice":"Got Potions","damage_taken":0,"max_hp_gain":0,"max_hp_loss":0,"event_name":"Lab","floor":20,"gold_loss":0}],"is_beta":false,"boss_relics":[{"not_picked":["Philosopher\u0027s Stone","Bromod:ArcaneBarrier"],"picked":"Bromod:ArcaneEnergize"}],"items_purged_floors":[],"is_endless":false,"potions_floor_spawned":[8,12,13,21,22],"killed_by":"REME_1_Revenger","ascension_level":0}}