{"host":"6azrrw3tf7wb0f4b","time":1613202355,"event":{"mods":["BaseMod","DeckTracker","Minty Spire (QoL Compilation)","SuperFastMode"],"gold_per_floor":[119,69,244,319,338,338,355,355,355,368,395,395,415,445,445,549,549,560,571,270,287,305,305,230,82,82,82,82,97,110,122,122,221,221,237,29,46,46,57,88,88,88,88,108,108,108],"floor_reached":45,"language":"KOR","playtime":3508,"items_purged":["Strike_B","Defend_B","Barrage"],"score":507,"play_id":"40717106-4fc9-4de1-bb90-a0fd609b5fd9","local_time":"20210213164555","is_ascension_mode":false,"campfire_choices":[{"data":"Dualcast","floor":6,"key":"SMITH"},{"data":"Coolheaded","floor":8,"key":"SMITH"},{"data":"Electrodynamics","floor":15,"key":"SMITH"},{"floor":23,"key":"REST"},{"data":"Buffer","floor":32,"key":"SMITH"},{"floor":42,"key":"REST"}],"circlet_count":0,"master_deck":["Zap","Dualcast+1","Buffer+1","Coolheaded+1","Hologram","Cold Snap","Electrodynamics+1","Conserve Battery","Streamline","Consume","Creative AI","Turbo","Loop","Compile Driver","Ball Lightning","Skim","Multi-Cast","Static Discharge","Steam+1","Madness","Madness","Loop+1","Panache"],"relics":["Cracked Core","Bottled Flame","Ancient Tea Set","Bronze Scales","Busted Crown","MealTicket","Shuriken","Symbiotic Virus","Pandora\u0027s Box","Membership Card","Pantograph"],"acts_visited":["Exordium","TheCity","TheBeyond"],"potions_floor_usage":[10,11,33,40,40,45,45],"damage_taken":[{"damage":0,"enemies":"2 Louse","floor":1,"turns":3},{"damage":4,"enemies":"Jaw Worm","floor":5,"turns":5},{"damage":0,"enemies":"Cultist","floor":7,"turns":4},{"damage":6,"enemies":"Gremlin Gang","floor":10,"turns":6},{"damage":24,"enemies":"Gremlin Nob","floor":11,"turns":5},{"damage":0,"enemies":"3 Louse","floor":13,"turns":1},{"damage":9,"enemies":"Lagavulin","floor":14,"turns":6},{"damage":11,"enemies":"Slime Boss","floor":16,"turns":8},{"damage":0,"enemies":"Spheric Guardian","floor":18,"turns":4},{"damage":0,"enemies":"3 Byrds","floor":19,"turns":2},{"damage":23,"enemies":"Snecko","floor":21,"turns":5},{"damage":38,"enemies":"Centurion and Healer","floor":22,"turns":6},{"damage":2,"enemies":"3 Cultists","floor":29,"turns":3},{"damage":3,"enemies":"Cultist and Chosen","floor":30,"turns":6},{"damage":0,"enemies":"Chosen and Byrds","floor":31,"turns":6},{"damage":0,"enemies":"Collector","floor":33,"turns":8},{"damage":13,"enemies":"3 Darklings","floor":35,"turns":2},{"damage":0,"enemies":"Orb Walker","floor":37,"turns":3},{"damage":3,"enemies":"Transient","floor":39,"turns":5},{"damage":52,"enemies":"Giant Head","floor":40,"turns":12},{"damage":23,"enemies":"3 Darklings","floor":44,"turns":6},{"damage":13,"enemies":"Reptomancer","floor":45,"turns":2}],"seed_played":"-5913797567376780315","potions_obtained":[{"floor":5,"key":"EssenceOfSteel"},{"floor":7,"key":"CultistPotion"},{"floor":16,"key":"CultistPotion"},{"floor":19,"key":"Energy Potion"},{"floor":30,"key":"SkillPotion"},{"floor":39,"key":"SteroidPotion"},{"floor":40,"key":"LiquidBronze"},{"floor":44,"key":"Swift Potion"}],"is_trial":false,"path_per_floor":["M","?","?","?","M","R","M","R","T","M","E","?","M","E","R","B",null,"M","M","$","M","M","R","?","$","T","T","$","M","M","M","R","B",null,"M","$","M","?","M","E","?","R","T","M","E"],"character_chosen":"DEFECT","items_purchased":["Loop","MealTicket","Compile Driver","Membership Card"],"campfire_rested":2,"item_purchase_floors":[20,20,25,36],"current_hp_per_floor":[75,75,75,64,60,60,60,60,60,54,30,30,30,21,21,10,75,75,75,75,52,14,36,36,51,51,51,66,64,61,61,61,61,75,62,75,75,66,63,11,11,33,33,10,0,0],"gold":108,"neow_bonus":"ONE_RANDOM_RARE_CARD","is_daily":false,"chose_seed":false,"campfire_upgraded":4,"win_rate":0.0,"timestamp":1613202355,"path_taken":["M","?","?","?","?","R","M","R","T","M","E","?","?","E","R","BOSS","M","M","$","M","?","R","?","$","T","?","$","M","M","?","R","BOSS","M","$","M","?","M","E","?","R","T","M","E"],"items_purchased_type":["Card","Relic","Card","Relic"],"build_version":"2020-12-22","purchased_purges":3,"victory":false,"max_hp_per_floor":[75,75,75,75,75,75,75,75,75,75,75,75,75,75,75,75,75,75,75,75,75,75,75,75,75,75,75,75,75,75,75,75,75,75,75,75,75,75,75,75,75,75,75,75,75,75],"card_choices":[{"not_picked":["Stack","Static Discharge"],"picked":"Coolheaded","floor":1},{"not_picked":["Barrage","Turbo"],"picked":"Hologram","floor":5},{"not_picked":["Barrage","Redo"],"picked":"Cold Snap","floor":7},{"not_picked":["Streamline","Genetic Algorithm"],"picked":"Electrodynamics","floor":10},{"not_picked":["Static Discharge","Hello World"],"picked":"Conserve Battery","floor":11},{"not_picked":["Beam Cell","Leap"],"picked":"Streamline","floor":13},{"not_picked":["Reinforced Body","Compile Driver"],"picked":"Consume","floor":14},{"not_picked":["All For One","Echo Form"],"picked":"Creative AI","floor":16},{"not_picked":[],"picked":"Turbo","floor":18},{"not_picked":["Cold Snap+1"],"picked":"SKIP","floor":19},{"not_picked":["Go for the Eyes"],"picked":"SKIP","floor":21},{"not_picked":["Blizzard+1"],"picked":"SKIP","floor":22},{"not_picked":["Barrage+1"],"picked":"SKIP","floor":29},{"not_picked":["Streamline"],"picked":"SKIP","floor":30},{"not_picked":[],"picked":"Ball Lightning","floor":31},{"not_picked":[],"picked":"Steam+1","floor":35},{"not_picked":["Redo"],"picked":"SKIP","floor":37},{"not_picked":[],"picked":"Loop+1","floor":39},{"not_picked":["Melter"],"picked":"SKIP","floor":40},{"not_picked":[],"picked":"Panache","floor":41},{"not_picked":["Auto Shields+1"],"picked":"SKIP","floor":44}],"player_experience":773263,"relics_obtained":[{"floor":9,"key":"Bottled Flame"},{"floor":11,"key":"Ancient Tea Set"},{"floor":14,"key":"Bronze Scales"},{"floor":26,"key":"Shuriken"},{"floor":27,"key":"Symbiotic Virus"},{"floor":40,"key":"Pantograph"}],"event_choices":[{"cards_removed":["Strike_B"],"damage_healed":0,"gold_gain":0,"player_choice":"Card Removal","damage_taken":0,"max_hp_gain":0,"max_hp_loss":0,"event_name":"The Cleric","floor":2,"gold_loss":50},{"damage_healed":0,"gold_gain":175,"player_choice":"AGREE","damage_taken":0,"max_hp_gain":0,"max_hp_loss":0,"event_name":"Liars Game","floor":3,"gold_loss":0,"cards_obtained":["Doubt"]},{"damage_healed":0,"gold_gain":75,"player_choice":"Gather Gold","damage_taken":11,"max_hp_gain":0,"max_hp_loss":0,"event_name":"World of Goop","floor":4,"gold_loss":0},{"cards_removed":["Doubt"],"damage_healed":0,"gold_gain":0,"player_choice":"Removed Curses","damage_taken":0,"max_hp_gain":0,"max_hp_loss":0,"event_name":"Fountain of Cleansing","floor":12,"gold_loss":0},{"cards_removed":["Strike_B"],"damage_healed":0,"gold_gain":0,"player_choice":"Gave Gold","damage_taken":0,"max_hp_gain":0,"max_hp_loss":0,"event_name":"Beggar","floor":24,"gold_loss":75},{"damage_healed":0,"gold_gain":0,"player_choice":"Embrace Madness","damage_taken":9,"max_hp_gain":0,"max_hp_loss":0,"event_name":"Winding Halls","floor":38,"gold_loss":0,"cards_obtained":["Madness","Madness"]},{"damage_healed":0,"gold_gain":0,"player_choice":"Memory 1","damage_taken":0,"max_hp_gain":0,"max_hp_loss":0,"event_name":"SensoryStone","floor":41,"gold_loss":0}],"is_beta":false,"boss_relics":[{"not_picked":["SacredBark","Calling Bell"],"picked":"Busted Crown"},{"not_picked":["Cursed Key","Philosopher\u0027s Stone"],"picked":"Pandora\u0027s Box"}],"items_purged_floors":[20,25,36],"is_endless":false,"potions_floor_spawned":[5,7,16,19,30,31,39,40,44],"killed_by":"Reptomancer","ascension_level":0}}