{"host":"bbld1ic1uj90ldt9","time":1613242035,"event":{"mods":["2.2 Compatiblity","AchievementEnabler","Act Like it!","BaseMod","Better Third Choice","Conspire","Downfall","Emptier Cage","Gensokyo","Hallownest","Hermit","Highlight Path","Hubris","Marisa????????","Minty Spire (QoL Compilation)","Random Character Button","Replay The Spire","StSLib","The Animator","The Bug Knight","The Cursed","The Disciple","The Hierophant","The Jungle","The Runesmith","The Servant 0.9.4"],"gold_per_floor":[118,0,10,10,23,40,49,49,49,49,50,50,51,51,51,23,23],"floor_reached":16,"language":"FRA","playtime":1083,"items_purged":[],"score":132,"play_id":"58fea4b1-e0ab-4bad-abec-678d00ec1227","local_time":"20210213194715","is_ascension_mode":true,"campfire_choices":[{"floor":8,"key":"REST"},{"data":"hierophant:ChurchCoffers","floor":12,"key":"SMITH"},{"data":"hierophant:Punish","floor":15,"key":"SMITH"}],"circlet_count":0,"master_deck":["hierophant:Strike_Hierophant","hierophant:Strike_Hierophant","hierophant:Strike_Hierophant","hierophant:Strike_Hierophant","hierophant:Punish+1","hierophant:Defend_Hierophant","hierophant:Defend_Hierophant","hierophant:Defend_Hierophant","hierophant:Defend_Hierophant","hierophant:ChurchCoffers+1","hierophant:Alms+1","hierophant:EyeForCoin","hierophant:Doubloon","hierophant:OrnateBuckler","hierophant:Doubloon","hierophant:MorningPrayer","hierophant:Doubloon","hierophant:Doubloon","hierophant:Refuge","hierophant:Doubloon","hierophant:RepressedViolence","hierophant:Doubloon","hierophant:Doubloon","hierophant:Refuge","hierophant:Doubloon"],"relics":["Busted Crown","Nunchaku","Pear","HornCleat","Hallownest:DreamNailRelic"],"acts_visited":["Hallownest:Greenpath"],"potions_floor_usage":[5,6],"damage_taken":[{"damage":2,"enemies":"Hallownest:2_MossCreeps","floor":1,"turns":4},{"damage":1,"enemies":"Hallownest:monsterHuskWarrior","floor":3,"turns":4},{"damage":0,"enemies":"Hallownest:2_Baldur","floor":5,"turns":2},{"damage":13,"enemies":"Hallownest:eliteVengeflyKing","floor":6,"turns":10},{"damage":12,"enemies":"Hallownest:1_Ooma_and_2_Uuma","floor":7,"turns":11},{"damage":10,"enemies":"Hallownest:MossCreep_and_Mosskin","floor":11,"turns":5},{"damage":11,"enemies":"Hallownest:monsterFoolEater","floor":13,"turns":4},{"damage":62,"enemies":"Hallownest:BossBrokenVessel","floor":16,"turns":12}],"seed_played":"8545552604867720311","potions_obtained":[{"floor":1,"key":"Explosive Potion"},{"floor":5,"key":"Ancient Potion"},{"floor":11,"key":"Block Potion"}],"is_trial":false,"path_per_floor":["M","?","M","$","M","E","M","R","T","?","M","R","M","?","R","B"],"character_chosen":"HIEROPHANT","items_purchased":[],"campfire_rested":1,"item_purchase_floors":[],"current_hp_per_floor":[73,73,72,72,72,69,57,82,82,82,72,72,61,61,61,0,0],"gold":23,"neow_bonus":"BOSS_RELIC","is_daily":false,"chose_seed":false,"campfire_upgraded":2,"win_rate":0.0,"timestamp":1613242035,"path_taken":["M","?","M","$","M","E","M","R","T","?","?","R","M","?","R","BOSS"],"items_purchased_type":[],"build_version":"2020-12-22","purchased_purges":0,"victory":false,"max_hp_per_floor":[75,75,75,75,75,85,85,85,85,85,85,85,85,85,85,85,85],"card_choices":[{"not_picked":[],"picked":"hierophant:Alms","floor":1},{"not_picked":[],"picked":"hierophant:EyeForCoin","floor":3},{"not_picked":[],"picked":"hierophant:OrnateBuckler","floor":5},{"not_picked":[],"picked":"hierophant:MorningPrayer","floor":6},{"not_picked":[],"picked":"hierophant:Refuge","floor":7},{"not_picked":[],"picked":"hierophant:RepressedViolence","floor":11},{"not_picked":[],"picked":"hierophant:Refuge","floor":13}],"player_experience":2303380,"relics_obtained":[{"floor":6,"key":"Pear"},{"floor":9,"key":"HornCleat"}],"event_choices":[],"is_beta":false,"boss_relics":[],"items_purged_floors":[],"is_endless":false,"potions_floor_spawned":[1,5,11],"killed_by":"Hallownest:BossBrokenVessel","ascension_level":1}}