{"host":"2q4w55ev63ot6isg","time":1613253076,"event":{"mods":["Aspiration","BaseMod","Downfall","Hubris","Marisa????????","Minty Spire (QoL Compilation)","Replay The Spire","StSLib","The Cursed","The Jungle","The Servant 0.9.4"],"gold_per_floor":[99,114,28,28,28,47,96,113,113,133,133,43,62,96,115,214,214,214,233,233,39,139,139,139,239,270,290,290,190,208,220,236,338,338,338,357,357,357,357,272,272,272,272,286,301,313,347,4,20,49,66,66,66,66],"floor_reached":52,"language":"ENG","playtime":2144,"items_purged":["Hallucinations"],"score":717,"play_id":"54b48308-d0f7-401d-83cc-db3a3424ccfd","local_time":"20210213135116","is_ascension_mode":true,"campfire_choices":[{"data":"bronze:Replicate","floor":1,"key":"SMITH"},{"data":"bronze:BuggyMess","floor":9,"key":"SMITH"},{"data":"bronze:BuggyMess","floor":11,"key":"SMITH"},{"floor":18,"key":"DIG"},{"data":"bronze:DonuBeam","floor":23,"key":"SMITH"},{"data":"bronze:Iterate","floor":29,"key":"SMITH"},{"floor":35,"key":"DIG"}],"circlet_count":0,"master_deck":["bronze:Defend","bronze:Defend","bronze:Defend+1","bronze:Replicate+1","bronze:Goto","bronze:BuggyMess+1","bronze:Optimize+1","bronze:MaxOutput","bronze:BuggyMess+1","bronze:ChosenStrike","bronze:Frontload","bronze:Iterate+1","bronze:BronzeArmor","bronze:Format","bronze:Frontload+1","Slimebound:Tackle+1","Slimebound:Tackle+1","Slimebound:Tackle+1","bronze:Terminator+1","expansioncontent:StudyTheSpire+1","bronze:DonuBeam+1","bronze:DecaBeam","bronze:Branch+1","bronze:Shell","bronze:Format+1","bronze:GetLatest","bronze:Terminator","bronze:Library+1","bronze:Boost","bronze:Overheat+1","expansioncontent:QuickStudy+1","bronze:FineTuning+1","bronze:AlphaBuild+1","bronze:Flail","expansioncontent:QuickStudy+1","Pot Of Greed+1","Pot Of Greed+1","Pot Of Greed+1","bronze:DelayedSlice+1","Pot Of Greed","bronze:ThunderWave+1"],"relics":["bronze:BronzeCore","Slimebound:StickyStick","Ring of Fury","ReplayTheSpireMod:Ring of Addiction","Toy Ornithopter","White Beast Statue","Replay:Wax Seal","Mummified Hand","Coffee Dripper","Golden Egg","Omamori","Potion Belt","Letter Opener","downfall:HeartBlessingGreen","SacredBark","bronze:BronzeIdol","Ornamental Fan","hubris:Icosahedron","downfall:TeleportStone","hubris:DeckOfHolding","Torii","Grinning Jar","Iron Hammer"],"acts_visited":["Exordium","TheCity","TheBeyond"],"potions_floor_usage":[8,10,12,13,14,16,19,21,22,25,25,25,26,30,31,33,33,40,44,45,46,47,49,49,50,52,52,52,52],"damage_taken":[{"damage":1,"enemies":"Cultist","floor":2,"turns":3},{"damage":2,"enemies":"downfall:FleeingMerchant","floor":3,"turns":4},{"damage":5,"enemies":"2 Louse","floor":6,"turns":2},{"damage":0,"enemies":"Small Slimes","floor":8,"turns":3},{"damage":9,"enemies":"Blue Slaver","floor":10,"turns":2},{"damage":0,"enemies":"downfall:FleeingMerchant","floor":12,"turns":4},{"damage":0,"enemies":"Large Slime","floor":13,"turns":3},{"damage":5,"enemies":"3 Sentries","floor":14,"turns":4},{"damage":0,"enemies":"Lots of Slimes","floor":15,"turns":3},{"damage":4,"enemies":"WA_ARCHETYPE_RETAIN","floor":16,"turns":4},{"damage":0,"enemies":"3 Byrds","floor":19,"turns":3},{"damage":8,"enemies":"downfall:FleeingMerchant","floor":21,"turns":4},{"damage":8,"enemies":"downfall:FleeingMerchant","floor":22,"turns":6},{"damage":17,"enemies":"downfall:LadyInBlue","floor":25,"turns":4},{"damage":5,"enemies":"Replay:Snechameleon","floor":26,"turns":4},{"damage":0,"enemies":"Spheric Guardian","floor":27,"turns":2},{"damage":2,"enemies":"Cultist and Chosen","floor":30,"turns":2},{"damage":0,"enemies":"3 Cultists","floor":31,"turns":3},{"damage":0,"enemies":"Chosen and Byrds","floor":32,"turns":2},{"damage":0,"enemies":"SI_MIRROR_ARCHETYPE","floor":33,"turns":5},{"damage":0,"enemies":"Orb Walker","floor":36,"turns":2},{"damage":0,"enemies":"downfall:FleeingMerchant","floor":40,"turns":1},{"damage":0,"enemies":"3 Shapes","floor":44,"turns":4},{"damage":3,"enemies":"Spire Growth","floor":45,"turns":4},{"damage":23,"enemies":"Writhing Mass","floor":46,"turns":3},{"damage":20,"enemies":"Reptomancer","floor":47,"turns":5},{"damage":0,"enemies":"Transient","floor":49,"turns":5},{"damage":24,"enemies":"Nemesis","floor":50,"turns":5},{"damage":7,"enemies":"Sphere and 2 Shapes","floor":51,"turns":2},{"damage":26,"enemies":"DF_ARCHETYPE_ORBS","floor":52,"turns":2}],"seed_played":"-776284893833640812","potions_obtained":[{"floor":2,"key":"PowerPotion"},{"floor":4,"key":"Dexterity Potion"},{"floor":4,"key":"Energy Potion"},{"floor":6,"key":"bronze:FreeFunctionsPotion"},{"floor":8,"key":"Adrenaline Potion"},{"floor":10,"key":"Regen Potion"},{"floor":12,"key":"Swift Potion"},{"floor":13,"key":"LifebloodPotion"},{"floor":14,"key":"Elixir"},{"floor":16,"key":"Elixir"},{"floor":19,"key":"Elixir"},{"floor":21,"key":"Death Potion"},{"floor":22,"key":"champ:CounterPotion"},{"floor":25,"key":"Slimebound:ThreeZeroPotion"},{"floor":25,"key":"PowerPotion"},{"floor":25,"key":"Ancient Potion"},{"floor":25,"key":"DuplicationPotion"},{"floor":26,"key":"Elixir"},{"floor":27,"key":"champ:CounterPotion"},{"floor":30,"key":"BlessingOfTheForge"},{"floor":31,"key":"Swift Potion"},{"floor":33,"key":"bronze:BurnAndBuffPotion"},{"floor":36,"key":"hexamod:SoulburnPotion"},{"floor":40,"key":"Doom Potion"},{"floor":44,"key":"Venom Potion"},{"floor":45,"key":"Fire Potion"},{"floor":46,"key":"Cursed Concoction"},{"floor":47,"key":"Explosive Potion"},{"floor":49,"key":"sneckomod:MuddlingPotion"},{"floor":50,"key":"Venom Potion"},{"floor":51,"key":"Swift Potion"}],"is_trial":false,"path_per_floor":["R","M","$","?","?","M","T","M","R","M","R","$","M","E","M","B",null,"R","M","?","$","?","R","T","?","E","M","?","R","M","M","M","B",null,"R","M","?","PTL","PTL","$","?","?","T","M","M","M","E","$","M","E","M","B"],"character_chosen":"THE_AUTOMATON","items_purchased":["bronze:MaxOutput","expansioncontent:StudyTheSpire","expansioncontent:QuickStudy","Ornamental Fan","expansioncontent:QuickStudy+1","Grinning Jar"],"campfire_rested":0,"item_purchase_floors":[3,21,40,40,48,48],"current_hp_per_floor":[70,69,67,67,67,62,62,67,67,59,59,68,68,63,63,64,68,68,68,68,60,57,57,57,55,55,55,47,47,50,55,55,65,66,66,66,64,64,64,62,62,62,62,60,57,37,22,22,32,13,6,0,0,0],"gold":66,"neow_bonus":"RANDOM_COMMON_RELIC","is_daily":false,"chose_seed":false,"campfire_upgraded":5,"win_rate":0.0,"timestamp":1613253076,"path_taken":["R","M","?","?","?","M","T","M","R","M","R","?","?","E","M","BOSS","R","M","?","$","?","R","T","?","E","?","?","R","M","M","M","BOSS","R","M","?","PTL","PTL","$","?","?","T","?","M","M","E","$","M","E","M","BOSS"],"items_purchased_type":["Card","Card","Card","Relic","Card","Relic"],"build_version":"2020-12-22","purchased_purges":1,"victory":false,"max_hp_per_floor":[70,70,70,70,70,70,70,68,68,68,68,68,68,68,68,68,68,68,68,68,68,68,68,68,68,68,68,68,68,66,66,66,66,66,66,66,64,64,64,62,62,62,62,60,60,60,60,60,60,60,60,60,60,60],"card_choices":[{"not_picked":["bronze:MaxOutput","bronze:Constructor"],"picked":"bronze:BuggyMess","floor":2},{"not_picked":["bronze:Shield","bronze:Turbo"],"picked":"bronze:Optimize","floor":3},{"not_picked":["bronze:BugBarrage","bronze:WildBeam"],"picked":"bronze:BuggyMess","floor":6},{"not_picked":["bronze:ForLoop","bronze:Shield"],"picked":"bronze:ChosenStrike","floor":8},{"not_picked":["bronze:DelayedSlice","bronze:OilSpill"],"picked":"bronze:Frontload","floor":10},{"not_picked":["bronze:Backtrace","bronze:GetLatest"],"picked":"bronze:Iterate","floor":12},{"not_picked":["bronze:WildBeam","bronze:Frontload","bronze:BitShift"],"picked":"SKIP","floor":13},{"not_picked":["bronze:CutThrough","bronze:Constructor"],"picked":"bronze:BronzeArmor","floor":14},{"not_picked":["bronze:HyperBeam","bronze:Invalidate","bronze:Safeguard"],"picked":"SKIP","floor":15},{"not_picked":["bronze:Assembly","bronze:RecursiveStrike"],"picked":"bronze:Format","floor":16},{"not_picked":["bronze:ForLoop","bronze:Boost"],"picked":"bronze:Frontload+1","floor":19},{"not_picked":["bronze:Branch","bronze:ForLoop"],"picked":"bronze:Terminator+1","floor":21},{"not_picked":[],"picked":"bronze:DonuBeam","floor":22},{"not_picked":[],"picked":"bronze:DecaBeam","floor":22},{"not_picked":["bronze:DelayedSlice","bronze:BitShift"],"picked":"bronze:Branch+1","floor":22},{"not_picked":["bronze:Overheat+1","bronze:WildBeam"],"picked":"bronze:Shell","floor":25},{"not_picked":["bronze:BugBarrage","bronze:Shield"],"picked":"bronze:Format","floor":26},{"not_picked":["bronze:WhirlingStrike","bronze:FineTuning","bronze:ForLoop+1"],"picked":"SKIP","floor":27},{"not_picked":["bronze:BugBarrage+1","bronze:WhirlingStrike","bronze:OilSpill"],"picked":"SKIP","floor":30},{"not_picked":["bronze:BugBarrage","bronze:ClassDefault"],"picked":"bronze:GetLatest","floor":31},{"not_picked":["bronze:Deprecate","bronze:CutThrough"],"picked":"bronze:Terminator","floor":32},{"not_picked":["bronze:CleanCode","bronze:Assembly"],"picked":"bronze:Library","floor":33},{"not_picked":["bronze:BitShift+1","bronze:DelayedGuard"],"picked":"bronze:Boost","floor":36},{"not_picked":["bronze:WildBeam","bronze:Invalidate"],"picked":"bronze:Overheat+1","floor":40},{"not_picked":["bronze:NullPointer","bronze:Optimize"],"picked":"bronze:FineTuning+1","floor":44},{"not_picked":["bronze:Backtrace","bronze:ForceShield"],"picked":"bronze:AlphaBuild","floor":45},{"not_picked":["bronze:Refactor","bronze:WhirlingStrike","bronze:Overheat"],"picked":"SKIP","floor":46},{"not_picked":["bronze:Branch","bronze:OilSpill+1"],"picked":"bronze:Flail","floor":47},{"not_picked":["bronze:Shell+1","bronze:WhirlingStrike+1"],"picked":"bronze:DelayedSlice+1","floor":49},{"not_picked":["bronze:Turbo+1","bronze:Allocate"],"picked":"bronze:ThunderWave","floor":50},{"not_picked":["bronze:WhirlingStrike+1","bronze:DarkDash+1","bronze:Shield"],"picked":"SKIP","floor":51}],"player_experience":249968,"relics_obtained":[{"floor":4,"key":"Ring of Fury"},{"floor":4,"key":"ReplayTheSpireMod:Ring of Addiction"},{"floor":4,"key":"Toy Ornithopter"},{"floor":4,"key":"White Beast Statue"},{"floor":7,"key":"Replay:Wax Seal"},{"floor":14,"key":"Mummified Hand"},{"floor":18,"key":"Golden Egg"},{"floor":24,"key":"Omamori"},{"floor":25,"key":"Potion Belt"},{"floor":26,"key":"Letter Opener"},{"floor":35,"key":"bronze:BronzeIdol"},{"floor":43,"key":"hubris:DeckOfHolding"},{"floor":47,"key":"Torii"},{"floor":50,"key":"Iron Hammer"}],"event_choices":[],"is_beta":false,"boss_relics":[{"not_picked":["hubris:ScarierMask","Sozu"],"picked":"Coffee Dripper"},{"not_picked":["hubris:CrackedHourglass","Philosopher\u0027s Stone"],"picked":"SacredBark"}],"items_purged_floors":[12],"is_endless":false,"potions_floor_spawned":[2,6,8,10,12,13,14,15,16,19,21,22,25,26,27,30,31,32,33,36,40,44,45,46,47,49,50,51],"killed_by":"DF_ARCHETYPE_ORBS","ascension_level":2}}