{"host":"xvcswx52z80fmg13","time":1613251874,"event":{"mods":["BaseMod","Colored Map","Colored Powertips","Highlight Path","Minty Spire (QoL Compilation)"],"gold_per_floor":[118,131,61,76,76,111,127,127,152,77,111,128,141,153,153,253,253,263,263,123,152,27,56,56,56,56,56,56,75,106,117,117,222,222,240,257,269,318,338,338,358,358,358,370,136,186,186,200,200,200],"floor_reached":51,"language":"ENG","playtime":4193,"items_purged":["Strike_G","Envenom","Strike_G"],"score":749,"play_id":"92acc569-7299-454e-8a2e-4669185f3ab9","local_time":"20210213173114","is_ascension_mode":false,"campfire_choices":[{"data":"Crippling Poison","floor":8,"key":"SMITH"},{"data":"Bouncing Flask","floor":15,"key":"SMITH"},{"data":"Burst","floor":24,"key":"SMITH"},{"data":"Catalyst","floor":28,"key":"SMITH"},{"data":"Noxious Fumes","floor":32,"key":"SMITH"},{"floor":40,"key":"DIG"},{"floor":47,"key":"DIG"},{"floor":49,"key":"DIG"}],"circlet_count":0,"master_deck":["Defend_G","Defend_G","Defend_G","Defend_G","Survivor","Neutralize","Corpse Explosion","Deadly Poison","Crippling Poison+1","Leg Sweep","Deflect","Escape Plan","Deadly Poison","Bouncing Flask+1","Deflect","Adrenaline","Noxious Fumes+1","Burst+1","Escape Plan","Expertise+1","Catalyst+1","Noxious Fumes+1","Dodge and Roll+1","Bouncing Flask+1","Deadly Poison+1","Backflip+1","Catalyst","Apotheosis","Bouncing Flask+1","Prepared+1"],"relics":["Ring of the Snake","Anchor","Happy Flower","Art of War","Pen Nib","Coffee Dripper","Red Mask","Peace Pipe","HoveringKite","Shovel","StoneCalendar","Frozen Egg 2","FossilizedHelix","Prayer Wheel","Gambling Chip"],"acts_visited":["Exordium","TheCity","TheBeyond"],"potions_floor_usage":[6,6,16,16,21,38,50],"damage_taken":[{"damage":1,"enemies":"Cultist","floor":1,"turns":4},{"damage":0,"enemies":"Small Slimes","floor":2,"turns":5},{"damage":0,"enemies":"Jaw Worm","floor":4,"turns":4},{"damage":1,"enemies":"3 Sentries","floor":6,"turns":3},{"damage":0,"enemies":"Looter","floor":7,"turns":3},{"damage":3,"enemies":"Lagavulin","floor":11,"turns":5},{"damage":0,"enemies":"3 Louse","floor":12,"turns":2},{"damage":0,"enemies":"Blue Slaver","floor":13,"turns":3},{"damage":0,"enemies":"Looter","floor":14,"turns":3},{"damage":42,"enemies":"Slime Boss","floor":16,"turns":12},{"damage":0,"enemies":"Shell Parasite","floor":18,"turns":3},{"damage":0,"enemies":"Masked Bandits","floor":21,"turns":1},{"damage":13,"enemies":"Gremlin Leader","floor":23,"turns":4},{"damage":0,"enemies":"Spheric Guardian","floor":29,"turns":2},{"damage":0,"enemies":"Slavers","floor":30,"turns":3},{"damage":0,"enemies":"Centurion and Healer","floor":31,"turns":4},{"damage":15,"enemies":"Collector","floor":33,"turns":4},{"damage":0,"enemies":"3 Darklings","floor":35,"turns":2},{"damage":0,"enemies":"3 Shapes","floor":36,"turns":4},{"damage":12,"enemies":"Spire Growth","floor":37,"turns":5},{"damage":41,"enemies":"2 Orb Walkers","floor":38,"turns":5},{"damage":0,"enemies":"Jaw Worm Horde","floor":39,"turns":2},{"damage":0,"enemies":"Transient","floor":41,"turns":5},{"damage":0,"enemies":"Sphere and 2 Shapes","floor":44,"turns":3},{"damage":0,"enemies":"Mind Bloom Boss Battle","floor":46,"turns":5},{"damage":0,"enemies":"Writhing Mass","floor":48,"turns":3},{"damage":0,"enemies":"Time Eater","floor":50,"turns":4}],"seed_played":"3744895879492118416","potions_obtained":[{"floor":1,"key":"Energy Potion"},{"floor":2,"key":"SneckoOil"},{"floor":4,"key":"SkillPotion"},{"floor":13,"key":"AttackPotion"},{"floor":14,"key":"SkillPotion"},{"floor":16,"key":"Fire Potion"},{"floor":30,"key":"Block Potion"},{"floor":39,"key":"Weak Potion"},{"floor":41,"key":"LiquidBronze"},{"floor":44,"key":"DuplicationPotion"},{"floor":48,"key":"SkillPotion"}],"is_trial":false,"path_per_floor":["M","M","$","M","?","E","M","R","T","$","E","M","M","M","R","B",null,"M","?","$","?","$","E","R","?","T","?","R","M","E","M","R","B",null,"M","M","M","?","M","R","M","?","T","M","$","?","R","M","R","B",null],"character_chosen":"THE_SILENT","items_purchased":["Crippling Poison","Escape Plan","Catalyst","Apotheosis"],"campfire_rested":0,"item_purchase_floors":[3,20,45,45],"current_hp_per_floor":[69,69,69,69,69,68,68,68,68,68,65,65,65,65,65,23,70,70,70,70,70,70,57,57,57,57,57,57,57,57,57,57,42,70,70,70,58,17,17,17,17,17,17,17,17,17,17,17,17,17],"gold":200,"neow_bonus":"ONE_RANDOM_RARE_CARD","is_daily":false,"chose_seed":false,"campfire_upgraded":5,"win_rate":0.0,"timestamp":1613251874,"path_taken":["M","?","$","M","?","E","M","R","T","?","E","M","M","M","R","BOSS","M","?","$","?","$","E","R","?","T","?","R","M","E","M","R","BOSS","M","M","M","?","M","R","M","?","T","?","$","?","R","M","R","BOSS"],"items_purchased_type":["Card","Card","Card","Card"],"build_version":"2020-12-22","purchased_purges":3,"victory":true,"max_hp_per_floor":[70,70,70,70,70,70,70,70,70,70,70,70,70,70,70,70,70,70,70,70,70,70,70,70,70,70,70,70,70,70,70,70,70,70,70,70,70,70,70,70,70,70,70,70,70,70,70,70,70,70],"card_choices":[{"not_picked":["Concentrate","Dagger Spray","Dodge and Roll"],"picked":"SKIP","floor":1},{"not_picked":["Dodge and Roll","Setup"],"picked":"Deadly Poison","floor":2},{"not_picked":["Grand Finale","Bane"],"picked":"Leg Sweep","floor":4},{"not_picked":["Dagger Spray","Backstab"],"picked":"Deflect","floor":6},{"not_picked":["Infinite Blades","Backstab"],"picked":"Escape Plan","floor":7},{"not_picked":["Slice","Accuracy"],"picked":"Deadly Poison","floor":11},{"not_picked":["PiercingWail","Sucker Punch"],"picked":"Bouncing Flask","floor":12},{"not_picked":["PiercingWail","Tools of the Trade"],"picked":"Deflect","floor":13},{"not_picked":["Cloak And Dagger","Blade Dance","Deflect"],"picked":"SKIP","floor":14},{"not_picked":["Bullet Time","Unload"],"picked":"Adrenaline","floor":16},{"not_picked":["PiercingWail+1","Caltrops"],"picked":"Noxious Fumes","floor":18},{"not_picked":["Acrobatics","PiercingWail"],"picked":"Expertise+1","floor":23},{"not_picked":["Flying Knee+1","Slice","Poisoned Stab"],"picked":"SKIP","floor":29},{"not_picked":["Well Laid Plans","PiercingWail","Caltrops"],"picked":"SKIP","floor":30},{"not_picked":["Well Laid Plans","Dagger Throw"],"picked":"Noxious Fumes+1","floor":31},{"not_picked":["Underhanded Strike","Acrobatics+1"],"picked":"Dodge and Roll+1","floor":35},{"not_picked":["Acrobatics+1","Leg Sweep"],"picked":"Bouncing Flask+1","floor":36},{"not_picked":["Poisoned Stab+1","Dash+1","Distraction"],"picked":"SKIP","floor":37},{"not_picked":["Dash","Dagger Throw"],"picked":"Deadly Poison+1","floor":38},{"not_picked":["Glass Knife","Flechettes","Sucker Punch"],"picked":"SKIP","floor":39},{"not_picked":["PiercingWail+1","Well Laid Plans+1","Tactician"],"picked":"SKIP","floor":41},{"not_picked":["PiercingWail","Masterful Stab"],"picked":"Backflip+1","floor":44},{"not_picked":["Outmaneuver+1","Footwork+1"],"picked":"Bouncing Flask+1","floor":46},{"not_picked":["Finisher+1","Accuracy+1"],"picked":"Prepared+1","floor":48},{"not_picked":["Cloak And Dagger+1","Quick Slash+1","Bane+1"],"picked":"SKIP","floor":48}],"player_experience":1327994,"relics_obtained":[{"floor":6,"key":"Happy Flower"},{"floor":9,"key":"Art of War"},{"floor":11,"key":"Pen Nib"},{"floor":21,"key":"Red Mask"},{"floor":30,"key":"Peace Pipe"},{"floor":38,"key":"Shovel"},{"floor":40,"key":"StoneCalendar"},{"floor":43,"key":"Frozen Egg 2"},{"floor":46,"key":"FossilizedHelix"},{"floor":47,"key":"Prayer Wheel"},{"floor":49,"key":"Gambling Chip"}],"event_choices":[{"damage_healed":0,"gold_gain":0,"player_choice":"Gave Potion","damage_taken":0,"relics_obtained":["Anchor"],"max_hp_gain":0,"max_hp_loss":0,"event_name":"WeMeetAgain","floor":5,"gold_loss":0},{"damage_healed":0,"gold_gain":0,"cards_transformed":["Strike_G","Strike_G"],"player_choice":"Became Test Subject","damage_taken":0,"max_hp_gain":0,"max_hp_loss":0,"event_name":"Drug Dealer","floor":19,"gold_loss":0,"cards_obtained":["Burst","Envenom"]},{"damage_healed":0,"gold_gain":0,"player_choice":"Fought Bandits","damage_taken":0,"max_hp_gain":0,"max_hp_loss":0,"event_name":"Masked Bandits","floor":21,"gold_loss":0},{"cards_removed":["Strike_G"],"damage_healed":0,"gold_gain":0,"player_choice":"Elegance","damage_taken":0,"max_hp_gain":0,"max_hp_loss":0,"event_name":"Back to Basics","floor":25,"gold_loss":0},{"damage_healed":0,"gold_gain":0,"player_choice":"Read","damage_taken":0,"max_hp_gain":0,"max_hp_loss":0,"event_name":"The Library","floor":27,"gold_loss":0,"cards_obtained":["Catalyst"]},{"damage_healed":0,"gold_gain":0,"player_choice":"Fight","damage_taken":0,"max_hp_gain":0,"max_hp_loss":0,"event_name":"Mysterious Sphere","floor":38,"gold_loss":0},{"cards_removed":["Defend_G"],"damage_healed":0,"gold_gain":0,"player_choice":"Purged","damage_taken":0,"max_hp_gain":0,"max_hp_loss":0,"event_name":"Purifier","floor":42,"gold_loss":0},{"damage_healed":0,"gold_gain":0,"player_choice":"Fight","damage_taken":0,"max_hp_gain":0,"max_hp_loss":0,"event_name":"MindBloom","floor":46,"gold_loss":0}],"is_beta":false,"boss_relics":[{"not_picked":["Velvet Choker","Black Star"],"picked":"Coffee Dripper"},{"not_picked":["Astrolabe","Philosopher\u0027s Stone"],"picked":"HoveringKite"}],"items_purged_floors":[10,20,22],"is_endless":false,"potions_floor_spawned":[1,2,4,13,14,16,23,30,39,41,44,48],"ascension_level":0}}