{"host":"6jrnojxwearbrjzo","time":1613228507,"event":{"mods":["BaseMod","Conspire","Minty Spire (QoL Compilation)","MostiFishMod","Quick Restart","Random Character Button","Spicy Shops","StSLib","The Servant 0.9.4","[功能]功能增强和修复MOD","篝火指南"],"gold_per_floor":[110,110,36,55,66,94,94,124,124,156,85,85,113,113,113,213,213,232,243,6,6,6,6,36,111,111,131,156,173,205,219,219,320,320,336,351,311,311,311,324,351,346,346,346,346,361,391,408,408,1608],"floor_reached":51,"language":"ZHS","playtime":1411,"items_purged":["Defend_B","Defend_B","Strike_B","Regret","Strike_B","Strike_B","Defend_B","Strike_B","Dualcast","Defend_B","Turbo","MostiFishMod:GatherIntelligence","Sweeping Beam","Ball Lightning","Cold Snap"],"score":1749,"play_id":"c30e5f44-0355-4640-818f-262846f4aec0","local_time":"20210213230147","is_ascension_mode":true,"campfire_choices":[{"data":"Double Energy","floor":7,"key":"SMITH"},{"data":"Fission","floor":15,"key":"SMITH"},{"data":"Gash","floor":23,"key":"SMITH"},{"data":"MostiFishMod:TalkingToTheRain","floor":32,"key":"SMITH"},{"data":"MostiFishMod:ButterFly","floor":44,"key":"SMITH"},{"data":"MostiFishMod:DeathFromBelow","floor":49,"key":"SMITH"}],"circlet_count":0,"master_deck":["Meteor Strike+1","Gash+1","Double Energy+1","Fission+1","Genetic Algorithm+1","MostiFishMod:TalkingToTheRain+1","Gash+1","Seek+1","MostiFishMod:ButterFly+1","Hologram+1","MostiFishMod:DeathFromBelow+1"],"relics":["DaveBox","PatriotShield","HereWithMe","SynthV:TestCard","Singing Bowl","conspire:TopHat","Bottled Lightning","Kunai","Vajra","Strange Spoon","StrikeDummy","Black Star","BirthdayGift-Tetrahedron","Darkstone Periapt","ImprovedEquipment","Mercury Hourglass","Pen Nib","Question Card","Blood Vial","Potion Belt","conspire:RoyalGoblet","DiscerningMonocle","Pantograph","Incense Burner","Sundial","conspire:DeflatedDodgeball","Orrery","Peace Pipe","Symbiotic Virus","conspire:TreasureMap","Strawberry","Happy Flower","Nunchaku","Bottled Tornado","Chemical X","HornCleat","TimeFreeze","HandDrill","Whetstone","War Paint","Ancient Tea Set","Meat on the Bone","DaCapo"],"acts_visited":["Exordium","TheCity","TheBeyond"],"potions_floor_usage":[16,50,50],"damage_taken":[{"damage":0,"enemies":"Jaw Worm","floor":1,"turns":2},{"damage":0,"enemies":"Cultist","floor":4,"turns":2},{"damage":0,"enemies":"Small Slimes","floor":5,"turns":1},{"damage":0,"enemies":"Lagavulin","floor":6,"turns":2},{"damage":0,"enemies":"3 Sentries","floor":8,"turns":1},{"damage":0,"enemies":"Lagavulin","floor":10,"turns":2},{"damage":0,"enemies":"Gremlin Nob","floor":13,"turns":1},{"damage":0,"enemies":"The Guardian","floor":16,"turns":1},{"damage":0,"enemies":"Shell Parasite","floor":18,"turns":1},{"damage":0,"enemies":"Spheric Guardian","floor":19,"turns":1},{"damage":0,"enemies":"conspire:SneckoGhost","floor":24,"turns":1},{"damage":0,"enemies":"Cultist and Chosen","floor":27,"turns":1},{"damage":0,"enemies":"Gremlin Leader","floor":28,"turns":1},{"damage":0,"enemies":"Snecko","floor":29,"turns":1},{"damage":0,"enemies":"Book of Stabbing","floor":30,"turns":1},{"damage":0,"enemies":"Centurion and Healer","floor":31,"turns":1},{"damage":2,"enemies":"Automaton","floor":33,"turns":2},{"damage":0,"enemies":"3 Darklings","floor":35,"turns":1},{"damage":0,"enemies":"Orb Walker","floor":36,"turns":1},{"damage":0,"enemies":"Jaw Worm Horde","floor":40,"turns":1},{"damage":0,"enemies":"Nemesis","floor":41,"turns":1},{"damage":0,"enemies":"3 Darklings","floor":46,"turns":1},{"damage":2,"enemies":"Giant Head","floor":47,"turns":2},{"damage":0,"enemies":"Sphere and 2 Shapes","floor":48,"turns":1},{"damage":0,"enemies":"Awakened One","floor":50,"turns":2}],"seed_played":"1599034855464329615","potions_obtained":[{"floor":4,"key":"Energy Potion"},{"floor":5,"key":"GamblersBrew"},{"floor":14,"key":"DuplicationPotion"},{"floor":14,"key":"PowerPotion"},{"floor":16,"key":"EssenceOfDarkness"},{"floor":30,"key":"ColorlessPotion"},{"floor":31,"key":"Block Potion"},{"floor":33,"key":"FairyPotion"},{"floor":41,"key":"Strength Potion"}],"is_trial":false,"path_per_floor":["M","?","$","M","M","E","R","E","T","E","$","?","E","?","R","B",null,"M","M","$","?","$","R","E","?","T","M","E","M","E","M","R","B",null,"M","M","$","?","?","M","E","$","T","R","$","M","E","M","R","B",null],"character_chosen":"DEFECT","items_purchased":["Turbo","Meteor Strike","Swift Potion","Vajra","Strange Spoon","BirthdayGift-Tetrahedron","DiscerningMonocle","Pantograph","Incense Burner","Sundial","conspire:DeflatedDodgeball","Orrery","conspire:TreasureMap","Strawberry","Happy Flower","Nunchaku","Bottled Tornado","Chemical X","TimeFreeze","HandDrill","Whetstone","War Paint","Ancient Tea Set"],"campfire_rested":0,"item_purchase_floors":[3,3,3,11,11,20,37,37,37,37,37,37,42,42,42,42,42,42,45,45,45,45,45],"current_hp_per_floor":[68,68,68,68,68,68,68,68,68,68,68,68,68,68,68,70,75,77,79,79,79,79,79,79,71,71,73,75,77,77,79,79,79,85,89,91,97,97,97,99,101,108,108,108,108,108,110,110,110,110],"gold":1608,"neow_bonus":"BOSS_RELIC","is_daily":false,"chose_seed":false,"campfire_upgraded":6,"win_rate":0.0,"timestamp":1613228507,"path_taken":["M","?","$","M","?","E","R","E","T","E","?","?","E","?","R","BOSS","M","M","$","?","$","R","E","?","T","M","E","?","E","M","R","BOSS","M","M","$","?","?","M","E","$","T","R","$","M","E","M","R","BOSS"],"items_purchased_type":["Card","Card","Potion","Relic","Relic","Relic","Relic","Relic","Relic","Relic","Relic","Relic","Relic","Relic","Relic","Relic","Relic","Relic","Relic","Relic","Relic","Relic","Relic"],"build_version":"2020-12-22","purchased_purges":15,"victory":true,"max_hp_per_floor":[75,75,75,75,75,75,75,75,75,75,75,75,75,75,75,77,77,79,81,81,81,81,81,81,81,81,83,85,87,87,87,87,87,87,89,91,97,97,97,99,101,108,108,108,108,108,110,110,110,110],"card_choices":[{"not_picked":["BootSequence","Hologram"],"picked":"Ball Lightning","floor":1},{"not_picked":["Turbo","Recycle","Beam Cell","MostiFishMod:PushDownKick"],"picked":"Doom and Gloom","floor":4},{"not_picked":["Cold Snap","Reinforced Body","Compile Driver","Beam Cell"],"picked":"Gash","floor":5},{"not_picked":["Rebound","Go for the Eyes","Barrage","Recycle"],"picked":"Double Energy","floor":6},{"not_picked":["MostiFishMod:Nova","Capacitor","Steam","Force Field"],"picked":"Cold Snap","floor":8},{"not_picked":["MostiFishMod:ReprogramOld","Loop","Ball Lightning","Conserve Battery"],"picked":"Sweeping Beam","floor":10},{"not_picked":["Buffer","Stack","Barrage","Meteor Strike"],"picked":"Fission","floor":13},{"not_picked":["MostiFishMod:Nova","Seek","Core Surge","Echo Form","All For One"],"picked":"Singing Bowl","floor":16},{"not_picked":["Capacitor","Conserve Battery+1","Redo","Static Discharge+1","Steam"],"picked":"Singing Bowl","floor":18},{"not_picked":["Storm+1","MostiFishMod:Impulse+1","Beam Cell","Rebound+1","Sweeping Beam"],"picked":"Singing Bowl","floor":19},{"not_picked":["Hologram","Rebound","Redo+1","Coolheaded"],"picked":"Genetic Algorithm","floor":24},{"not_picked":["Seek","Reinforced Body","Darkness","MostiFishMod:ReprogramOld","Loop"],"picked":"Singing Bowl","floor":27},{"not_picked":["Coolheaded","Doom and Gloom","Rebound+1","Genetic Algorithm","MostiFishMod:PushDownKick"],"picked":"Singing Bowl","floor":28},{"not_picked":["Hello World+1","Turbo","Redo","Rip and Tear+1","Darkness+1","Coolheaded"],"picked":"Singing Bowl","floor":29},{"not_picked":["Turbo","Doom and Gloom+1","Rebound","Recycle","MostiFishMod:IceShield"],"picked":"MostiFishMod:GatherIntelligence","floor":30},{"not_picked":["MostiFishMod:Impulse","Streamline","Coolheaded","Cold Snap","Ball Lightning"],"picked":"MostiFishMod:TalkingToTheRain","floor":31},{"not_picked":["Thunder Strike","Electrodynamics","All For One","Reboot","MostiFishMod:StrandedSiren"],"picked":"MostiFishMod:ATRI","floor":33},{"not_picked":["MostiFishMod:IceShield","Rebound","Ball Lightning","Sunder+1","Turbo+1","Go for the Eyes"],"picked":"Singing Bowl","floor":35},{"not_picked":["Go for the Eyes+1","Steam","BootSequence","Reinforced Body","Conserve Battery+1","Hello World"],"picked":"Singing Bowl","floor":36},{"not_picked":["Beam Cell+1","Echo Form","MostiFishMod:Hijack","Coolheaded","Fusion"],"picked":"Gash+1","floor":37},{"not_picked":["Rebound","Leap+1","MostiFishMod:SeaWaves","Chill+1","Barrage+1","Consume+1"],"picked":"Singing Bowl","floor":37},{"not_picked":["Go for the Eyes+1","Leap","Cold Snap","Rip and Tear","Compile Driver","Echo Form"],"picked":"Singing Bowl","floor":37},{"not_picked":["conspire:SharedLibrary","Cold Snap+1","Genetic Algorithm","Force Field","Streamline+1","Beam Cell"],"picked":"Singing Bowl","floor":37},{"not_picked":["Ball Lightning","Chaos+1","Rebound+1","Coolheaded","Go for the Eyes+1"],"picked":"Seek","floor":37},{"not_picked":["Master of Strategy","Metamorphosis","Forethought","Transmutation","Purity"],"picked":"MostiFishMod:ButterFly","floor":38},{"not_picked":["Ball Lightning","Beam Cell+1","Barrage","Undo","Redo","Rebound+1"],"picked":"Singing Bowl","floor":40},{"not_picked":["All For One","Compile Driver+1","conspire:Rain+1","Lockon","Cold Snap+1","MostiFishMod:PushDownKick+1"],"picked":"Singing Bowl","floor":41},{"not_picked":["Coolheaded","Rip and Tear","Glacier","Cold Snap","Gash"],"picked":"Hologram+1","floor":46},{"not_picked":["Fusion+1","Ball Lightning+1","Conserve Battery","Blizzard","Barrage+1","Leap"],"picked":"Singing Bowl","floor":47},{"not_picked":["Streamline","Leap","Redo+1","Blizzard","Stack"],"picked":"MostiFishMod:DeathFromBelow","floor":48}],"player_experience":132034,"relics_obtained":[{"floor":1,"key":"SynthV:TestCard"},{"floor":6,"key":"Singing Bowl"},{"floor":8,"key":"conspire:TopHat"},{"floor":9,"key":"Bottled Lightning"},{"floor":10,"key":"Kunai"},{"floor":13,"key":"StrikeDummy"},{"floor":24,"key":"Darkstone Periapt"},{"floor":24,"key":"ImprovedEquipment"},{"floor":26,"key":"Mercury Hourglass"},{"floor":28,"key":"Pen Nib"},{"floor":28,"key":"Question Card"},{"floor":30,"key":"Blood Vial"},{"floor":30,"key":"Potion Belt"},{"floor":41,"key":"Peace Pipe"},{"floor":41,"key":"Symbiotic Virus"},{"floor":43,"key":"HornCleat"},{"floor":47,"key":"Meat on the Bone"},{"floor":47,"key":"DaCapo"}],"event_choices":[{"cards_removed":["Zap"],"damage_healed":0,"gold_gain":0,"player_choice":"Offered Basic","damage_taken":0,"max_hp_gain":0,"max_hp_loss":0,"event_name":"Bonfire Elementals","floor":2,"gold_loss":0},{"damage_healed":0,"gold_gain":0,"player_choice":"Grow","damage_taken":0,"max_hp_gain":0,"max_hp_loss":0,"event_name":"Living Wall","floor":12,"gold_loss":0,"cards_upgraded":["Meteor Strike"]},{"damage_healed":0,"gold_gain":0,"player_choice":"Got Potions","damage_taken":0,"max_hp_gain":0,"max_hp_loss":0,"event_name":"Lab","floor":14,"gold_loss":0},{"cards_removed":["Doom and Gloom"],"damage_healed":0,"gold_gain":0,"player_choice":"Elegance","damage_taken":0,"max_hp_gain":0,"max_hp_loss":0,"event_name":"Back to Basics","floor":21,"gold_loss":0},{"damage_healed":0,"gold_gain":75,"player_choice":"Touch","damage_taken":8,"max_hp_gain":0,"max_hp_loss":0,"event_name":"FaceTrader","floor":25,"gold_loss":0},{"damage_healed":0,"gold_gain":0,"player_choice":"Memory 1","damage_taken":0,"max_hp_gain":0,"max_hp_loss":0,"event_name":"SensoryStone","floor":38,"gold_loss":0},{"cards_removed":["MostiFishMod:ATRI"],"damage_healed":0,"gold_gain":0,"player_choice":"Removed Skill","damage_taken":0,"max_hp_gain":0,"max_hp_loss":0,"event_name":"Falling","floor":39,"gold_loss":0}],"is_beta":false,"boss_relics":[{"not_picked":["Cursed Key","OneHitWonderSystem"],"picked":"Black Star"},{"not_picked":["Pandora\u0027s Box","conspire:SeveredTorchhead"],"picked":"conspire:RoyalGoblet"}],"items_purged_floors":[3,3,3,11,11,11,11,11,11,20,20,37,37,42,42],"is_endless":false,"potions_floor_spawned":[1,4,5,5,6,8,8,13,13,13,16,18,18,27,28,28,30,31,31,33,35,35,41,46,47,48],"ascension_level":7}}