{"host":"p9vmbvw2hh2n16dn","time":1613224237,"event":{"mods":["AchievementEnabler","BaseMod","Block Reminder","Minty Spire (QoL Compilation)","Relic Stats","SuperFastMode"],"gold_per_floor":[119,294,294,294,55,88,99,131,131,166,166,166,166,185,185,289,339,359,274,274,22,22,56,356,371,371,371,384,253,281,291,291,387,387,400,400,419,437,86,117,137,137,160,172,214,70,87,24,24,24],"floor_reached":51,"language":"ENG","playtime":1707,"items_purged":["Doubt"],"score":1226,"play_id":"64ea82c9-9c52-4f03-90dc-32dec0000591","local_time":"20210213145037","is_ascension_mode":true,"campfire_choices":[{"floor":12.0,"key":"REST"},{"floor":15.0,"key":"DIG"},{"floor":24.0,"key":"DIG"},{"floor":27.0,"key":"REST"},{"floor":32.0,"key":"REST"},{"floor":42,"key":"DIG"},{"floor":44,"key":"DIG"},{"floor":49,"key":"DIG"}],"circlet_count":0,"master_deck":["AscendersBane","Strike_B+1","Strike_B","Defend_B","Defend_B","Defend_B","Defend_B","Zap+1","Dualcast+1","Leap","Creative AI","Buffer+1","Static Discharge","Ball Lightning+1","Electrodynamics","Coolheaded+1","Turbo","Defragment","Defragment","Storm","White Noise","Capacitor","Machine Learning","Glacier","Loop+1","BootSequence+1","Glacier","Hologram+1","Defragment"],"relics":["Cracked Core","NeowsBlessing","Darkstone Periapt","Membership Card","Smiling Mask","Sundial","Regal Pillow","Shovel","TungstenRod","Letter Opener","Tiny House","The Courier","Lee\u0027s Waffle","Matryoshka","Orichalcum","Old Coin","DataDisk","Oddly Smooth Stone","White Beast Statue","Ornamental Fan","SacredBark","Juzu Bracelet","War Paint","Medical Kit","StoneCalendar","HornCleat","Eternal Feather","MealTicket","Whetstone","MawBank","Shuriken","Emotion Chip","OrangePellets","Bottled Tornado","Kunai"],"acts_visited":["Exordium","TheCity","TheBeyond"],"potions_floor_usage":[33,38,40,40,41,41,45,50,50],"damage_taken":[{"damage":0.0,"enemies":"Small Slimes","floor":1.0,"turns":1.0},{"damage":0.0,"enemies":"3 Sentries","floor":6.0,"turns":1.0},{"damage":0.0,"enemies":"2 Louse","floor":7.0,"turns":1.0},{"damage":17.0,"enemies":"Gremlin Nob","floor":8.0,"turns":4.0},{"damage":40.0,"enemies":"Lagavulin","floor":10.0,"turns":7.0},{"damage":0.0,"enemies":"Cultist","floor":14.0,"turns":4.0},{"damage":22.0,"enemies":"Hexaghost","floor":16.0,"turns":9.0},{"damage":45.0,"enemies":"2 Thieves","floor":18.0,"turns":5.0},{"damage":50.0,"enemies":"Book of Stabbing","floor":23.0,"turns":5.0},{"damage":10.0,"enemies":"Spheric Guardian","floor":25.0,"turns":4.0},{"damage":11.0,"enemies":"Snecko","floor":28.0,"turns":5.0},{"damage":13.0,"enemies":"Slavers","floor":30.0,"turns":3.0},{"damage":27.0,"enemies":"3 Cultists","floor":31.0,"turns":4.0},{"damage":20,"enemies":"Collector","floor":33,"turns":5},{"damage":12,"enemies":"3 Shapes","floor":35,"turns":4},{"damage":16,"enemies":"3 Darklings","floor":37,"turns":4},{"damage":10,"enemies":"Sphere and 2 Shapes","floor":38,"turns":6},{"damage":49,"enemies":"Giant Head","floor":40,"turns":8},{"damage":11,"enemies":"Jaw Worm Horde","floor":41,"turns":5},{"damage":18,"enemies":"Reptomancer","floor":45,"turns":6},{"damage":27,"enemies":"3 Darklings","floor":47,"turns":6},{"damage":33,"enemies":"Time Eater","floor":50,"turns":8}],"seed_played":"434498669117830407","potions_obtained":[{"floor":7.0,"key":"Ancient Potion"},{"floor":10.0,"key":"Explosive Potion"},{"floor":14.0,"key":"CultistPotion"},{"floor":17.0,"key":"EssenceOfDarkness"},{"floor":18.0,"key":"EssenceOfSteel"},{"floor":23.0,"key":"PowerPotion"},{"floor":30.0,"key":"Explosive Potion"},{"floor":31.0,"key":"SkillPotion"},{"floor":33,"key":"Regen Potion"},{"floor":35,"key":"GamblersBrew"},{"floor":37,"key":"SkillPotion"},{"floor":38,"key":"Explosive Potion"},{"floor":40,"key":"ColorlessPotion"},{"floor":41,"key":"PowerPotion"},{"floor":45,"key":"FearPotion"},{"floor":47,"key":"Energy Potion"}],"is_trial":false,"path_per_floor":["M","?","?","?","$","E","M","E","T","E","T","R","?","M","R","B",null,"M","?","?","$","?","E","R","M","T","R","M","$","E","M","R","B",null,"M","?","M","M","$","E","M","R","T","R","E","$","M","$","R","B",null],"character_chosen":"DEFECT","items_purchased":["Membership Card","Fire Potion","AttackPotion","Lee\u0027s Waffle","Matryoshka","Defragment","Defragment","Storm","White Beast Statue","Capacitor","War Paint","Medical Kit","StoneCalendar","HornCleat","OrangePellets","Bottled Tornado","Defragment","PotionOfCapacity"],"campfire_rested":3,"item_purchase_floors":[5,5,5,21,21,21,21,21,29,29,39,39,39,39,46,46,48,48],"current_hp_per_floor":[68,68,68,65,65,65,65,48,48,8,8,45,45,45,45,23,67,22,22,22,87,87,37,37,27,27,68,57,57,44,17,58,38,75,63,63,47,37,37,37,26,41,41,56,38,53,26,41,56,23],"gold":24,"neow_bonus":"THREE_ENEMY_KILL","is_daily":false,"chose_seed":false,"campfire_upgraded":0,"win_rate":0.0,"timestamp":1613224237,"path_taken":["M","?","?","?","$","E","M","E","T","E","?","R","?","M","R","BOSS","M","?","?","$","?","E","R","M","T","R","?","?","E","M","R","BOSS","M","?","M","M","$","E","M","R","T","R","E","?","M","$","R","BOSS"],"items_purchased_type":["Relic","Potion","Potion","Relic","Relic","Card","Card","Card","Relic","Card","Relic","Relic","Relic","Relic","Relic","Relic","Card","Potion"],"build_version":"2020-12-22","purchased_purges":1,"victory":true,"max_hp_per_floor":[75,75,75,75,75,75,75,75,75,75,75,75,75,75,75,75,80,80,80,80,87,87,87,87,87,87,87,87,87,87,87,87,87,87,87,87,87,87,87,87,87,87,87,87,87,87,87,87,87,87],"relic_stats":{"Darkstone Periapt":0,"Regal Pillow":45,"Lee\u0027s Waffle":65,"counters":[22,104],"StoneCalendar":[104],"Eternal Feather":45,"Juzu Bracelet":0,"Letter Opener":[83],"Whetstone":["Strike_B","Ball Lightning"],"Orichalcum":[168],"War Paint":["Zap","Coolheaded"],"Smiling Mask":0,"Medical Kit":[1],"MawBank":36,"OrangePellets":[0],"Emotion Chip":[8,8,0,0,0],"Shovel":5,"Sundial":[12],"Ornamental Fan":[4],"Shuriken":[0],"MealTicket":30,"Kunai":[0],"obtain_stats":[{"Darkstone Periapt":4,"Regal Pillow":9,"Tiny House":17,"SacredBark":34,"StoneCalendar":39,"Juzu Bracelet":36,"Whetstone":43,"Bottled Tornado":46,"Smiling Mask":6,"Old Coin":24,"Emotion Chip":45,"Shovel":10,"Matryoshka":21,"HornCleat":39,"Sundial":8,"MealTicket":42,"Kunai":49,"Cracked Core":0,"Lee\u0027s Waffle":21,"NeowsBlessing":0,"Oddly Smooth Stone":26,"Eternal Feather":40,"The Courier":19,"Letter Opener":15,"Orichalcum":23,"War Paint":39,"Medical Kit":39,"MawBank":43,"White Beast Statue":29,"OrangePellets":46,"DataDisk":26,"Ornamental Fan":30,"Shuriken":44,"Membership Card":5,"TungstenRod":11},{"Darkstone Periapt":1,"Regal Pillow":4,"Tiny House":7,"SacredBark":14,"StoneCalendar":17,"Juzu Bracelet":15,"Whetstone":19,"Bottled Tornado":20,"Smiling Mask":2,"Old Coin":9,"Emotion Chip":20,"Shovel":5,"Matryoshka":8,"HornCleat":17,"Sundial":4,"MealTicket":19,"Kunai":21,"Cracked Core":0,"Lee\u0027s Waffle":8,"NeowsBlessing":0,"Oddly Smooth Stone":10,"Eternal Feather":18,"The Courier":8,"Letter Opener":6,"Orichalcum":9,"War Paint":17,"Medical Kit":17,"MawBank":19,"White Beast Statue":11,"OrangePellets":20,"DataDisk":10,"Ornamental Fan":12,"Shuriken":19,"Membership Card":1,"TungstenRod":5},{"Darkstone Periapt":1,"Regal Pillow":7,"Tiny House":27,"SacredBark":58,"StoneCalendar":72,"Juzu Bracelet":62,"Whetstone":84,"Bottled Tornado":90,"Smiling Mask":2,"Old Coin":37,"Emotion Chip":90,"Shovel":14,"Matryoshka":32,"HornCleat":72,"Sundial":7,"MealTicket":84,"Kunai":96,"Cracked Core":0,"Lee\u0027s Waffle":32,"NeowsBlessing":0,"Oddly Smooth Stone":41,"Eternal Feather":80,"The Courier":32,"Letter Opener":18,"Orichalcum":37,"War Paint":72,"Medical Kit":72,"MawBank":84,"White Beast Statue":46,"OrangePellets":90,"DataDisk":41,"Ornamental Fan":49,"Shuriken":84,"Membership Card":1,"TungstenRod":14}],"TungstenRod":46},"card_choices":[{"not_picked":["Beam Cell","Hologram","Recycle"],"picked":"SKIP","floor":1.0},{"not_picked":["Beam Cell","Steam Power"],"picked":"Leap","floor":6.0},{"not_picked":["Steam","Redo","Go for the Eyes"],"picked":"SKIP","floor":7.0},{"not_picked":["Beam Cell","Force Field"],"picked":"Creative AI","floor":8.0},{"not_picked":["Gash","Conserve Battery"],"picked":"Buffer","floor":10.0},{"not_picked":["Recycle","Leap"],"picked":"Ball Lightning","floor":14.0},{"not_picked":["Fission","Echo Form"],"picked":"Electrodynamics","floor":16.0},{"not_picked":["Streamline","Barrage"],"picked":"Coolheaded","floor":17.0},{"not_picked":["FTL+1","Rip and Tear"],"picked":"Turbo","floor":18.0},{"not_picked":["Compile Driver","Lockon"],"picked":"White Noise","floor":23.0},{"not_picked":["White Noise","Reinforced Body","Reprogram+1"],"picked":"SKIP","floor":25.0},{"not_picked":["Conserve Battery","Sweeping Beam","Rebound"],"picked":"SKIP","floor":28.0},{"not_picked":["Ball Lightning","Sweeping Beam","Doom and Gloom"],"picked":"SKIP","floor":30.0},{"not_picked":["Aggregate","Beam Cell","Streamline"],"picked":"SKIP","floor":31.0},{"not_picked":["Thunder Strike","Core Surge"],"picked":"Machine Learning","floor":33},{"not_picked":["Steam","Streamline"],"picked":"Glacier","floor":35},{"not_picked":["Auto Shields","Redo"],"picked":"Loop+1","floor":37},{"not_picked":["Compile Driver","Steam"],"picked":"BootSequence+1","floor":38},{"not_picked":["Rip and Tear+1","Hyperbeam"],"picked":"Glacier","floor":40},{"not_picked":["Recycle","Turbo+1"],"picked":"Hologram+1","floor":41},{"not_picked":["Barrage","Chaos+1","Genetic Algorithm+1"],"picked":"SKIP","floor":45},{"not_picked":["Tempest+1","Sweeping Beam+1","Redo+1"],"picked":"SKIP","floor":47}],"player_experience":325566,"relics_obtained":[{"floor":6.0,"key":"Smiling Mask"},{"floor":8.0,"key":"Sundial"},{"floor":9.0,"key":"Regal Pillow"},{"floor":10.0,"key":"Shovel"},{"floor":11.0,"key":"TungstenRod"},{"floor":15.0,"key":"Letter Opener"},{"floor":23.0,"key":"Orichalcum"},{"floor":24.0,"key":"Old Coin"},{"floor":26.0,"key":"DataDisk"},{"floor":26.0,"key":"Oddly Smooth Stone"},{"floor":30.0,"key":"Ornamental Fan"},{"floor":36,"key":"Juzu Bracelet"},{"floor":40,"key":"Eternal Feather"},{"floor":42,"key":"MealTicket"},{"floor":43,"key":"Whetstone"},{"floor":43,"key":"MawBank"},{"floor":44,"key":"Shuriken"},{"floor":45,"key":"Emotion Chip"},{"floor":49,"key":"Kunai"}],"event_choices":[{"damage_healed":0.0,"max_hp_gain":0.0,"max_hp_loss":0.0,"gold_gain":175.0,"event_name":"Liars Game","player_choice":"AGREE","floor":2.0,"gold_loss":0.0,"damage_taken":0.0,"cards_obtained":["Doubt"]},{"damage_healed":0.0,"max_hp_gain":0.0,"max_hp_loss":0.0,"gold_gain":0.0,"event_name":"Living Wall","player_choice":"Grow","floor":3.0,"gold_loss":0.0,"damage_taken":0.0,"cards_upgraded":["Dualcast"]},{"damage_healed":0.0,"max_hp_gain":0.0,"max_hp_loss":0.0,"gold_gain":0.0,"event_name":"Scrap Ooze","player_choice":"Success","floor":4.0,"gold_loss":0.0,"damage_taken":3.0,"relics_obtained":["Darkstone Periapt"]},{"damage_healed":0.0,"max_hp_gain":0.0,"max_hp_loss":0.0,"gold_gain":0.0,"cards_transformed":["Strike_B"],"event_name":"Transmorgrifier","player_choice":"Transformed","floor":13.0,"gold_loss":0.0,"damage_taken":0.0,"cards_obtained":["Static Discharge"]},{"damage_healed":0.0,"max_hp_gain":0.0,"max_hp_loss":0.0,"gold_gain":0.0,"event_name":"Addict","player_choice":"Obtained Relic","floor":19.0,"gold_loss":85.0,"damage_taken":0.0,"relics_obtained":["The Courier"]},{"damage_healed":0.0,"max_hp_gain":0.0,"max_hp_loss":0.0,"gold_gain":0.0,"event_name":"Vampires","player_choice":"Ignored","floor":20.0,"gold_loss":0.0,"damage_taken":0.0},{"cards_removed":["Strike_B"],"damage_healed":0.0,"max_hp_gain":0.0,"max_hp_loss":0.0,"gold_gain":0.0,"event_name":"Bonfire Elementals","player_choice":"Offered Basic","floor":22.0,"gold_loss":0.0,"damage_taken":0.0},{"damage_healed":0,"gold_gain":0,"player_choice":"Relic","damage_taken":0,"max_hp_gain":0,"max_hp_loss":0,"event_name":"Wheel of Change","floor":36,"gold_loss":0}],"is_beta":false,"boss_relics":[{"not_picked":["Runic Pyramid","Velvet Choker"],"picked":"Tiny House"},{"not_picked":["Pandora\u0027s Box","Philosopher\u0027s Stone"],"picked":"SacredBark"}],"items_purged_floors":[5],"is_endless":false,"potions_floor_spawned":[7,10,14,18,23,30,31,33,35,37,38,40,41,45,47],"ascension_level":10}}