{"host":"e9x02d116nyd6j9y","time":1613228771,"event":{"mods":["BaseMod","Minty Spire (QoL Compilation)","StSLib","SuperFastMode","everything is the same but u backflip on backflip"],"gold_per_floor":[99,74,74,94,112,112,150,150,218,218,233,233,248,213,213,332,332,351,266,266,290,290,290],"floor_reached":22,"language":"KOR","playtime":871,"items_purged":[],"score":184,"play_id":"c23d8e30-db26-437a-9adf-3358254f15c9","local_time":"20210214000611","is_ascension_mode":false,"campfire_choices":[{"floor":6.0,"key":"REST"},{"floor":10.0,"key":"REST"},{"floor":12.0,"key":"REST"},{"data":"Ball Lightning","floor":15.0,"key":"SMITH"}],"circlet_count":0,"master_deck":["Strike_B","Strike_B","Strike_B","Strike_B","Defend_B","Defend_B","Defend_B","Defend_B","Zap","Dualcast","Hologram","Skim","Streamline","Buffer","Sweeping Beam","Ball Lightning+1","Creative AI","Melter+1","Leap+1"],"relics":["Cracked Core","NeowsBlessing","Golden Idol","Ancient Tea Set","Question Card","Fusion Hammer","Shovel"],"acts_visited":["Exordium","TheCity"],"potions_floor_usage":[22],"damage_taken":[{"damage":0.0,"enemies":"Cultist","floor":1.0,"turns":1.0},{"damage":0.0,"enemies":"Jaw Worm","floor":4.0,"turns":1.0},{"damage":0.0,"enemies":"Small Slimes","floor":5.0,"turns":1.0},{"damage":48.0,"enemies":"3 Sentries","floor":7.0,"turns":9.0},{"damage":5.0,"enemies":"Looter","floor":11.0,"turns":2.0},{"damage":9.0,"enemies":"3 Louse","floor":13.0,"turns":4.0},{"damage":39.0,"enemies":"The Guardian","floor":16.0,"turns":12.0},{"damage":30,"enemies":"2 Thieves","floor":18,"turns":4},{"damage":20,"enemies":"Shell Parasite","floor":21,"turns":5},{"damage":29,"enemies":"Snake Plant","floor":22,"turns":4}],"seed_played":"-6241885186584979585","potions_obtained":[{"floor":11.0,"key":"SneckoOil"},{"floor":13.0,"key":"Weak Potion"},{"floor":16.0,"key":"ColorlessPotion"},{"floor":18,"key":"Strength Potion"},{"floor":20,"key":"Fire Potion"}],"is_trial":false,"path_per_floor":["M","$","?","M","M","R","E","?","T","R","M","R","M","?","R","B",null,"M","?","?","M","M"],"character_chosen":"DEFECT","items_purchased":["Hologram"],"campfire_rested":3,"item_purchase_floors":[2],"current_hp_per_floor":[75,75,57,57,57,75,27,27,27,49,44,66,57,75,75,36,75,45,45,45,25,0,0],"gold":290,"neow_bonus":"THREE_ENEMY_KILL","is_daily":false,"chose_seed":false,"campfire_upgraded":1,"win_rate":0.0,"timestamp":1613228771,"path_taken":["M","$","?","M","M","R","E","?","T","R","M","R","M","?","R","BOSS","M","?","?","?","?"],"items_purchased_type":["Card"],"build_version":"2020-12-22","purchased_purges":0,"victory":false,"max_hp_per_floor":[75,75,75,75,75,75,75,75,75,75,75,75,75,75,75,75,75,75,75,75,75,75,75],"card_choices":[{"not_picked":["Leap","Gash","Coolheaded"],"picked":"SKIP","floor":1.0},{"not_picked":["Static Discharge","Reinforced Body"],"picked":"Skim","floor":4.0},{"not_picked":["Hologram","Coolheaded"],"picked":"Streamline","floor":5.0},{"not_picked":["Streamline","Redo"],"picked":"Buffer","floor":7.0},{"not_picked":["Beam Cell","Compile Driver","Doom and Gloom"],"picked":"Sweeping Beam","floor":11.0},{"not_picked":["Consume","Go for the Eyes","Beam Cell"],"picked":"Ball Lightning","floor":13.0},{"not_picked":["Machine Learning","All For One","Amplify"],"picked":"Creative AI","floor":16.0},{"not_picked":["Beam Cell+1","Aggregate","Stack+1"],"picked":"Melter+1","floor":18},{"not_picked":["Beam Cell","Aggregate","Redo"],"picked":"Leap+1","floor":21}],"player_experience":18282,"relics_obtained":[{"floor":7.0,"key":"Ancient Tea Set"},{"floor":9.0,"key":"Question Card"}],"event_choices":[{"damage_healed":0.0,"max_hp_gain":0.0,"max_hp_loss":0.0,"gold_gain":0.0,"event_name":"Golden Idol","player_choice":"Take Damage","floor":3.0,"gold_loss":0.0,"damage_taken":18.0,"relics_obtained":["Golden Idol"]},{"damage_healed":0.0,"max_hp_gain":0.0,"max_hp_loss":0.0,"gold_gain":0.0,"event_name":"Shining Light","player_choice":"Ignored","floor":8.0,"gold_loss":0.0,"damage_taken":0.0},{"damage_healed":18.0,"max_hp_gain":0.0,"max_hp_loss":0.0,"gold_gain":0.0,"event_name":"The Cleric","player_choice":"Healed","floor":14.0,"gold_loss":35.0,"damage_taken":0.0},{"damage_healed":0,"gold_gain":0,"player_choice":"Obtained Relic","damage_taken":0,"relics_obtained":["Shovel"],"max_hp_gain":0,"max_hp_loss":0,"event_name":"Addict","floor":19,"gold_loss":85},{"damage_healed":0,"gold_gain":0,"player_choice":"Got Potions","damage_taken":0,"max_hp_gain":0,"max_hp_loss":0,"event_name":"Lab","floor":20,"gold_loss":0}],"is_beta":false,"boss_relics":[{"not_picked":["Empty Cage","Snecko Eye"],"picked":"Fusion Hammer"}],"items_purged_floors":[],"is_endless":false,"potions_floor_spawned":[11,13,16,18],"killed_by":"Snake Plant","ascension_level":0}}