{"host":"m8y8nvvez5gwh4s7","time":1613258942,"event":{"mods":["AchievementEnabler","BaseMod","Bestiary","Colored Powertips","Minty Spire (QoL Compilation)","Relic Stats","StSLib","Together in Spire"],"gold_per_floor":[110,127,142,142,142,142,177,177,230,258,258,270,281,299,299,395,395,412,422,440,440,460,470,470,482,482,514,526,553,573,606,606,708,708,726,741,741,12,12,38,38,55,81,101,118,146,146,158,158,158],"floor_reached":51,"language":"ENG","playtime":5651,"items_purged":[],"score":685,"play_id":"cccf4401-9d8f-44f5-b9ab-0bd4b936d581","local_time":"20210213172902","is_ascension_mode":false,"campfire_choices":[{"data":"Cleave","floor":6.0,"key":"SMITH"},{"data":"Twin Strike","floor":8.0,"key":"SMITH"},{"data":"Heavy Blade","floor":15.0,"key":"SMITH"},{"data":"Heavy Blade","floor":24.0,"key":"SMITH"},{"floor":32.0,"key":"REST"},{"floor":47,"key":"REST"},{"floor":49,"key":"REST"}],"circlet_count":0,"master_deck":["Strike_R+1","Strike_R+1","Strike_R","Strike_R","Strike_R","Defend_R","Defend_R+1","Defend_R","Defend_R","Bash","Dark Shackles","Dropkick","Cleave+1","Rampage+1","Twin Strike+1","Inflame","Heavy Blade+1","Rage","Flex","Berserk","Dropkick","Armaments","Shrug It Off","RitualDagger","Clothesline","Heavy Blade+1","Shrug It Off","Spot Weakness","Cleave","Shrug It Off+1","Pummel","Fiend Fire","Pommel Strike","Armaments+1","Second Wind","Heavy Blade+1","Apotheosis","Good Instincts","Apotheosis","Offering","Pummel+1","Ghostly Armor","Warcry+1","Warcry","Spot Weakness"],"relics":["Burning Blood","Whetstone","MealTicket","Shuriken","Busted Crown","TungstenRod","Juzu Bracelet","PreservedInsect","Regal Pillow","Mark of Pain","Matryoshka","DollysMirror","Question Card","Boot","Toy Ornithopter","Ancient Tea Set","Bronze Scales"],"acts_visited":[],"potions_floor_usage":[40,42],"damage_taken":[{"damage":2.0,"enemies":"Small Slimes","floor":1.0,"turns":2.0},{"damage":3.0,"enemies":"Jaw Worm","floor":2.0,"turns":2.0},{"damage":0.0,"enemies":"2 Louse","floor":3.0,"turns":2.0},{"damage":8.0,"enemies":"3 Sentries","floor":7.0,"turns":3.0},{"damage":0.0,"enemies":"Lagavulin","floor":10.0,"turns":4.0},{"damage":3.0,"enemies":"Large Slime","floor":12.0,"turns":2.0},{"damage":3.0,"enemies":"3 Louse","floor":13.0,"turns":2.0},{"damage":8.0,"enemies":"Lots of Slimes","floor":14.0,"turns":2.0},{"damage":39.0,"enemies":"The Guardian","floor":16.0,"turns":6.0},{"damage":14.0,"enemies":"3 Byrds","floor":18.0,"turns":3.0},{"damage":10.0,"enemies":"2 Thieves","floor":19.0,"turns":2.0},{"damage":10.0,"enemies":"Snake Plant","floor":20.0,"turns":3.0},{"damage":12.0,"enemies":"Snecko","floor":22.0,"turns":3.0},{"damage":4.0,"enemies":"Centurion and Healer","floor":23.0,"turns":4.0},{"damage":3.0,"enemies":"Snake Plant","floor":25.0,"turns":3.0},{"damage":12.0,"enemies":"Slavers","floor":27.0,"turns":3.0},{"damage":3.0,"enemies":"Shelled Parasite and Fungi","floor":28.0,"turns":3.0},{"damage":7.0,"enemies":"Book of Stabbing","floor":29.0,"turns":3.0},{"damage":6.0,"enemies":"Centurion and Healer","floor":30.0,"turns":3.0},{"damage":10.0,"enemies":"Gremlin Leader","floor":31.0,"turns":2.0},{"damage":45.0,"enemies":"Collector","floor":33.0,"turns":7.0},{"damage":0.0,"enemies":"3 Shapes","floor":35.0,"turns":2.0},{"damage":14.0,"enemies":"3 Darklings","floor":36.0,"turns":2.0},{"damage":13,"enemies":"Giant Head","floor":40,"turns":5},{"damage":85,"enemies":"Transient","floor":42,"turns":5},{"damage":6,"enemies":"Jaw Worm Horde","floor":44,"turns":2},{"damage":18,"enemies":"Sphere and 2 Shapes","floor":45,"turns":3},{"damage":5,"enemies":"Reptomancer","floor":46,"turns":2},{"damage":14,"enemies":"Maw","floor":48,"turns":4},{"damage":40,"enemies":"Time Eater","floor":50,"turns":4}],"seed_played":"7903401871526757819","potions_obtained":[{"floor":1.0,"key":"DistilledChaos"},{"floor":2.0,"key":"BlessingOfTheForge"},{"floor":12.0,"key":"Regen Potion"},{"floor":14.0,"key":"GamblersBrew"},{"floor":16.0,"key":"SpeedPotion"},{"floor":18.0,"key":"LiquidBronze"},{"floor":19.0,"key":"Weak Potion"},{"floor":22.0,"key":"Swift Potion"},{"floor":28.0,"key":"FairyPotion"},{"floor":33.0,"key":"SkillPotion"},{"floor":36.0,"key":"BloodPotion"},{"floor":40,"key":"DistilledChaos"},{"floor":42,"key":"BlessingOfTheForge"},{"floor":48,"key":"SteroidPotion"}],"is_trial":false,"path_per_floor":["M","M","M","?","$","R","E","R","T","E","?","M","M","M","R","B",null,"M","M","M","?","M","M","R","M","T","E","M","E","M","E","R","B",null,"M","M","?","$","?","E","?","M","T","M","M","E","R","M","R","B",null],"character_chosen":"IRONCLAD","items_purchased":["Second Wind","Matryoshka","DollysMirror","Question Card"],"campfire_rested":3,"item_purchase_floors":[38,38,38,38],"current_hp_per_floor":[80,80,80,85,85,85,83,83,83,85,68,71,74,72,72,39,85,77,73,69,63,57,59,59,62,62,56,59,58,58,54,85,46,85,85,77,77,85,76,85,85,31,31,31,19,20,60,52,85,51],"gold":158,"neow_bonus":"RANDOM_COLORLESS","is_daily":false,"chose_seed":false,"campfire_upgraded":4,"win_rate":0.0,"timestamp":1613258942,"path_taken":["M","M","M","?","?","R","E","R","T","E","?","M","M","M","R","BOSS","M","M","M","?","M","M","R","M","T","E","M","E","M","E","R","BOSS","M","M","?","$","?","E","?","M","T","M","M","E","R","M","R","BOSS"],"items_purchased_type":["Card","Relic","Relic","Relic"],"build_version":"2020-12-22","purchased_purges":0,"victory":true,"max_hp_per_floor":[80,80,80,85,85,85,85,85,85,85,85,85,85,85,85,85,85,85,85,85,85,85,85,85,85,85,85,85,85,85,85,85,85,85,85,85,85,85,85,85,85,85,85,85,85,85,85,85,85,85],"relic_stats":{"Regal Pillow":23,"counters":[7,25],"PreservedInsect":184,"Juzu Bracelet":0,"Whetstone":[],"Question Card":6,"Boot":[0],"Burning Blood":42,"Busted Crown":12,"Shuriken":[11],"Bronze Scales":[21],"MealTicket":0,"obtain_stats":[{"Regal Pillow":0,"PreservedInsect":0,"Juzu Bracelet":0,"Whetstone":0,"Question Card":0,"Boot":40,"Ancient Tea Set":43,"Burning Blood":0,"Busted Crown":0,"Matryoshka":0,"Shuriken":0,"DollysMirror":0,"Bronze Scales":46,"MealTicket":0,"Mark of Pain":0,"TungstenRod":0,"Toy Ornithopter":43},{"Regal Pillow":0,"PreservedInsect":0,"Juzu Bracelet":0,"Whetstone":0,"Question Card":0,"Boot":1,"Ancient Tea Set":2,"Burning Blood":0,"Busted Crown":0,"Matryoshka":0,"Shuriken":0,"DollysMirror":0,"Bronze Scales":5,"MealTicket":0,"Mark of Pain":0,"TungstenRod":0,"Toy Ornithopter":2},{"Regal Pillow":0,"PreservedInsect":0,"Juzu Bracelet":0,"Whetstone":0,"Question Card":0,"Boot":5,"Ancient Tea Set":10,"Burning Blood":0,"Busted Crown":0,"Matryoshka":0,"Shuriken":0,"DollysMirror":0,"Bronze Scales":17,"MealTicket":0,"Mark of Pain":0,"TungstenRod":0,"Toy Ornithopter":10}],"TungstenRod":18,"Toy Ornithopter":0},"card_choices":[{"not_picked":["Blind","Mind Blast"],"picked":"Dark Shackles","floor":0.0},{"not_picked":["Combust","Pummel"],"picked":"Dropkick","floor":1.0},{"not_picked":["Body Slam","Shrug It Off"],"picked":"Cleave","floor":2.0},{"not_picked":["Warcry","Heavy Blade"],"picked":"Rampage","floor":3.0},{"not_picked":["Heavy Blade","Clothesline"],"picked":"Twin Strike","floor":7.0},{"not_picked":["Warcry","Rage"],"picked":"Inflame","floor":10.0},{"not_picked":["Headbutt","Shrug It Off"],"picked":"Heavy Blade","floor":12.0},{"not_picked":["Anger","Bludgeon"],"picked":"Rage","floor":13.0},{"not_picked":["Metallicize","Rage"],"picked":"Flex","floor":14.0},{"not_picked":["Corruption","Limit Break"],"picked":"Berserk","floor":16.0},{"not_picked":[],"picked":"Dropkick","floor":18.0},{"not_picked":[],"picked":"Armaments","floor":19.0},{"not_picked":[],"picked":"Shrug It Off","floor":20.0},{"not_picked":[],"picked":"Clothesline","floor":22.0},{"not_picked":[],"picked":"Heavy Blade","floor":23.0},{"not_picked":[],"picked":"Shrug It Off","floor":25.0},{"not_picked":[],"picked":"Spot Weakness","floor":27.0},{"not_picked":[],"picked":"Cleave","floor":28.0},{"not_picked":[],"picked":"Iron Wave","floor":29.0},{"not_picked":[],"picked":"Shrug It Off+1","floor":30.0},{"not_picked":[],"picked":"Pummel","floor":31.0},{"not_picked":[],"picked":"Fiend Fire","floor":33.0},{"not_picked":[],"picked":"Pommel Strike","floor":35.0},{"not_picked":[],"picked":"Armaments+1","floor":36.0},{"not_picked":["Good Instincts"],"picked":"Apotheosis","floor":39.0},{"not_picked":["PanicButton"],"picked":"Good Instincts","floor":39.0},{"not_picked":["Good Instincts"],"picked":"Apotheosis","floor":39.0},{"not_picked":["Rampage"],"picked":"Offering","floor":40},{"not_picked":["Dropkick"],"picked":"Pummel+1","floor":42},{"not_picked":["Sword Boomerang+1"],"picked":"Ghostly Armor","floor":44},{"not_picked":["Thunderclap"],"picked":"Warcry+1","floor":45},{"not_picked":["Combust+1"],"picked":"Warcry","floor":46},{"not_picked":["Body Slam"],"picked":"Spot Weakness","floor":48}],"player_experience":7828,"relics_obtained":[{"floor":7.0,"key":"Whetstone"},{"floor":9.0,"key":"MealTicket"},{"floor":10.0,"key":"Shuriken"},{"floor":26.0,"key":"TungstenRod"},{"floor":27.0,"key":"Juzu Bracelet"},{"floor":29.0,"key":"PreservedInsect"},{"floor":31.0,"key":"Regal Pillow"},{"floor":40,"key":"Boot"},{"floor":43,"key":"Toy Ornithopter"},{"floor":43,"key":"Ancient Tea Set"},{"floor":46,"key":"Bronze Scales"}],"event_choices":[{"damage_healed":0.0,"max_hp_gain":5.0,"max_hp_loss":0.0,"gold_gain":0.0,"event_name":"Big Fish","player_choice":"Donut","floor":4.0,"gold_loss":0.0,"damage_taken":0.0},{"damage_healed":0.0,"max_hp_gain":0.0,"max_hp_loss":0.0,"gold_gain":0.0,"event_name":"Shining Light","player_choice":"Entered Light","floor":11.0,"gold_loss":0.0,"damage_taken":17.0,"cards_upgraded":["Defend_R","Strike_R"]},{"damage_healed":0.0,"max_hp_gain":0.0,"max_hp_loss":0.0,"gold_gain":0.0,"event_name":"Nest","player_choice":"Joined the Cult","floor":21.0,"gold_loss":0.0,"damage_taken":6.0,"cards_obtained":["RitualDagger"]},{"cards_removed":["Iron Wave"],"damage_healed":0.0,"max_hp_gain":0.0,"max_hp_loss":0.0,"gold_gain":0.0,"event_name":"Falling","player_choice":"Removed Attack","floor":37.0,"gold_loss":0.0,"damage_taken":0.0},{"damage_healed":0.0,"max_hp_gain":0.0,"max_hp_loss":0.0,"gold_gain":0.0,"event_name":"SensoryStone","player_choice":"Memory 3","floor":39.0,"gold_loss":0.0,"damage_taken":10.0},{"damage_healed":0,"gold_gain":0,"player_choice":"Ignored","damage_taken":0,"max_hp_gain":0,"max_hp_loss":0,"event_name":"Purifier","floor":41,"gold_loss":0}],"is_beta":false,"boss_relics":[{"not_picked":["Calling Bell","SlaversCollar"],"picked":"Busted Crown"},{"not_picked":["Philosopher\u0027s Stone","SacredBark"],"picked":"Mark of Pain"}],"items_purged_floors":[],"is_endless":false,"potions_floor_spawned":[1,2,12,14,16,18,19,22,28,33,36,40,42,48],"ascension_level":0}}