{"host":"yg1n0qads92lo9wl","time":1613197882,"event":{"mods":["BaseMod","Downfall","Luminous","Minty Spire (QoL Compilation)","StSLib","Warlord Emblem"],"gold_per_floor":[99,111,111,131,131,149,175,190,221,232,232,41,41,71,81,182,182,182,200,300,312,312,312,312,312],"floor_reached":23,"language":"ZHS","playtime":1938,"items_purged":[],"score":260,"play_id":"aadbe429-7c35-4d77-bea8-6373bb0875ff","local_time":"20210213143122","is_ascension_mode":true,"campfire_choices":[{"data":"hexamod:Float","floor":1,"key":"SMITH"},{"data":"hexamod:RecurringNightmare","floor":11,"key":"SMITH"},{"floor":13,"key":"REST"},{"data":"hexamod:EtherealExpedition","floor":18,"key":"SMITH"}],"circlet_count":0,"master_deck":["hexamod:Strike","hexamod:Strike","hexamod:Strike","hexamod:Strike","hexamod:Defend","hexamod:Defend","hexamod:Defend","hexamod:Defend","hexamod:Sear","hexamod:Float+1","hexamod:NightmareStrike+1","hexamod:SpectersWail+1","Pain","hexamod:RetreatToShadows","hexamod:RecurringNightmare","hexamod:RecurringNightmare+1","hexamod:FirstSeal","hexamod:ApocalypseNow","hexamod:GhostShield","hexamod:RecurringNightmare","hexamod:EtherealExpedition+1","hexamod:Hexaguard"],"relics":["hexamod:SpiritBrand","Nunchaku","Omamori","Juzu Bracelet","PreservedInsect","Smiling Mask","Runic Pyramid","Calipers","Bottled Tornado","Nilry\u0027s Codex"],"acts_visited":["Exordium","TheCity"],"potions_floor_usage":[20,20,20,20,20,23],"damage_taken":[{"damage":0,"enemies":"Cultist","floor":2,"turns":3},{"damage":2,"enemies":"Small Slimes","floor":4,"turns":3},{"damage":2,"enemies":"2 Louse","floor":6,"turns":2},{"damage":3,"enemies":"Blue Slaver","floor":8,"turns":2},{"damage":19,"enemies":"Gremlin Nob","floor":9,"turns":4},{"damage":2,"enemies":"Exordium Wildlife","floor":10,"turns":3},{"damage":3,"enemies":"downfall:FleeingMerchant","floor":12,"turns":4},{"damage":2,"enemies":"3 Sentries","floor":14,"turns":4},{"damage":8,"enemies":"2 Fungi Beasts","floor":15,"turns":3},{"damage":41,"enemies":"SI_SHIV_ARCHETYPE","floor":16,"turns":13},{"damage":32,"enemies":"Chosen","floor":19,"turns":7},{"damage":29,"enemies":"Colosseum Nobs","floor":20,"turns":4},{"damage":13,"enemies":"Shell Parasite","floor":21,"turns":3},{"damage":7,"enemies":"Snake Plant","floor":23,"turns":1}],"seed_played":"1545940719779707671","potions_obtained":[{"floor":3,"key":"Dexterity Potion"},{"floor":3,"key":"AttackPotion"},{"floor":3,"key":"Fire Potion"},{"floor":8,"key":"EntropicBrew"},{"floor":21,"key":"Guardian:BlockOnCardUsePotion"}],"is_trial":false,"path_per_floor":["R","M","?","M","?","M","T","M","E","M","R","$","R","E","M","B",null,"R","M","?","M","?","M"],"character_chosen":"THE_SPIRIT","items_purchased":["PreservedInsect","hexamod:GhostShield"],"campfire_rested":1,"item_purchase_floors":[12,12],"current_hp_per_floor":[70,70,70,68,68,66,66,63,44,42,42,46,67,70,62,28,70,70,45,23,17,1,0,0,0],"gold":312,"neow_bonus":"RANDOM_COMMON_RELIC","is_daily":false,"chose_seed":false,"campfire_upgraded":3,"win_rate":0.0,"timestamp":1613197882,"path_taken":["R","M","?","?","?","M","T","?","E","M","R","?","R","E","M","BOSS","R","M","?","M","?","M"],"items_purchased_type":["Relic","Card"],"build_version":"2020-12-22","purchased_purges":0,"victory":false,"max_hp_per_floor":[70,70,70,70,70,70,70,70,70,70,70,70,70,70,70,70,70,70,70,70,70,70,70,70,70],"card_choices":[{"not_picked":["hexamod:SpectersWail","hexamod:PhantomCloak"],"picked":"hexamod:NightmareStrike","floor":2},{"not_picked":["hexamod:ShieldOfDarkness","hexamod:Hexaguard"],"picked":"hexamod:SpectersWail","floor":4},{"not_picked":["hexamod:SwordOfDarkness","hexamod:SuperheatedStrike"],"picked":"hexamod:RetreatToShadows","floor":6},{"not_picked":["hexamod:SpectralAdrenaline","hexamod:GhostShield"],"picked":"hexamod:RecurringNightmare","floor":8},{"not_picked":["hexamod:ShieldOfDarkness","hexamod:SpectersWail"],"picked":"hexamod:RecurringNightmare","floor":9},{"not_picked":["hexamod:ThermalTransfer","hexamod:InspiringFlames"],"picked":"hexamod:FirstSeal","floor":10},{"not_picked":["hexamod:HauntingEcho","hexamod:Hexaguard"],"picked":"hexamod:ApocalypseNow","floor":12},{"not_picked":["hexamod:PhantomFireball","hexamod:HeatShield"],"picked":"hexamod:RecurringNightmare","floor":14},{"not_picked":["hexamod:Again","hexamod:FourthSeal"],"picked":"hexamod:EtherealExpedition","floor":15},{"not_picked":["hexamod:InspiringFlames","hexamod:HeatMetal","hexamod:PhantomCloak"],"picked":"SKIP","floor":19},{"not_picked":["hexamod:InspiringFlames+1","hexamod:Rewind"],"picked":"hexamod:Hexaguard","floor":20},{"not_picked":["hexamod:BurningTouch","hexamod:Firestarter","hexamod:SoulSteal+1"],"picked":"SKIP","floor":21}],"player_experience":524849,"relics_obtained":[{"floor":7,"key":"Omamori"},{"floor":9,"key":"Juzu Bracelet"},{"floor":14,"key":"Smiling Mask"},{"floor":20,"key":"Calipers"},{"floor":20,"key":"Bottled Tornado"},{"floor":22,"key":"Nilry\u0027s Codex"}],"event_choices":[{"damage_healed":0,"gold_gain":0,"player_choice":"Got Potions","damage_taken":0,"max_hp_gain":0,"max_hp_loss":0,"event_name":"Lab","floor":3,"gold_loss":0}],"is_beta":false,"boss_relics":[{"not_picked":["Snecko Eye","SlaversCollar"],"picked":"Runic Pyramid"}],"items_purged_floors":[],"is_endless":false,"potions_floor_spawned":[4,6,8,10,14,15,21],"killed_by":"Snake Plant","ascension_level":3}}