{"host":"3vw0pez94il0rm0r","time":1613189327,"event":{"mods":["BaseMod","Minty Spire (QoL Compilation)"],"gold_per_floor":[115,131,144,77,96,131,145,145,145,9,22,48,66,66,66,171,171,190,190,190,201,52,52,52],"floor_reached":23,"language":"ENG","playtime":1754,"items_purged":["Decay"],"score":304,"play_id":"73ff34b2-8244-4255-bfa0-aeb241f70df6","local_time":"20210213150847","is_ascension_mode":true,"campfire_choices":[{"floor":8,"key":"REST"},{"floor":15,"key":"REST"}],"circlet_count":0,"master_deck":["Strike_G","Strike_G","Strike_G","Strike_G","Strike_G","Defend_G","Defend_G","Defend_G","Defend_G","Defend_G","Survivor","Neutralize","Quick Slash","Backflip","Endless Agony","Predator","Calculated Gamble","Phantasmal Killer","Predator","Cloak And Dagger","Die Die Die","CurseOfTheBell","Blur","Die Die Die","Leg Sweep"],"relics":["Ring of the Snake","NeowsBlessing","Eternal Feather","Gremlin Horn","Ninja Scroll","Calling Bell","Juzu Bracelet","Mummified Hand","Girya"],"acts_visited":["Exordium","TheCity"],"potions_floor_usage":[5,7,16,16,23],"damage_taken":[{"damage":0,"enemies":"Cultist","floor":1,"turns":1},{"damage":0,"enemies":"Jaw Worm","floor":2,"turns":1},{"damage":0,"enemies":"2 Louse","floor":3,"turns":1},{"damage":7,"enemies":"Gremlin Gang","floor":5,"turns":6},{"damage":49,"enemies":"Gremlin Nob","floor":6,"turns":5},{"damage":5,"enemies":"Exordium Thugs","floor":7,"turns":4},{"damage":0,"enemies":"2 Fungi Beasts","floor":11,"turns":4},{"damage":34,"enemies":"Lagavulin","floor":12,"turns":8},{"damage":0,"enemies":"Looter","floor":13,"turns":3},{"damage":0,"enemies":"Slime Boss","floor":16,"turns":6},{"damage":0,"enemies":"Chosen","floor":18,"turns":3},{"damage":0,"enemies":"Spheric Guardian","floor":21,"turns":2},{"damage":70,"enemies":"Book of Stabbing","floor":23,"turns":7}],"seed_played":"7225374358529436501","potions_obtained":[{"floor":1,"key":"DistilledChaos"},{"floor":6,"key":"ColorlessPotion"},{"floor":12,"key":"BlessingOfTheForge"},{"floor":13,"key":"AttackPotion"}],"is_trial":false,"path_per_floor":["M","M","M","$","M","E","M","R","T","$","M","E","M","?","R","B",null,"M","?","?","M","$","E"],"character_chosen":"THE_SILENT","items_purchased":["Predator","Predator","Weak Potion","Poison Potion","Leg Sweep"],"campfire_rested":2,"item_purchase_floors":[4,10,10,10,22],"current_hp_per_floor":[70,70,70,70,63,14,9,39,39,39,39,5,5,5,38,38,70,70,70,70,70,70,0,0],"gold":52,"neow_bonus":"THREE_ENEMY_KILL","is_daily":false,"chose_seed":false,"campfire_upgraded":0,"win_rate":0.0,"timestamp":1613189327,"path_taken":["M","?","M","$","M","E","M","R","T","$","M","E","M","?","R","BOSS","M","?","?","M","$","E"],"items_purchased_type":["Card","Card","Potion","Potion","Card"],"build_version":"2020-12-22","purchased_purges":1,"victory":false,"max_hp_per_floor":[70,70,70,70,70,70,70,70,70,70,70,70,70,70,70,70,70,70,70,70,70,70,70,70],"card_choices":[{"not_picked":["Caltrops","Cloak And Dagger"],"picked":"Quick Slash","floor":1},{"not_picked":["Acrobatics","Flying Knee"],"picked":"Backflip","floor":2},{"not_picked":["Riddle With Holes","Blade Dance"],"picked":"Endless Agony","floor":3},{"not_picked":["Dagger Spray","Cloak And Dagger"],"picked":"Calculated Gamble","floor":5},{"not_picked":["Setup","All Out Attack"],"picked":"Phantasmal Killer","floor":6},{"not_picked":["Deadly Poison","Infinite Blades","Tactician"],"picked":"SKIP","floor":7},{"not_picked":["Bouncing Flask","Distraction","Outmaneuver"],"picked":"SKIP","floor":11},{"not_picked":["Poisoned Stab","Deadly Poison","Calculated Gamble"],"picked":"SKIP","floor":12},{"not_picked":["Bouncing Flask","Deadly Poison"],"picked":"Cloak And Dagger","floor":13},{"not_picked":["Bullet Time","Venomology"],"picked":"Die Die Die","floor":16},{"not_picked":["Dagger Throw+1","Underhanded Strike"],"picked":"Blur","floor":18},{"not_picked":["Predator","Caltrops+1","Well Laid Plans"],"picked":"SKIP","floor":21}],"player_experience":260807,"relics_obtained":[{"floor":6,"key":"Eternal Feather"},{"floor":9,"key":"Gremlin Horn"},{"floor":12,"key":"Ninja Scroll"},{"floor":17,"key":"Juzu Bracelet"},{"floor":17,"key":"Mummified Hand"},{"floor":17,"key":"Girya"}],"event_choices":[{"damage_healed":0,"gold_gain":0,"player_choice":"Fled","damage_taken":0,"max_hp_gain":0,"max_hp_loss":0,"event_name":"Scrap Ooze","floor":14,"gold_loss":0},{"damage_healed":0,"gold_gain":0,"player_choice":"Copied","damage_taken":0,"max_hp_gain":0,"max_hp_loss":0,"event_name":"Duplicator","floor":19,"gold_loss":0,"cards_obtained":["Die Die Die"]},{"damage_healed":0,"gold_gain":0,"player_choice":"Cursed","damage_taken":0,"max_hp_gain":0,"max_hp_loss":0,"event_name":"Wheel of Change","floor":20,"gold_loss":0,"cards_obtained":["Decay"]}],"is_beta":false,"boss_relics":[{"not_picked":["Black Star","Runic Pyramid"],"picked":"Calling Bell"}],"items_purged_floors":[22],"is_endless":false,"potions_floor_spawned":[1,6,12,13],"killed_by":"Book of Stabbing","ascension_level":4}}