{"host":"vumwfieg2b2mnrfl","time":1613178068,"event":{"mods":["AchievementEnabler","BaseMod","Minty Spire (QoL Compilation)","Rare Cards Sparkle","Relic Stats"],"gold_per_floor":[114,124,174,193,205,233,233,233,233,233,233,70,106,120,120,120,120],"floor_reached":16,"language":"ENG","playtime":415,"items_purged":[],"score":270,"play_id":"35e1e9db-e31c-4ede-b256-ec28bffa9c16","local_time":"20210212190108","is_ascension_mode":true,"campfire_choices":[{"data":"Armaments","floor":8,"key":"SMITH"},{"floor":15,"key":"REST"}],"circlet_count":0,"master_deck":["AscendersBane","Strike_R","Strike_R","Strike_R+1","Strike_R","Strike_R+1","Defend_R","Defend_R","Defend_R","Defend_R","Bash","Whirlwind","Cleave","Rampage","Armaments+1","Fiend Fire","Injury","Sword Boomerang"],"relics":["Burning Blood","Whetstone","Bird Faced Urn","Golden Idol","FossilizedHelix","WingedGreaves","Sling","Orichalcum"],"acts_visited":["Exordium"],"potions_floor_usage":[13,16,16],"damage_taken":[{"damage":13.0,"enemies":"Small Slimes","floor":1.0,"turns":4.0},{"damage":2.0,"enemies":"Cultist","floor":2.0,"turns":4.0},{"damage":7,"enemies":"Jaw Worm","floor":4,"turns":3},{"damage":12,"enemies":"Looter","floor":5,"turns":3},{"damage":25,"enemies":"Lagavulin","floor":6,"turns":7},{"damage":0,"enemies":"Gremlin Nob","floor":13,"turns":3},{"damage":11,"enemies":"Lots of Slimes","floor":14,"turns":3},{"damage":37,"enemies":"Hexaghost","floor":16,"turns":9}],"seed_played":"-2842888515438141502","potions_obtained":[{"floor":2.0,"key":"ElixirPotion"},{"floor":5,"key":"ColorlessPotion"},{"floor":14,"key":"Weak Potion"}],"is_trial":false,"path_per_floor":["M","M","?","M","M","E","?","R","T","?","?","$","E","M","R","B"],"character_chosen":"IRONCLAD","items_purchased":["Sling"],"campfire_rested":1,"item_purchase_floors":[12],"current_hp_per_floor":[61,65,58,57,51,32,32,32,32,14,14,14,20,15,37,0,0],"gold":120,"neow_bonus":"RANDOM_COMMON_RELIC","is_daily":false,"chose_seed":false,"campfire_upgraded":1,"win_rate":0.0,"timestamp":1613178068,"path_taken":["M","M","?","?","M","E","?","R","T","?","?","?","E","M","R","BOSS"],"items_purchased_type":["Relic"],"build_version":"2020-12-22","purchased_purges":0,"victory":false,"max_hp_per_floor":[75,75,75,75,75,75,75,75,75,75,75,75,75,75,75,75,75],"relic_stats":{"counters":[8,36],"Golden Idol":10,"Bird Faced Urn":[0],"Whetstone":["Strike_R","Strike_R"],"Orichalcum":[12],"obtain_stats":[{"Golden Idol":7,"Bird Faced Urn":6,"WingedGreaves":10,"Whetstone":0,"Orichalcum":13,"Sling":12,"Burning Blood":0,"FossilizedHelix":9},{"Golden Idol":5,"Bird Faced Urn":5,"WingedGreaves":5,"Whetstone":0,"Orichalcum":6,"Sling":5,"Burning Blood":0,"FossilizedHelix":5},{"Golden Idol":21,"Bird Faced Urn":21,"WingedGreaves":21,"Whetstone":0,"Orichalcum":24,"Sling":21,"Burning Blood":0,"FossilizedHelix":21}],"Burning Blood":42},"card_choices":[{"not_picked":["True Grit","Thunderclap"],"picked":"Whirlwind","floor":1.0},{"not_picked":["Heavy Blade","Reckless Charge"],"picked":"Cleave","floor":2.0},{"not_picked":["Searing Blow","Flex"],"picked":"Rampage","floor":4},{"not_picked":["Uppercut","Clash"],"picked":"Armaments","floor":5},{"not_picked":["Sword Boomerang","Anger"],"picked":"Fiend Fire","floor":6},{"not_picked":["Havoc","Power Through","Dual Wield"],"picked":"SKIP","floor":13},{"not_picked":["Twin Strike","Cleave"],"picked":"Sword Boomerang","floor":14}],"player_experience":551416,"relics_obtained":[{"floor":6,"key":"Bird Faced Urn"},{"floor":9,"key":"FossilizedHelix"},{"floor":13,"key":"Orichalcum"}],"event_choices":[{"damage_healed":0,"gold_gain":50,"player_choice":"Touch","damage_taken":7,"max_hp_gain":0,"max_hp_loss":0,"event_name":"FaceTrader","floor":3,"gold_loss":0},{"damage_healed":0,"gold_gain":0,"player_choice":"Take Wound","damage_taken":0,"relics_obtained":["Golden Idol"],"max_hp_gain":0,"max_hp_loss":0,"event_name":"Golden Idol","floor":7,"gold_loss":0,"cards_obtained":["Injury"]},{"damage_healed":0,"gold_gain":0,"player_choice":"Success","damage_taken":18,"relics_obtained":["WingedGreaves"],"max_hp_gain":0,"max_hp_loss":0,"event_name":"Scrap Ooze","floor":10,"gold_loss":0},{"damage_healed":0,"gold_gain":0,"player_choice":"Ignored","damage_taken":0,"max_hp_gain":0,"max_hp_loss":0,"event_name":"Liars Game","floor":11,"gold_loss":0}],"is_beta":false,"boss_relics":[],"items_purged_floors":[],"is_endless":false,"potions_floor_spawned":[2,5,14],"killed_by":"Hexaghost","ascension_level":20}}