{"host":"lv7etzzgwahaenh9","time":1613180068,"event":{"mods":["AchievementEnabler","BaseMod","Colored Map","Colored Powertips","Highlight Path","Minty Spire (QoL Compilation)","Permanent Neow","Quick Restart","Random Character Button","StSLib"],"gold_per_floor":[369,385,405,405,31,31,66,84,161,161,178,178,206,26,26,121,121,140,140,140,157,177,177,193,193,216,216,241,253,180,206,218,334,346,370,8,8,58,69,102,102,102,125,142,142,169,169,182,182,182,182,182,34,60,60,60],"floor_reached":55,"language":"ENG","playtime":3139,"items_purged":["Perfected Strike","Strike_R"],"score":1117,"play_id":"85070d37-5524-48a8-9709-27fb6e59592c","local_time":"20210212173428","is_ascension_mode":true,"campfire_choices":[{"data":"Armaments","floor":6.0,"key":"SMITH"},{"data":"Bludgeon","floor":10.0,"key":"SMITH"},{"data":"True Grit","floor":12.0,"key":"SMITH"},{"data":"Battle Trance","floor":15.0,"key":"SMITH"},{"data":"Seeing Red","floor":23.0,"key":"SMITH"},{"data":"Immolate","floor":25.0,"key":"SMITH"},{"data":"Immolate","floor":27.0,"key":"SMITH"},{"data":"Shrug It Off","floor":29.0,"key":"SMITH"},{"data":"Fire Breathing","floor":32.0,"key":"SMITH"},{"floor":42.0,"key":"REST"},{"data":"Barricade","floor":45.0,"key":"SMITH"},{"data":"Madness","floor":47.0,"key":"SMITH"},{"floor":49.0,"key":"RECALL"},{"data":"Feel No Pain","floor":52.0,"key":"SMITH"}],"circlet_count":0,"master_deck":["Strike_R","Strike_R","Strike_R","Strike_R","Defend_R","Defend_R+1","Defend_R","Defend_R+1","Bash","Battle Trance+1","True Grit+1","Armaments+1","Shrug It Off+1","Bludgeon+1","Reckless Charge","Immolate+1","Feel No Pain+1","Immolate+1","Body Slam+1","Seeing Red+1","Havoc+1","True Grit+1","Fire Breathing+1","Barricade+1","Warcry+1","Madness+1","Madness","Power Through","Feed","Warcry+1"],"relics":["Burning Blood","Incense Burner","Gambling Chip","Akabeko","Singing Bowl","Regal Pillow","Black Star","Thread and Needle","Oddly Smooth Stone","InkBottle","MawBank","Bird Faced Urn","Philosopher\u0027s Stone","FossilizedHelix","Lizard Tail","Magic Flower","Vajra","Ancient Tea Set","Bag of Preparation","War Paint","Blood Vial"],"acts_visited":["Exordium","TheCity","TheBeyond","TheEnding"],"potions_floor_usage":[54],"damage_taken":[{"damage":1.0,"enemies":"Cultist","floor":1.0,"turns":4.0},{"damage":0.0,"enemies":"2 Louse","floor":2.0,"turns":2.0},{"damage":3.0,"enemies":"Small Slimes","floor":3.0,"turns":3.0},{"damage":19.0,"enemies":"3 Sentries","floor":7.0,"turns":8.0},{"damage":3.0,"enemies":"Exordium Thugs","floor":8.0,"turns":7.0},{"damage":1.0,"enemies":"3 Louse","floor":11.0,"turns":4.0},{"damage":0.0,"enemies":"Gremlin Nob","floor":13.0,"turns":2.0},{"damage":54.0,"enemies":"Hexaghost","floor":16.0,"turns":9.0},{"damage":27.0,"enemies":"3 Byrds","floor":18.0,"turns":5.0},{"damage":0.0,"enemies":"2 Thieves","floor":21.0,"turns":4.0},{"damage":14.0,"enemies":"Snecko","floor":22.0,"turns":3.0},{"damage":0.0,"enemies":"3 Cultists","floor":24.0,"turns":4.0},{"damage":6.0,"enemies":"Book of Stabbing","floor":28.0,"turns":6.0},{"damage":0.0,"enemies":"Snake Plant","floor":31.0,"turns":4.0},{"damage":44.0,"enemies":"Automaton","floor":33.0,"turns":11.0},{"damage":0.0,"enemies":"3 Darklings","floor":35.0,"turns":1.0},{"damage":0.0,"enemies":"Mind Bloom Boss Battle","floor":38.0,"turns":4.0},{"damage":0.0,"enemies":"Orb Walker","floor":39.0,"turns":2.0},{"damage":51.0,"enemies":"Giant Head","floor":40.0,"turns":9.0},{"damage":11.0,"enemies":"Writhing Mass","floor":44.0,"turns":9.0},{"damage":11.0,"enemies":"Nemesis","floor":46.0,"turns":11.0},{"damage":0.0,"enemies":"4 Shapes","floor":48.0,"turns":3.0},{"damage":96.0,"enemies":"Awakened One","floor":50.0,"turns":15.0},{"damage":21,"enemies":"Shield and Spear","floor":54,"turns":5},{"damage":93,"enemies":"The Heart","floor":55,"turns":8}],"seed_played":"7715520238194025783","potions_obtained":[{"floor":1.0,"key":"Weak Potion"},{"floor":8.0,"key":"BlessingOfTheForge"},{"floor":11.0,"key":"EssenceOfSteel"},{"floor":16.0,"key":"CultistPotion"},{"floor":21.0,"key":"Energy Potion"},{"floor":28.0,"key":"HeartOfIron"},{"floor":33.0,"key":"Fire Potion"},{"floor":35.0,"key":"Energy Potion"},{"floor":39.0,"key":"Dexterity Potion"},{"floor":48.0,"key":"Ancient Potion"}],"is_trial":false,"path_per_floor":["M","M","M","?","$","R","E","M","T","R","M","R","E","$","R","B",null,"M","?","?","M","M","R","M","R","T","R","E","R","?","M","R","B",null,"M","$","?","?","M","E","?","R","T","M","R","E","R","M","R","B",null,"R","$","E","B"],"character_chosen":"IRONCLAD","items_purchased":["Gambling Chip","Perfected Strike","Armaments","Immolate","Feel No Pain","FossilizedHelix","Swift Potion"],"campfire_rested":1,"item_purchase_floors":[5,5,5,14,14,36,53],"current_hp_per_floor":[72,72,72,72,72,72,59,62,62,62,67,67,74,74,74,26,62,41,41,41,47,39,39,45,45,45,45,47,47,47,53,53,17,61,67,67,57,65,73,33,33,71,71,78,78,80,80,86,86,74,83,83,83,76,0,0],"gold":60,"neow_bonus":"TWO_FIFTY_GOLD","is_daily":false,"chose_seed":false,"campfire_upgraded":12,"win_rate":0.0,"timestamp":1613180068,"path_taken":["M","?","M","?","$","R","E","?","T","R","M","R","E","$","R","BOSS","M","?","?","M","?","R","M","R","T","R","E","R","?","M","R","BOSS","M","$","?","?","M","E","?","R","T","?","R","E","R","M","R","BOSS","R","$","E","BOSS"],"items_purchased_type":["Relic","Card","Card","Card","Card","Relic","Potion"],"build_version":"2020-12-22","purchased_purges":2,"victory":false,"max_hp_per_floor":[72,72,72,72,72,72,72,72,72,72,72,72,74,74,74,74,74,74,74,74,74,74,74,74,74,74,74,76,76,76,76,76,76,76,76,76,76,76,78,78,78,78,78,80,80,82,82,86,86,86,86,86,86,88,88,88],"card_choices":[{"not_picked":["Ghostly Armor","Warcry"],"picked":"Perfected Strike","floor":1.0},{"not_picked":["Cleave","Clothesline"],"picked":"Battle Trance","floor":2.0},{"not_picked":["Inflame","Sentinel"],"picked":"True Grit","floor":3.0},{"not_picked":["Heavy Blade","Perfected Strike"],"picked":"Shrug It Off","floor":7.0},{"not_picked":["Clothesline","Thunderclap"],"picked":"Bludgeon","floor":8.0},{"not_picked":["Dual Wield","Heavy Blade"],"picked":"Reckless Charge","floor":11.0},{"not_picked":["Headbutt","Dark Embrace","Clothesline"],"picked":"Singing Bowl","floor":13.0},{"not_picked":["Limit Break","Berserk"],"picked":"Immolate","floor":16.0},{"not_picked":["Feel No Pain","Clothesline"],"picked":"Body Slam","floor":18.0},{"not_picked":["Cleave","Havoc"],"picked":"Seeing Red","floor":21.0},{"not_picked":["Cleave","Body Slam+1"],"picked":"Havoc+1","floor":22.0},{"not_picked":["Body Slam","Twin Strike"],"picked":"True Grit+1","floor":24.0},{"not_picked":["Anger+1","Clash","Rupture"],"picked":"Singing Bowl","floor":28.0},{"not_picked":["Disarm","Pommel Strike"],"picked":"Fire Breathing","floor":31.0},{"not_picked":["Fiend Fire","Offering"],"picked":"Barricade","floor":33.0},{"not_picked":["Clothesline","Dual Wield"],"picked":"Warcry+1","floor":35.0},{"not_picked":["Twin Strike","Havoc+1"],"picked":"Power Through","floor":38.0},{"not_picked":["Headbutt","Heavy Blade","Body Slam+1"],"picked":"Singing Bowl","floor":39.0},{"not_picked":["Fire Breathing","Berserk"],"picked":"Feed","floor":40.0},{"not_picked":["Dual Wield+1","Shrug It Off","Whirlwind+1"],"picked":"Singing Bowl","floor":44.0},{"not_picked":["Clothesline+1","Dual Wield","Body Slam"],"picked":"Singing Bowl","floor":46.0},{"not_picked":["Flex+1","Perfected Strike+1"],"picked":"Warcry+1","floor":48.0},{"not_picked":["Hemokinesis","Thunderclap","Warcry"],"picked":"Singing Bowl","floor":54}],"player_experience":349305,"relics_obtained":[{"floor":7.0,"key":"Akabeko"},{"floor":9.0,"key":"Singing Bowl"},{"floor":13.0,"key":"Regal Pillow"},{"floor":26.0,"key":"Oddly Smooth Stone"},{"floor":28.0,"key":"InkBottle"},{"floor":28.0,"key":"MawBank"},{"floor":38.0,"key":"Lizard Tail"},{"floor":40.0,"key":"Magic Flower"},{"floor":40.0,"key":"Vajra"},{"floor":46.0,"key":"Ancient Tea Set"},{"floor":46.0,"key":"Bag of Preparation"},{"floor":54,"key":"War Paint"},{"floor":54,"key":"Blood Vial"}],"event_choices":[{"damage_healed":0.0,"max_hp_gain":0.0,"max_hp_loss":0.0,"gold_gain":0.0,"event_name":"WeMeetAgain","player_choice":"Gave Potion","floor":4.0,"gold_loss":0.0,"damage_taken":0.0,"relics_obtained":["Incense Burner"]},{"damage_healed":0.0,"max_hp_gain":0.0,"max_hp_loss":0.0,"gold_gain":0.0,"event_name":"The Mausoleum","player_choice":"Opened","floor":19.0,"gold_loss":0.0,"damage_taken":0.0,"relics_obtained":["Thread and Needle"]},{"damage_healed":0.0,"max_hp_gain":0.0,"max_hp_loss":0.0,"gold_gain":0.0,"event_name":"Upgrade Shrine","player_choice":"Upgraded","floor":20.0,"gold_loss":0.0,"damage_taken":0.0,"cards_upgraded":["Body Slam"]},{"damage_healed":0.0,"max_hp_gain":0.0,"max_hp_loss":0.0,"gold_gain":0.0,"event_name":"Addict","player_choice":"Obtained Relic","floor":30.0,"gold_loss":85.0,"damage_taken":0.0,"relics_obtained":["Bird Faced Urn"]},{"damage_healed":0.0,"max_hp_gain":0.0,"max_hp_loss":0.0,"gold_gain":0.0,"event_name":"Winding Halls","player_choice":"Embrace Madness","floor":37.0,"gold_loss":0.0,"damage_taken":10.0,"cards_obtained":["Madness","Madness"]},{"damage_healed":0.0,"max_hp_gain":0.0,"max_hp_loss":0.0,"gold_gain":0.0,"event_name":"MindBloom","player_choice":"Fight","floor":38.0,"gold_loss":0.0,"damage_taken":0.0},{"cards_removed":["Perfected Strike"],"damage_healed":0.0,"max_hp_gain":0.0,"max_hp_loss":0.0,"gold_gain":0.0,"event_name":"Purifier","player_choice":"Purged","floor":41.0,"gold_loss":0.0,"damage_taken":0.0}],"is_beta":false,"boss_relics":[{"not_picked":["Calling Bell","Pandora\u0027s Box"],"picked":"Black Star"},{"not_picked":["Velvet Choker","SlaversCollar"],"picked":"Philosopher\u0027s Stone"}],"items_purged_floors":[36,53],"is_endless":false,"potions_floor_spawned":[1,8,11,16,21,28,33,35,39,48],"killed_by":"The Heart","ascension_level":9}}