{"host":"kvo7eymyd21g9abd","time":1613252711,"event":{"mods":["AchievementEnabler","BaseMod","Bestiary","Colored Map","Minty Spire (QoL Compilation)","StSLib"],"gold_per_floor":[119,134,149,149,169,169,198,215,215,215,63,82,96,153,153,249,249,263,263,40,40,54,54,54,54],"floor_reached":24,"language":"ENG","playtime":847,"items_purged":[],"score":253,"play_id":"56fb7b5d-cdef-4300-8660-2a9a2075e791","local_time":"20210213164511","is_ascension_mode":true,"campfire_choices":[{"floor":6.0,"key":"RECALL"},{"floor":10.0,"key":"REST"},{"floor":15.0,"key":"REST"},{"floor":23,"key":"REST"}],"circlet_count":0,"master_deck":["Strike_P","Strike_P","Strike_P+1","Strike_P","Defend_P","Defend_P","Defend_P","Defend_P","Eruption+1","Vigilance","Evaluate","Evaluate","SandsOfTime","FlyingSleeves","Perseverance","Evaluate","LessonLearned","CurseOfTheBell","Protect+1","Pray"],"relics":["PureWater","Nunchaku","Pear","Lee\u0027s Waffle","Calling Bell","Damaru","Kunai","Gambling Chip","Bronze Scales","Enchiridion"],"acts_visited":["Exordium","TheCity"],"potions_floor_usage":[],"damage_taken":[{"damage":0.0,"enemies":"Jaw Worm","floor":1.0,"turns":5.0},{"damage":2.0,"enemies":"Cultist","floor":2.0,"turns":3.0},{"damage":3.0,"enemies":"Small Slimes","floor":3.0,"turns":3.0},{"damage":0.0,"enemies":"Exordium Wildlife","floor":5.0,"turns":2.0},{"damage":30.0,"enemies":"3 Sentries","floor":7.0,"turns":5.0},{"damage":44.0,"enemies":"Exordium Thugs","floor":8.0,"turns":3.0},{"damage":2.0,"enemies":"Blue Slaver","floor":12.0,"turns":3.0},{"damage":20.0,"enemies":"Gremlin Gang","floor":13.0,"turns":5.0},{"damage":87.0,"enemies":"Hexaghost","floor":16.0,"turns":7.0},{"damage":25.0,"enemies":"Chosen","floor":18.0,"turns":4.0},{"damage":6,"enemies":"3 Byrds","floor":22,"turns":3},{"damage":84,"enemies":"Slavers","floor":24,"turns":4}],"seed_played":"6976584230882950806","potions_obtained":[{"floor":1.0,"key":"LiquidMemories"},{"floor":3.0,"key":"SpeedPotion"},{"floor":7.0,"key":"CultistPotion"},{"floor":13.0,"key":"Regen Potion"},{"floor":18.0,"key":"Weak Potion"},{"floor":22,"key":"BottledMiracle"}],"is_trial":false,"path_per_floor":["M","M","M","?","M","R","E","M","T","R","$","M","M","?","R","B",null,"M","?","$","?","M","R","E"],"character_chosen":"WATCHER","items_purchased":["Lee\u0027s Waffle","Bronze Scales","Pray"],"campfire_rested":3,"item_purchase_floors":[11,20,20],"current_hp_per_floor":[72,70,67,67,67,67,47,3,3,27,89,87,67,67,89,2,89,64,64,64,48,42,68,0,0],"gold":54,"neow_bonus":"RANDOM_COMMON_RELIC","is_daily":false,"chose_seed":false,"campfire_upgraded":0,"win_rate":0.0,"timestamp":1613252711,"path_taken":["M","M","M","?","M","R","E","M","T","R","$","?","M","?","R","BOSS","M","?","$","?","M","R","E"],"items_purchased_type":["Relic","Relic","Card"],"build_version":"2020-12-22","purchased_purges":0,"victory":false,"max_hp_per_floor":[72,72,72,72,72,72,82,82,82,82,89,89,89,89,89,89,89,89,89,89,89,89,89,89,89],"card_choices":[{"not_picked":["Vengeance","Consecrate"],"picked":"Evaluate","floor":1.0},{"not_picked":["EmptyFist","Conclude"],"picked":"Evaluate","floor":2.0},{"not_picked":["SashWhip","CrushJoints"],"picked":"SandsOfTime","floor":3.0},{"not_picked":["Sanctity","Prostrate"],"picked":"FlyingSleeves","floor":5.0},{"not_picked":["FollowUp","Conclude"],"picked":"Perseverance","floor":7.0},{"not_picked":["Wish","Pray"],"picked":"Evaluate","floor":8.0},{"not_picked":["Protect","FollowUp","EmptyMind"],"picked":"SKIP","floor":12.0},{"not_picked":["TalkToTheHand","Consecrate","FlurryOfBlows"],"picked":"SKIP","floor":13.0},{"not_picked":["Alpha","Brilliance"],"picked":"LessonLearned","floor":16.0},{"not_picked":["FlyingSleeves","SashWhip"],"picked":"Protect+1","floor":18.0},{"not_picked":["JustLucky","FollowUp","FlurryOfBlows+1"],"picked":"SKIP","floor":22}],"player_experience":457380,"relics_obtained":[{"floor":7.0,"key":"Pear"},{"floor":17.0,"key":"Damaru"},{"floor":17.0,"key":"Kunai"},{"floor":17.0,"key":"Gambling Chip"},{"floor":21,"key":"Enchiridion"}],"event_choices":[{"damage_healed":0.0,"max_hp_gain":0.0,"max_hp_loss":0.0,"gold_gain":0.0,"event_name":"Accursed Blacksmith","player_choice":"Forge","floor":4.0,"gold_loss":0.0,"damage_taken":0.0,"cards_upgraded":["Eruption"]},{"damage_healed":0.0,"max_hp_gain":0.0,"max_hp_loss":0.0,"gold_gain":57.0,"event_name":"Golden Wing","player_choice":"Gained Gold","floor":14.0,"gold_loss":0.0,"damage_taken":0.0},{"damage_healed":0.0,"max_hp_gain":0.0,"max_hp_loss":0.0,"gold_gain":0.0,"event_name":"Vampires","player_choice":"Ignored","floor":19.0,"gold_loss":0.0,"damage_taken":0.0},{"damage_healed":0,"gold_gain":0,"player_choice":"Obtained Book","damage_taken":16,"max_hp_gain":0,"max_hp_loss":0,"event_name":"Cursed Tome","floor":21,"gold_loss":0}],"is_beta":false,"boss_relics":[{"not_picked":["Ectoplasm","VioletLotus"],"picked":"Calling Bell"}],"items_purged_floors":[],"is_endless":false,"potions_floor_spawned":[1,3,7,12,13,18,22],"killed_by":"Slavers","ascension_level":3}}