{"host":"prxrhpgaxnj4om9r","time":1613226119,"event":{"mods":["AchievementEnabler","BaseMod","DeckTracker","Minty Spire (QoL Compilation)"],"gold_per_floor":[112,122,72,87,12,12,47,64,64,77,252,252,252,269,269,372,372,392,420,400,412,423,457,119,119,119,119,201,218,218,251,251,251,251],"floor_reached":33,"language":"KOR","playtime":2222,"items_purged":["Defend_G"],"score":305,"play_id":"97313c24-787c-49e9-8e6b-28b9e3937b25","local_time":"20210213232159","is_ascension_mode":false,"campfire_choices":[{"data":"Blur","floor":6,"key":"SMITH"},{"floor":13,"key":"REST"},{"floor":15,"key":"REST"},{"floor":27,"key":"REST"},{"floor":30,"key":"REST"},{"floor":32,"key":"REST"}],"circlet_count":0,"master_deck":["Strike_G","Strike_G","Strike_G","Strike_G","Defend_G","Defend_G","Defend_G","Defend_G","Survivor","Neutralize","Blur+1","Eviscerate","Dagger Throw","Blade Dance","Deadly Poison","Doubt","Dagger Spray","Acrobatics","Wraith Form v2","Adrenaline","Deadly Poison","Backflip","Backstab","Glass Knife","Masterful Stab","Crippling Poison","Slice+1","Bane","Dagger Spray+1","Finisher+1","Choke+1","Dodge and Roll+1"],"relics":["Ring of the Snake","Dream Catcher","HornCleat","White Beast Statue","SacredBark","Red Mask","Prayer Wheel","FossilizedHelix","StoneCalendar","Ornamental Fan","Sundial"],"acts_visited":["Exordium","TheCity"],"potions_floor_usage":[1,4,7,7,10,14,16,18,19,21,23,25,25,31,33],"damage_taken":[{"damage":0,"enemies":"Jaw Worm","floor":1,"turns":2},{"damage":0,"enemies":"Small Slimes","floor":2,"turns":4},{"damage":0,"enemies":"2 Louse","floor":4,"turns":2},{"damage":44,"enemies":"Gremlin Nob","floor":7,"turns":7},{"damage":3,"enemies":"Lots of Slimes","floor":8,"turns":7},{"damage":0,"enemies":"Exordium Thugs","floor":10,"turns":3},{"damage":0,"enemies":"Exordium Wildlife","floor":14,"turns":3},{"damage":39,"enemies":"Hexaghost","floor":16,"turns":13},{"damage":0,"enemies":"3 Byrds","floor":18,"turns":5},{"damage":22,"enemies":"Masked Bandits","floor":19,"turns":6},{"damage":21,"enemies":"Chosen","floor":21,"turns":5},{"damage":19,"enemies":"Snake Plant","floor":22,"turns":5},{"damage":29,"enemies":"Slavers","floor":23,"turns":8},{"damage":31,"enemies":"Gremlin Leader","floor":25,"turns":5},{"damage":4,"enemies":"Chosen and Byrds","floor":29,"turns":6},{"damage":27,"enemies":"Book of Stabbing","floor":31,"turns":6},{"damage":53,"enemies":"Champ","floor":33,"turns":8}],"seed_played":"-4729424696550609642","potions_obtained":[{"floor":0,"key":"PowerPotion"},{"floor":0,"key":"Poison Potion"},{"floor":0,"key":"SteroidPotion"},{"floor":2,"key":"PowerPotion"},{"floor":4,"key":"LiquidMemories"},{"floor":8,"key":"Explosive Potion"},{"floor":10,"key":"FairyPotion"},{"floor":14,"key":"Fruit Juice"},{"floor":16,"key":"AttackPotion"},{"floor":18,"key":"GhostInAJar"},{"floor":19,"key":"PowerPotion"},{"floor":20,"key":"SmokeBomb"},{"floor":21,"key":"SmokeBomb"},{"floor":22,"key":"Energy Potion"},{"floor":23,"key":"AttackPotion"},{"floor":29,"key":"Weak Potion"},{"floor":31,"key":"SneckoOil"}],"is_trial":false,"path_per_floor":["M","M","?","M","$","R","E","M","T","M","?","?","R","M","R","B",null,"M","?","?","M","M","E","$","E","T","R","T","M","R","E","R","B"],"character_chosen":"THE_SILENT","items_purchased":["FossilizedHelix","Crippling Poison"],"campfire_rested":5,"item_purchase_floors":[24,24],"current_hp_per_floor":[70,70,70,70,70,70,26,23,23,23,23,11,32,37,59,20,75,75,53,53,32,13,33,33,2,2,24,24,20,42,15,37,0,0],"gold":251,"neow_bonus":"THREE_SMALL_POTIONS","is_daily":false,"chose_seed":false,"campfire_upgraded":1,"win_rate":0.0,"timestamp":1613226119,"path_taken":["M","M","?","M","$","R","E","M","T","M","?","?","R","M","R","BOSS","M","?","?","M","?","E","$","E","T","R","?","?","R","E","R","BOSS"],"items_purchased_type":["Relic","Card"],"build_version":"2020-12-22","purchased_purges":1,"victory":false,"max_hp_per_floor":[70,70,70,70,70,70,70,70,70,70,70,70,70,75,75,75,75,75,75,75,75,75,75,75,75,75,75,75,75,75,75,75,75,75],"card_choices":[{"not_picked":["Deflect","Outmaneuver","Slice"],"picked":"SKIP","floor":1},{"not_picked":["Finisher","PiercingWail"],"picked":"Blur","floor":2},{"not_picked":["Setup","Prepared"],"picked":"Eviscerate","floor":4},{"not_picked":["Cloak And Dagger","Dash"],"picked":"Dagger Throw","floor":7},{"not_picked":["Heel Hook","Bane"],"picked":"Blade Dance","floor":8},{"not_picked":["Flechettes","Quick Slash"],"picked":"Deadly Poison","floor":10},{"not_picked":["Underhanded Strike","Setup"],"picked":"Dagger Spray","floor":13},{"not_picked":["Deflect","Prepared"],"picked":"Acrobatics","floor":14},{"not_picked":["Cloak And Dagger","Sucker Punch"],"picked":"Wraith Form v2","floor":15},{"not_picked":["Grand Finale","Corpse Explosion"],"picked":"Adrenaline","floor":16},{"not_picked":["Skewer","Quick Slash"],"picked":"Deadly Poison","floor":18},{"not_picked":["Masterful Stab","Deflect+1"],"picked":"Backflip","floor":19},{"not_picked":["Dodge and Roll","Flying Knee"],"picked":"Backstab","floor":21},{"not_picked":["Slice","Underhanded Strike"],"picked":"Glass Knife","floor":22},{"not_picked":["Dodge and Roll","Predator"],"picked":"Masterful Stab","floor":23},{"not_picked":["Expertise","Cloak And Dagger"],"picked":"Slice+1","floor":27},{"not_picked":["Deadly Poison","Dodge and Roll"],"picked":"Bane","floor":29},{"not_picked":["Crippling Poison+1","Bane"],"picked":"Dagger Spray+1","floor":29},{"not_picked":["Dagger Spray","Masterful Stab"],"picked":"Finisher+1","floor":30},{"not_picked":["Tools of the Trade","Bouncing Flask"],"picked":"Choke+1","floor":31},{"not_picked":["Acrobatics","Choke+1"],"picked":"Dodge and Roll+1","floor":32}],"player_experience":434499,"relics_obtained":[{"floor":7,"key":"Dream Catcher"},{"floor":9,"key":"HornCleat"},{"floor":19,"key":"Red Mask"},{"floor":23,"key":"Prayer Wheel"},{"floor":26,"key":"StoneCalendar"},{"floor":28,"key":"Ornamental Fan"},{"floor":31,"key":"Sundial"}],"event_choices":[{"cards_removed":["Strike_G"],"damage_healed":0,"gold_gain":0,"player_choice":"Card Removal","damage_taken":0,"max_hp_gain":0,"max_hp_loss":0,"event_name":"The Cleric","floor":3,"gold_loss":50},{"damage_healed":0,"gold_gain":175,"player_choice":"AGREE","damage_taken":0,"max_hp_gain":0,"max_hp_loss":0,"event_name":"Liars Game","floor":11,"gold_loss":0,"cards_obtained":["Doubt"]},{"damage_healed":0,"gold_gain":0,"player_choice":"Success","damage_taken":12,"relics_obtained":["White Beast Statue"],"max_hp_gain":0,"max_hp_loss":0,"event_name":"Scrap Ooze","floor":12,"gold_loss":0},{"damage_healed":0,"gold_gain":0,"player_choice":"Fought Bandits","damage_taken":0,"max_hp_gain":0,"max_hp_loss":0,"event_name":"Masked Bandits","floor":19,"gold_loss":0},{"damage_healed":0,"gold_gain":0,"player_choice":"Bought 1 Potion","damage_taken":0,"max_hp_gain":0,"max_hp_loss":0,"event_name":"The Woman in Blue","floor":20,"gold_loss":0}],"is_beta":false,"boss_relics":[{"not_picked":["Sozu","SlaversCollar"],"picked":"SacredBark"}],"items_purged_floors":[5],"is_endless":false,"potions_floor_spawned":[2,4,8,10,14,16,18,19,21,22,23,25,29,31],"killed_by":"Champ","ascension_level":0}}