{"host":"mb4cisebr17g8vuz","time":1613239019,"event":{"mods":["AchievementEnabler","BaseMod","Colored Map","Colored Powertips","Minty Spire (QoL Compilation)","SuperFastMode","everything is the same but u backflip on backflip"],"gold_per_floor":[116,132,152,302,317,317,43,62,87,87,162,175,175,201,201,201,201],"floor_reached":16,"language":"KOR","playtime":479,"items_purged":[],"score":199,"play_id":"1ee20b8c-c585-446f-bf39-2a602ddd80d7","local_time":"20210213125659","is_ascension_mode":true,"campfire_choices":[{"data":"Carnage","floor":6.0,"key":"SMITH"},{"floor":15.0,"key":"REST"}],"circlet_count":0,"master_deck":["AscendersBane","Strike_R","Strike_R","Strike_R+1","Strike_R","Strike_R","Defend_R","Defend_R","Defend_R","Defend_R+1","Bash+1","Wild Strike","Cleave","Carnage+1","Flame Barrier","Pommel Strike","Uppercut"],"relics":["Burning Blood","Sundial","Happy Flower","Juzu Bracelet"],"acts_visited":["Exordium"],"potions_floor_usage":[],"damage_taken":[{"damage":0.0,"enemies":"Small Slimes","floor":1.0,"turns":4.0},{"damage":14.0,"enemies":"Jaw Worm","floor":2.0,"turns":4.0},{"damage":1.0,"enemies":"2 Louse","floor":3.0,"turns":2.0},{"damage":7.0,"enemies":"Looter","floor":5.0,"turns":4.0},{"damage":14.0,"enemies":"Red Slaver","floor":8.0,"turns":3.0},{"damage":17.0,"enemies":"Exordium Thugs","floor":12.0,"turns":3.0},{"damage":15.0,"enemies":"Lagavulin","floor":14.0,"turns":5.0},{"damage":30,"enemies":"Hexaghost","floor":16,"turns":7}],"seed_played":"-2270992620745393641","potions_obtained":[{"floor":2.0,"key":"Ancient Potion"},{"floor":3.0,"key":"PowerPotion"},{"floor":5.0,"key":"BlessingOfTheForge"}],"is_trial":false,"path_per_floor":["M","M","M","?","M","R","$","M","T","?","?","M","?","E","R","B"],"character_chosen":"IRONCLAD","items_purchased":["Sundial"],"campfire_rested":1,"item_purchase_floors":[7],"current_hp_per_floor":[74,66,71,71,70,70,70,62,62,62,51,40,17,8,30,0,0],"gold":201,"neow_bonus":"UPGRADE_CARD","is_daily":false,"chose_seed":false,"campfire_upgraded":1,"win_rate":0.0,"timestamp":1613239019,"path_taken":["M","M","M","?","M","R","$","M","T","?","?","M","?","E","R","BOSS"],"items_purchased_type":["Relic"],"build_version":"2020-12-22","purchased_purges":0,"victory":false,"max_hp_per_floor":[75,75,75,75,75,75,75,75,75,75,75,75,75,75,75,75,75],"card_choices":[{"not_picked":["Heavy Blade","Shrug It Off"],"picked":"Wild Strike","floor":1.0},{"not_picked":["Disarm","Sever Soul"],"picked":"Cleave","floor":2.0},{"not_picked":["Sword Boomerang","Barricade"],"picked":"Carnage","floor":3.0},{"not_picked":["Warcry","Sentinel"],"picked":"Flame Barrier","floor":5.0},{"not_picked":["Perfected Strike","Iron Wave"],"picked":"Pommel Strike","floor":8.0},{"not_picked":["Headbutt","Clash","Dropkick"],"picked":"SKIP","floor":12.0},{"not_picked":["Rage","Inflame"],"picked":"Uppercut","floor":14.0}],"player_experience":253918,"relics_obtained":[{"floor":9.0,"key":"Happy Flower"},{"floor":14.0,"key":"Juzu Bracelet"}],"event_choices":[{"damage_healed":0.0,"max_hp_gain":0.0,"max_hp_loss":0.0,"gold_gain":150.0,"event_name":"Liars Game","player_choice":"AGREE","floor":4.0,"gold_loss":0.0,"damage_taken":0.0,"cards_obtained":["Doubt"]},{"cards_removed":["Doubt"],"damage_healed":0.0,"max_hp_gain":0.0,"max_hp_loss":0.0,"gold_gain":0.0,"event_name":"Living Wall","player_choice":"Forget","floor":10.0,"gold_loss":0.0,"damage_taken":0.0},{"damage_healed":0.0,"max_hp_gain":0.0,"max_hp_loss":0.0,"gold_gain":75.0,"event_name":"World of Goop","player_choice":"Gather Gold","floor":11.0,"gold_loss":0.0,"damage_taken":11.0},{"damage_healed":0.0,"max_hp_gain":0.0,"max_hp_loss":0.0,"gold_gain":0.0,"event_name":"Shining Light","player_choice":"Entered Light","floor":13.0,"gold_loss":0.0,"damage_taken":23.0,"cards_upgraded":["Defend_R","Strike_R"]}],"is_beta":false,"boss_relics":[],"items_purged_floors":[],"is_endless":false,"potions_floor_spawned":[2,3,5],"killed_by":"Hexaghost","ascension_level":19}}