{"host":"dr01x95rw3kaiuk5","time":1613211535,"event":{"mods":["ATMod(°¢èªMod)","Act Like it!","Arknights","BaseMod","Colored Powertips","Conspire","Energized Spire","Friendly Minions","Gensokyo","GifTheSpireLib","KinomotoSakuraMod(Ä¾Ö®±¾Ó£)","Minty Spire (QoL Compilation)","MostiFishMod","Reliquary","Replay The Spire","Shop Mod","Spicy Shops","StSLib","TestMod","UnlockEverythingMod","[IsaacMod]ÒÔÈö¼âËþ","¡¾ÒÅÎï¿¨ÅÆ¡¿REMEMod"],"gold_per_floor":[110,110,35,35,35,62,62,78,78,110,128,144,64,81,81,155,155,174,174,33,53,53,84,97,97,169,169,199,213,247,162,162,237,237,252,652,670,439,452,485,485,485,485,79,105,115,134,145,145,145,145,145,145,145,171,171],"floor_reached":57,"language":"ZHS","playtime":2680,"items_purged":["Blizzard+1","Strike_B","Strike_B","Strike_B","Strike_B"],"score":3210,"play_id":"b96daf5a-21b6-4560-9149-9103f07eaba1","local_time":"20210213181855","is_ascension_mode":true,"campfire_choices":[{"data":"Gash","floor":15,"key":"SMITH"},{"floor":27,"key":"RECALL"},{"data":"Beam Cell","floor":32,"key":"SMITH"},{"data":"testmod-Collector","floor":42,"key":"SMITH"},{"data":"Defend_B","floor":49,"key":"PURGE"},{"data":"Hologram","floor":53,"key":"SMITH"}],"circlet_count":0,"master_deck":["AscendersBane","Defend_B","Defend_B","Zap+1","Dualcast","BloodyBrimstone","Fusion+1","AT_KingSlayer","Hologram+1","Sunder+1","Gash+1","Streamline","Go for the Eyes","MostiFishMod:Overload","Reprogram+1","Gash+1","Beam Cell+1","AT_DarkMatter","Seek","Hologram","testmod-Collector+1","Double Energy+1","Hologram","Hologram"],"relics":["Cracked Core","HushsDoor","AT_ATBox","DaveBox","REME_ComplimentaryCards","BirthdayGift-Tetrahedron","GuppysTail","testmod-Nyarlathotep","NeowsBlessing","SynthV:TestCard","ImprovedEquipment","MoneyPower","Centennial Puzzle","Potion Belt","energizedSpire:NeverEndingSparkler","AT_ArchangelStaff","SatanicBible","testmod-Antiphasic","conspire:GiftBox","HornCleat","Transparent","Prayer Wheel","D6","Thread and Needle","TheBattery","AT_EbonyIvory","testmod-AssaultLearning"],"acts_visited":["Exordium","TheCity","TheBeyond","TheEnding"],"potions_floor_usage":[16,16,56],"damage_taken":[{"damage":0.0,"enemies":"2 Louse","floor":1.0,"turns":1.0},{"damage":0,"enemies":"Gremlin Nob","floor":6,"turns":1},{"damage":0,"enemies":"Small Slimes","floor":8,"turns":1},{"damage":0,"enemies":"3 Sentries","floor":10,"turns":1},{"damage":1,"enemies":"Cultist","floor":11,"turns":1},{"damage":2,"enemies":"Large Slime","floor":12,"turns":2},{"damage":0,"enemies":"Gremlin Gang","floor":14,"turns":1},{"damage":2,"enemies":"The Guardian","floor":16,"turns":2},{"damage":2,"enemies":"Shell Parasite","floor":18,"turns":2},{"damage":0,"enemies":"Spheric Guardian","floor":21,"turns":1},{"damage":0,"enemies":"Slavers","floor":23,"turns":1},{"damage":0,"enemies":"Centurion and Healer","floor":24,"turns":1},{"damage":2,"enemies":"Book of Stabbing","floor":28,"turns":2},{"damage":0,"enemies":"Snecko","floor":29,"turns":1},{"damage":0,"enemies":"Slavers","floor":30,"turns":1},{"damage":0,"enemies":"Champ","floor":33,"turns":1},{"damage":13,"enemies":"Orb Walker","floor":35,"turns":1},{"damage":13,"enemies":"3 Shapes","floor":37,"turns":1},{"damage":13,"enemies":"Spire Growth","floor":39,"turns":1},{"damage":0,"enemies":"R_Hoarder","floor":40,"turns":1},{"damage":12,"enemies":"Giant Head","floor":45,"turns":1},{"damage":12,"enemies":"Writhing Mass","floor":46,"turns":1},{"damage":12,"enemies":"3 Darklings","floor":47,"turns":1},{"damage":12,"enemies":"Spire Growth","floor":48,"turns":1},{"damage":12,"enemies":"Donu and Deca","floor":50,"turns":1},{"damage":11,"enemies":"Replay:Hell Engine","floor":51,"turns":1},{"damage":11,"enemies":"Shield and Spear","floor":55,"turns":1},{"damage":50,"enemies":"The Heart","floor":56,"turns":4}],"seed_played":"1099980423518992619","potions_obtained":[{"floor":1.0,"key":"FearPotion"},{"floor":6,"key":"Strength Potion"},{"floor":21,"key":"SmokeBomb"},{"floor":24,"key":"Adrenaline Potion"},{"floor":28,"key":"BlessingOfTheForge"},{"floor":39,"key":"Swift Potion"},{"floor":45,"key":"Milkshake"},{"floor":46,"key":"DuplicationPotion"}],"is_trial":false,"path_per_floor":["M","?","$","?","?","E","?","M","T","E","M","M","$","M","R","B",null,"M","?","$","M","T","E","M","?","T","R","E","M","E","?","R","B",null,"M","?","M","$","M","E","?","R","T","$","E","M","M","M","R","B","B",null,"R","$","E","B",null],"character_chosen":"DEFECT","items_purchased":["Potion Belt","Gash+1","testmod-Collector","TheBattery"],"campfire_rested":0,"item_purchase_floors":[13,20,38,44],"current_hp_per_floor":[64,64,64,43,43,43,43,43,43,43,42,40,40,40,40,38,58,56,56,56,56,56,56,56,56,56,56,54,54,54,54,54,54,62,65,65,65,65,65,65,62,62,62,62,62,62,62,62,62,59,59,59,59,59,59,42],"gold":171,"neow_bonus":"THREE_ENEMY_KILL","is_daily":false,"chose_seed":false,"campfire_upgraded":4,"win_rate":0.0,"timestamp":1613211535,"path_taken":["M","?","$","?","?","E","?","M","T","E","?","M","?","M","R","BOSS","M","?","$","M","?","E","M","?","T","R","E","M","E","?","R","BOSS","M","?","M","$","M","E","?","R","T","$","E","?","M","M","R","BOSS","BOSS","R","$","E","BOSS"],"items_purchased_type":["Relic","Card","Card","Relic"],"build_version":"2020-12-22","purchased_purges":5,"victory":true,"max_hp_per_floor":[71,71,71,71,71,71,71,71,71,68,68,68,68,65,65,65,65,65,65,65,65,65,65,65,65,65,65,65,65,65,65,65,65,65,65,65,65,65,65,65,62,62,62,62,62,62,62,62,62,59,59,59,59,59,59,56],"card_choices":[{"not_picked":[],"picked":"BloodyBrimstone","floor":0.0},{"not_picked":["Tempest","Ball Lightning"],"picked":"Hologram","floor":1.0},{"not_picked":["MostiFishMod:Exploitation","Coolheaded","Tempest","Self Repair"],"picked":"Sunder","floor":6},{"not_picked":["Streamline","AT_HeatAcrobatics","ReplayTheSpireMod:Calculation Training","Redo"],"picked":"Gash","floor":8},{"not_picked":["ReplayTheSpireMod:System Scan","Chill","Stack","conspire:Rain","MostiFishMod:LinkProtocol"],"picked":"SKIP","floor":10},{"not_picked":["Turbo","Coolheaded","MostiFishMod:PushDownKick","Buffer"],"picked":"Streamline","floor":11},{"not_picked":["Hologram","Rebound","Hello World","Coolheaded"],"picked":"Go for the Eyes","floor":12},{"not_picked":["AT_WarpDrive","Cold Snap","White Noise","Turbo"],"picked":"MostiFishMod:Overload","floor":14},{"not_picked":["Leap","Rebound","Panic Button","Blizzard+1"],"picked":"Reprogram+1","floor":18},{"not_picked":["REME_Compress","Reinforced Body","Stack","AT_WarpDrive","Go for the Eyes"],"picked":"SKIP","floor":21},{"not_picked":["AT_StudyProgram","REME_DataAnalysis","Streamline","Go for the Eyes","ReplaySolidLightProjector"],"picked":"SKIP","floor":23},{"not_picked":["Genetic Algorithm","Turbo","BootSequence+1","MostiFishMod:PushDownKick"],"picked":"Beam Cell","floor":24},{"not_picked":["Darkness","MostiFishMod:GatherIntelligence","Cold Snap","AT_HeatAcrobatics","Lockon+1"],"picked":"SKIP","floor":28},{"not_picked":["Ball Lightning","Redo","AT_HeatAcrobatics","REME_Compress","Rip and Tear+1"],"picked":"SKIP","floor":29},{"not_picked":["Core Surge","ElectricPowerLearning"],"picked":"Seek","floor":30},{"not_picked":["MostiFishMod:InterfaceCompatibility","AT_HeatAcrobatics","Compile Driver","BasicCrystalCard","Stack+1"],"picked":"SKIP","floor":30},{"not_picked":["Thunder Strike","MostiFishMod:StarOceanB","MostiFishMod:Culaccino","MostiFishMod:DawningShadow"],"picked":"ReplayTheSpireMod:Fabricate Wheel","floor":33},{"not_picked":["Ball Lightning","Fan","Coolheaded","Beam Cell+1","Rebound"],"picked":"SKIP","floor":35},{"not_picked":["Beam Cell","Gash+1","Aggregate","conspire:Rain+1"],"picked":"Hologram","floor":37},{"not_picked":["Redo","Skim+1","Gash","REME_Whirling+1","Darkness+1"],"picked":"SKIP","floor":37},{"not_picked":["All For One","Go for the Eyes","Rebound","MostiFishMod:PushDownKick"],"picked":"Double Energy+1","floor":39},{"not_picked":["Rebound","Stack","conspire:Rain","AT_HeatAcrobatics","Capacitor+1"],"picked":"SKIP","floor":39},{"not_picked":["ReplayTheSpireMod:Repulse","Leap","Conserve Battery","FTL","ReplaySort"],"picked":"SKIP","floor":40},{"not_picked":["MostiFishMod:LinkProtocol","Panic Button","Streamline+1","AT_EMC2"],"picked":"Hologram","floor":45},{"not_picked":["AT_HeatAcrobatics+1","Sweeping Beam","Scrape","Cold Snap","AT_StudyProgram"],"picked":"SKIP","floor":46},{"not_picked":["Recycle","Beam Cell","Conserve Battery","Compile Driver","MostiFishMod:ReadyAimFire"],"picked":"SKIP","floor":46},{"not_picked":["Undo+1","Leap+1","Heatsinks+1","Panic Button","MostiFishMod:PushDownKick"],"picked":"SKIP","floor":47},{"not_picked":["Rip and Tear","Rebound","Genetic Algorithm","Skim","Cancel"],"picked":"SKIP","floor":47},{"not_picked":["Undo+1","Leap+1","Heatsinks+1","Panic Button","MostiFishMod:PushDownKick"],"picked":"SKIP","floor":47},{"not_picked":["Rip and Tear","Rebound","Genetic Algorithm","Skim","Cancel"],"picked":"SKIP","floor":47},{"not_picked":["Conserve Battery","Streamline","Ball Lightning","Reinforced Body"],"picked":"Hologram","floor":48},{"not_picked":["Gash","AT_DarkMatter+1","Steam Power","Barrage","Loop"],"picked":"SKIP","floor":48},{"not_picked":["Chill","BasicCrystalCard","Conserve Battery+1","Aggregate","Coolheaded"],"picked":"SKIP","floor":55}],"player_experience":272267,"relics_obtained":[{"floor":1.0,"key":"SynthV:TestCard"},{"floor":6,"key":"ImprovedEquipment"},{"floor":9,"key":"MoneyPower"},{"floor":10,"key":"Centennial Puzzle"},{"floor":23,"key":"AT_ArchangelStaff"},{"floor":26,"key":"SatanicBible"},{"floor":28,"key":"testmod-Antiphasic"},{"floor":30,"key":"conspire:GiftBox"},{"floor":40,"key":"D6"},{"floor":43,"key":"Thread and Needle"},{"floor":45,"key":"AT_EbonyIvory"},{"floor":55,"key":"testmod-AssaultLearning"}],"event_choices":[{"damage_healed":0,"gold_gain":0,"player_choice":"Entered Light","damage_taken":21,"max_hp_gain":0,"max_hp_loss":0,"event_name":"Shining Light","floor":4,"gold_loss":0,"cards_upgraded":["Fusion","Zap"]},{"damage_healed":0,"gold_gain":0,"player_choice":"Forge","damage_taken":0,"max_hp_gain":0,"max_hp_loss":0,"event_name":"Accursed Blacksmith","floor":7,"gold_loss":0,"cards_upgraded":["Sunder"]},{"damage_healed":0,"gold_gain":0,"player_choice":"Ignored","damage_taken":0,"max_hp_gain":0,"max_hp_loss":0,"event_name":"Ghosts","floor":19,"gold_loss":0},{"damage_healed":0,"gold_gain":0,"player_choice":"Read","damage_taken":0,"max_hp_gain":0,"max_hp_loss":0,"event_name":"The Library","floor":25,"gold_loss":0,"cards_obtained":["AT_DarkMatter"]},{"damage_healed":0,"gold_gain":0,"player_choice":"Obtained Relic","damage_taken":0,"relics_obtained":["HornCleat"],"max_hp_gain":0,"max_hp_loss":0,"event_name":"Addict","floor":31,"gold_loss":85},{"damage_healed":0,"gold_gain":400,"player_choice":"Sell","damage_taken":0,"max_hp_gain":0,"max_hp_loss":0,"event_name":"¶÷ÂåË¹µÄÅÌ×Ó","floor":36,"relics_lost":["testmod-TestBox"],"gold_loss":0},{"damage_healed":0,"gold_gain":0,"player_choice":"Max HP","damage_taken":0,"max_hp_gain":0,"max_hp_loss":3,"event_name":"Winding Halls","floor":41,"gold_loss":0}],"is_beta":false,"boss_relics":[{"not_picked":["RhineCircuit","energizedSpire:RedRose"],"picked":"energizedSpire:NeverEndingSparkler"},{"not_picked":[]},{"not_picked":["testmod-GoldenSoul","HereWithMe"],"picked":"Transparent"},{"not_picked":[]}],"items_purged_floors":[3,20,38,44,44],"is_endless":false,"potions_floor_spawned":[1,6,10,11,21,24,28,39,45,46,47],"ascension_level":20}}