{"host":"p0hktren06injwdf","time":1613195046,"event":{"mods":["AchievementEnabler","BaseMod","Colored Map","DeckTracker","Minty Spire (QoL Compilation)","Permanent Neow","StSLib","SuperFastMode"],"gold_per_floor":[115,134,134,134,154,154,186,186,210,231,231,256,256,256],"floor_reached":13,"language":"KOR","playtime":166,"items_purged":[],"score":170,"play_id":"490705ed-0158-4441-9291-85e1c7f53931","local_time":"20210213144406","is_ascension_mode":true,"campfire_choices":[{"data":"Eruption","floor":6,"key":"SMITH"},{"data":"Ragnarok","floor":11,"key":"SMITH"}],"circlet_count":0,"master_deck":["AscendersBane","Strike_P","Strike_P","Strike_P","Strike_P","Defend_P","Defend_P","Defend_P","Defend_P","Eruption+1","Vigilance","Ragnarok+1","Halt","MentalFortress","FlurryOfBlows","Tantrum"],"relics":["PureWater","Blood Vial","Golden Idol","Potion Belt"],"acts_visited":["Exordium"],"potions_floor_usage":[10,10,13],"damage_taken":[{"damage":4,"enemies":"2 Louse","floor":1,"turns":2},{"damage":4,"enemies":"Small Slimes","floor":2,"turns":3},{"damage":0,"enemies":"Cultist","floor":5,"turns":2},{"damage":15,"enemies":"Lagavulin","floor":7,"turns":5},{"damage":19,"enemies":"Large Slime","floor":10,"turns":7},{"damage":1,"enemies":"Looter","floor":12,"turns":3},{"damage":19,"enemies":"3 Sentries","floor":13,"turns":6}],"seed_played":"2315725444346627443","potions_obtained":[{"floor":5,"key":"Energy Potion"},{"floor":7,"key":"Energy Potion"},{"floor":10,"key":"Strength Potion"}],"is_trial":false,"path_per_floor":["M","M","$","?","M","R","E","?","T","M","R","M","E"],"character_chosen":"WATCHER","items_purchased":[],"campfire_rested":0,"item_purchase_floors":[],"current_hp_per_floor":[39,35,35,57,57,57,42,42,42,25,25,26,9,9],"gold":256,"neow_bonus":"THREE_RARE_CARDS","is_daily":false,"chose_seed":false,"campfire_upgraded":2,"win_rate":0.0,"timestamp":1613195046,"path_taken":["M","M","$","?","M","R","E","?","T","M","R","M","E"],"items_purchased_type":[],"build_version":"2020-12-22","purchased_purges":0,"victory":false,"max_hp_per_floor":[68,68,68,68,68,68,68,62,62,62,62,62,62,62],"card_choices":[{"not_picked":["ConjureBlade","Alpha"],"picked":"Ragnarok","floor":0},{"not_picked":["BowlingBash","ClearTheMind","Wireheading"],"picked":"SKIP","floor":1},{"not_picked":["Wireheading","CrushJoints"],"picked":"Halt","floor":2},{"not_picked":["EmptyFist","WreathOfFlame"],"picked":"MentalFortress","floor":5},{"not_picked":["BowlingBash","EmptyBody"],"picked":"FlurryOfBlows","floor":7},{"not_picked":["SandsOfTime","Protect","Prostrate"],"picked":"SKIP","floor":10},{"not_picked":["Halt","BowlingBash"],"picked":"Tantrum","floor":12}],"player_experience":1050970,"relics_obtained":[{"floor":7,"key":"Blood Vial"},{"floor":9,"key":"Potion Belt"}],"event_choices":[{"damage_healed":22,"gold_gain":0,"player_choice":"Banana","damage_taken":0,"max_hp_gain":0,"max_hp_loss":0,"event_name":"Big Fish","floor":4,"gold_loss":0},{"damage_healed":0,"gold_gain":0,"player_choice":"Lose Max HP","damage_taken":0,"relics_obtained":["Golden Idol"],"max_hp_gain":0,"max_hp_loss":6,"event_name":"Golden Idol","floor":8,"gold_loss":0}],"is_beta":false,"boss_relics":[],"items_purged_floors":[],"is_endless":false,"potions_floor_spawned":[5,7,10],"killed_by":"3 Sentries","ascension_level":20}}