{"host":"q8mjpf3krl0t4p3x","time":1613195357,"event":{"mods":["BaseMod","Colored Map","Colored Powertips","Googly Eyes","Minty Spire (QoL Compilation)","Quick Restart","StSLib","everything is the same but u backflip on backflip","slay the spire mod where everything is the same but ironclad has a cowboy hat"],"gold_per_floor":[115,132,151,164,176,176,194,204,204,204,204,204,234,31,31,104,104,114,132,149,64,64,64,64,77,77,104,122,122,122,122,122],"floor_reached":31,"language":"ENG","playtime":680,"items_purged":["Strike_R"],"score":431,"play_id":"5c2d9510-d2e1-4fcf-9151-27eedb5aa554","local_time":"20210212214917","is_ascension_mode":true,"campfire_choices":[{"floor":6.0,"key":"REST"},{"data":"Hemokinesis","floor":10.0,"key":"SMITH"},{"data":"Anger","floor":12.0,"key":"SMITH"},{"floor":15,"key":"REST"},{"floor":23,"key":"REST"},{"data":"Inflame","floor":29,"key":"SMITH"}],"circlet_count":0,"master_deck":["AscendersBane","Strike_R","Strike_R","Strike_R","Strike_R","Defend_R","Defend_R","Defend_R","Defend_R","Bash","Shrug It Off","Anger+1","Thunderclap","Pommel Strike","Hemokinesis+1","Iron Wave","Inflame+1","Double Tap","Necronomicurse","Inflame+1","Cleave"],"relics":["Black Blood","Calipers","Mummified Hand","Mango","Necronomicon","Art of War","Dream Catcher"],"acts_visited":["Exordium","TheCity"],"potions_floor_usage":[13,16,16,20,31,31],"damage_taken":[{"damage":10.0,"enemies":"Cultist","floor":1.0,"turns":5.0},{"damage":6.0,"enemies":"2 Louse","floor":2.0,"turns":3.0},{"damage":0.0,"enemies":"Small Slimes","floor":3.0,"turns":2.0},{"damage":17.0,"enemies":"Looter","floor":4.0,"turns":3.0},{"damage":49.0,"enemies":"Exordium Thugs","floor":5.0,"turns":5.0},{"damage":16.0,"enemies":"Blue Slaver","floor":7.0,"turns":4.0},{"damage":2.0,"enemies":"2 Fungi Beasts","floor":8.0,"turns":3.0},{"damage":17,"enemies":"Gremlin Nob","floor":13,"turns":4},{"damage":16,"enemies":"Slime Boss","floor":16,"turns":5},{"damage":22,"enemies":"2 Thieves","floor":18,"turns":4},{"damage":23,"enemies":"Spheric Guardian","floor":19,"turns":5},{"damage":41,"enemies":"Centurion and Healer","floor":20,"turns":5},{"damage":39,"enemies":"Shelled Parasite and Fungi","floor":25,"turns":4},{"damage":15,"enemies":"Snecko","floor":28,"turns":4},{"damage":53,"enemies":"Slavers","floor":31,"turns":4}],"seed_played":"-2352772761880305949","potions_obtained":[{"floor":1.0,"key":"Swift Potion"},{"floor":7.0,"key":"Regen Potion"},{"floor":11.0,"key":"Block Potion"},{"floor":13,"key":"ColorlessPotion"},{"floor":16,"key":"SkillPotion"},{"floor":19,"key":"Block Potion"},{"floor":28,"key":"BloodPotion"}],"is_trial":false,"path_per_floor":["M","M","M","M","M","R","M","M","T","R","?","R","E","$","R","B",null,"M","M","M","?","?","R","?","M","T","T","M","R","?","E"],"character_chosen":"IRONCLAD","items_purchased":["Inflame","Fire Potion"],"campfire_rested":3,"item_purchase_floors":[14,14],"current_hp_per_floor":[71,71,77,66,23,47,37,50,50,50,50,50,39,39,63,53,75,65,54,25,39,23,51,83,56,56,56,53,53,34,1,1],"gold":122,"neow_bonus":"TEN_PERCENT_HP_BONUS","is_daily":false,"chose_seed":false,"campfire_upgraded":3,"win_rate":0.0,"timestamp":1613195357,"path_taken":["M","M","?","M","M","R","M","?","T","R","?","R","E","$","R","BOSS","M","?","M","?","?","R","?","M","T","?","?","R","?","E"],"items_purchased_type":["Card","Potion"],"build_version":"2020-12-22","purchased_purges":1,"victory":false,"max_hp_per_floor":[82,82,82,82,82,82,82,82,82,82,82,82,82,82,82,82,82,82,82,82,96,96,96,96,96,96,96,96,96,101,101,101],"card_choices":[{"not_picked":["Evolve","Twin Strike"],"picked":"Shrug It Off","floor":1.0},{"not_picked":["Dual Wield","Iron Wave"],"picked":"Anger","floor":2.0},{"not_picked":["Sentinel","Body Slam","Warcry"],"picked":"SKIP","floor":3.0},{"not_picked":["Dark Embrace","Body Slam"],"picked":"Thunderclap","floor":4.0},{"not_picked":["True Grit","Warcry"],"picked":"Pommel Strike","floor":5.0},{"not_picked":["Combust","Shrug It Off"],"picked":"Hemokinesis","floor":7.0},{"not_picked":["Flex","Perfected Strike"],"picked":"Iron Wave","floor":8.0},{"not_picked":["Pummel","Warcry","Evolve"],"picked":"SKIP","floor":13},{"not_picked":["Brutality","Fiend Fire"],"picked":"Double Tap","floor":16},{"not_picked":["Flex","Havoc","Clothesline"],"picked":"SKIP","floor":18},{"not_picked":["Sword Boomerang","Clothesline","Heavy Blade"],"picked":"SKIP","floor":19},{"not_picked":["Havoc","Second Wind","Clothesline"],"picked":"SKIP","floor":20},{"not_picked":["Warcry","Fire Breathing"],"picked":"Inflame+1","floor":25},{"not_picked":["Havoc","Clash"],"picked":"Cleave","floor":28}],"player_experience":348009,"relics_obtained":[{"floor":9.0,"key":"Calipers"},{"floor":13,"key":"Mummified Hand"},{"floor":22,"key":"Necronomicon"},{"floor":26,"key":"Art of War"},{"floor":27,"key":"Dream Catcher"}],"event_choices":[{"damage_healed":0.0,"max_hp_gain":0.0,"max_hp_loss":0.0,"gold_gain":0.0,"event_name":"Lab","player_choice":"Got Potions","floor":11.0,"gold_loss":0.0,"damage_taken":0.0},{"damage_healed":0,"gold_gain":0,"player_choice":"Obtained Relic","damage_taken":0,"relics_obtained":["Mango"],"max_hp_gain":0,"max_hp_loss":0,"event_name":"Addict","floor":21,"gold_loss":85},{"damage_healed":0,"gold_gain":0,"player_choice":"Obtained Book","damage_taken":16,"max_hp_gain":0,"max_hp_loss":0,"event_name":"Cursed Tome","floor":22,"gold_loss":0},{"damage_healed":32,"gold_gain":0,"player_choice":"Heal","damage_taken":0,"max_hp_gain":0,"max_hp_loss":0,"event_name":"The Library","floor":24,"gold_loss":0},{"damage_healed":0,"gold_gain":0,"player_choice":"Shed Blood","damage_taken":24,"max_hp_gain":5,"max_hp_loss":0,"event_name":"Forgotten Altar","floor":30,"gold_loss":0}],"is_beta":false,"boss_relics":[{"not_picked":["Cursed Key","Black Star"],"picked":"Black Blood"}],"items_purged_floors":[14],"is_endless":false,"potions_floor_spawned":[1,7,13,16,19,28],"killed_by":"Slavers","ascension_level":14}}