{"host":"4rvakrj1idbgia3f","time":1613219004,"event":{"mods":["BaseMod","Colored Map","Colored Powertips","DeckTracker","Highlight Path","Minty Spire (QoL Compilation)","Random Character Button","StSLib"],"gold_per_floor":[109,21,21,42,42,42,81,81,107,125,77,77,111,130,130,220,220,238,238,254,15,30,30,30,30],"floor_reached":24,"language":"JPN","playtime":3348,"items_purged":["Strike_G"],"score":408,"play_id":"d1a03247-5169-458d-8495-fb14c6d61493","local_time":"20210213212324","is_ascension_mode":true,"campfire_choices":[{"data":"Dagger Spray","floor":6,"key":"SMITH"},{"floor":8,"key":"REST"},{"data":"Dash","floor":12,"key":"SMITH"},{"data":"Poisoned Stab","floor":15,"key":"SMITH"},{"data":"Catalyst","floor":23,"key":"SMITH"}],"circlet_count":0,"master_deck":["AscendersBane","Strike_G+1","Strike_G","Strike_G","Strike_G","Defend_G","Defend_G","Defend_G","Defend_G","Survivor","Neutralize+1","Riddle With Holes","Dagger Spray+1","Dash+1","Well Laid Plans","Poisoned Stab+1","Deflect","Catalyst+1","Doppelganger","Escape Plan","Deadly Poison+1"],"relics":["Ring of the Snake","Juzu Bracelet","Golden Idol","Letter Opener","Boot","Gambling Chip","Coffee Dripper","Happy Flower"],"acts_visited":["Exordium","TheCity"],"potions_floor_usage":[7,16,20],"damage_taken":[{"damage":0,"enemies":"2 Louse","floor":1,"turns":4},{"damage":0,"enemies":"Cultist","floor":4,"turns":3},{"damage":34,"enemies":"Gremlin Nob","floor":7,"turns":5},{"damage":1,"enemies":"Jaw Worm","floor":10,"turns":2},{"damage":7,"enemies":"3 Sentries","floor":13,"turns":5},{"damage":2,"enemies":"Exordium Wildlife","floor":14,"turns":2},{"damage":13,"enemies":"Slime Boss","floor":16,"turns":8},{"damage":5,"enemies":"3 Byrds","floor":18,"turns":4},{"damage":8,"enemies":"2 Thieves","floor":20,"turns":4},{"damage":11,"enemies":"Snake Plant","floor":22,"turns":4},{"damage":27,"enemies":"Slavers","floor":24,"turns":2}],"seed_played":"2154239761556773122","potions_obtained":[{"floor":4,"key":"ColorlessPotion"},{"floor":14,"key":"SkillPotion"},{"floor":18,"key":"Fire Potion"}],"is_trial":false,"path_per_floor":["M","?","?","M","?","R","E","R","T","M","?","R","E","M","R","B",null,"M","?","M","$","M","R","E"],"character_chosen":"THE_SILENT","items_purchased":["Happy Flower"],"campfire_rested":1,"item_purchase_floors":[21],"current_hp_per_floor":[59,59,59,59,41,41,7,25,25,24,24,24,17,15,15,2,46,41,41,33,33,22,22,0,0],"gold":30,"neow_bonus":"TRANSFORM_CARD","is_daily":false,"chose_seed":false,"campfire_upgraded":4,"win_rate":0.0,"timestamp":1613219004,"path_taken":["M","?","?","M","?","R","E","R","T","M","?","R","E","M","R","BOSS","M","?","M","$","M","R","E"],"items_purchased_type":["Relic"],"build_version":"2020-12-22","purchased_purges":1,"victory":false,"max_hp_per_floor":[66,66,60,60,60,60,60,60,60,60,60,60,60,60,60,60,60,60,60,60,60,60,60,60,60],"card_choices":[{"not_picked":["Accuracy","Concentrate"],"picked":"Dagger Spray","floor":1},{"not_picked":["Flying Knee","Bouncing Flask"],"picked":"Dash","floor":4},{"not_picked":["Setup","Masterful Stab"],"picked":"Well Laid Plans","floor":7},{"not_picked":["Prepared","Deadly Poison"],"picked":"Poisoned Stab","floor":10},{"not_picked":["Dagger Throw","Masterful Stab"],"picked":"Deflect","floor":13},{"not_picked":["Finisher","Calculated Gamble"],"picked":"Catalyst","floor":14},{"not_picked":["Phantasmal Killer","Grand Finale"],"picked":"Doppelganger","floor":16},{"not_picked":["Leg Sweep","Setup","Flechettes+1"],"picked":"SKIP","floor":20},{"not_picked":["Deflect","Backflip"],"picked":"Deadly Poison+1","floor":22}],"player_experience":2349079,"relics_obtained":[{"floor":7,"key":"Letter Opener"},{"floor":9,"key":"Boot"},{"floor":13,"key":"Gambling Chip"}],"event_choices":[{"damage_healed":0,"gold_gain":0,"player_choice":"Paid Gold","damage_taken":0,"relics_obtained":["Juzu Bracelet"],"max_hp_gain":0,"max_hp_loss":0,"event_name":"WeMeetAgain","floor":2,"gold_loss":88},{"damage_healed":0,"gold_gain":0,"player_choice":"Lose Max HP","damage_taken":0,"relics_obtained":["Golden Idol"],"max_hp_gain":0,"max_hp_loss":6,"event_name":"Golden Idol","floor":3,"gold_loss":0},{"damage_healed":0,"gold_gain":0,"player_choice":"Entered Light","damage_taken":18,"max_hp_gain":0,"max_hp_loss":0,"event_name":"Shining Light","floor":5,"gold_loss":0,"cards_upgraded":["Neutralize","Strike_G"]},{"damage_healed":0,"gold_gain":0,"player_choice":"Left Gold","damage_taken":0,"max_hp_gain":0,"max_hp_loss":0,"event_name":"World of Goop","floor":11,"gold_loss":48},{"damage_healed":0,"gold_gain":0,"player_choice":"Read","damage_taken":0,"max_hp_gain":0,"max_hp_loss":0,"event_name":"The Library","floor":19,"gold_loss":0,"cards_obtained":["Escape Plan"]}],"is_beta":false,"boss_relics":[{"not_picked":["Velvet Choker","Empty Cage"],"picked":"Coffee Dripper"}],"items_purged_floors":[21],"is_endless":false,"potions_floor_spawned":[4,14,18],"killed_by":"Slavers","ascension_level":20}}