{"host":"fa35vd3kig5td25x","time":1613218578,"event":{"mods":["BaseMod","Colored Powertips","Minty Spire (QoL Compilation)","Relic Stats","Slay the Relics Exporter"],"gold_per_floor":[109,125,125,125,145,145,174,174,221,35,35,35,63,80,80,154,154,172,190,115,133,133,133,133,133],"floor_reached":24,"language":"ENG","playtime":983,"items_purged":["Zap"],"score":408,"play_id":"df0a67fd-f778-437f-b2d7-a6e9dfb8e14f","local_time":"20210213131618","is_ascension_mode":true,"campfire_choices":[{"data":"Static Discharge","floor":6,"key":"SMITH"},{"data":"Doom and Gloom","floor":8,"key":"SMITH"},{"data":"Ball Lightning","floor":11,"key":"SMITH"},{"data":"Sweeping Beam","floor":15,"key":"SMITH"},{"floor":23,"key":"REST"}],"circlet_count":0,"master_deck":["AscendersBane","Dualcast","Coolheaded","Static Discharge+1","Ball Lightning+1","Doom and Gloom+1","Hologram","Recycle","Reinforced Body","Sweeping Beam+1","Creative AI","Machine Learning","Capacitor","Biased Cognition","All For One","Echo Form","Force Field","Sunder","Coolheaded"],"relics":["Sozu","Strawberry","Art of War","Bronze Scales","Shovel","Pandora\u0027s Box"],"acts_visited":["Exordium","TheCity"],"potions_floor_usage":[],"damage_taken":[{"damage":4,"enemies":"Small Slimes","floor":1,"turns":4},{"damage":0,"enemies":"2 Louse","floor":2,"turns":3},{"damage":2,"enemies":"Jaw Worm","floor":5,"turns":6},{"damage":9,"enemies":"Lagavulin","floor":7,"turns":7},{"damage":15,"enemies":"3 Sentries","floor":13,"turns":3},{"damage":8,"enemies":"Blue Slaver","floor":14,"turns":3},{"damage":10,"enemies":"Slime Boss","floor":16,"turns":8},{"damage":36,"enemies":"Chosen","floor":18,"turns":5},{"damage":26,"enemies":"2 Thieves","floor":19,"turns":4},{"damage":3,"enemies":"3 Cultists","floor":21,"turns":3},{"damage":49,"enemies":"Slavers","floor":24,"turns":3}],"seed_played":"610279101781980238","potions_obtained":[],"is_trial":false,"path_per_floor":["M","M","?","?","M","R","E","R","T","$","R","?","E","M","R","B",null,"M","M","$","M","?","R","E"],"character_chosen":"DEFECT","items_purchased":["Bronze Scales","Hologram"],"campfire_rested":1,"item_purchase_floors":[10,10],"current_hp_per_floor":[60,60,65,65,63,63,61,61,61,61,61,61,46,38,38,28,69,33,7,7,4,21,45,0,0],"gold":133,"neow_bonus":"BOSS_RELIC","is_daily":false,"chose_seed":false,"campfire_upgraded":4,"win_rate":0.0,"timestamp":1613218578,"path_taken":["M","M","?","?","M","R","E","R","T","$","R","?","E","M","R","BOSS","M","M","$","M","?","R","E"],"items_purchased_type":["Relic","Card"],"build_version":"2020-12-22","purchased_purges":1,"victory":false,"max_hp_per_floor":[71,71,76,76,76,76,83,83,83,83,83,83,83,83,83,83,83,83,83,83,83,83,83,83,83],"relic_stats":{"Sozu":4,"Shovel":0,"counters":[11,49],"Bronze Scales":[61],"Pandora\u0027s Box":["Machine Learning","Capacitor","Biased Cognition","All For One","Echo Form","Force Field","Sunder"],"Art of War":[7],"obtain_stats":[{"Sozu":0,"Shovel":13,"Strawberry":7,"Bronze Scales":10,"Pandora\u0027s Box":17,"Art of War":9,"Cracked Core":0},{"Sozu":0,"Shovel":5,"Strawberry":4,"Bronze Scales":4,"Pandora\u0027s Box":7,"Art of War":4,"Cracked Core":0},{"Sozu":0,"Shovel":23,"Strawberry":20,"Bronze Scales":20,"Pandora\u0027s Box":34,"Art of War":20,"Cracked Core":0}]},"card_choices":[{"not_picked":["Go for the Eyes","Double Energy"],"picked":"Coolheaded","floor":1},{"not_picked":["Rebound","Streamline"],"picked":"Static Discharge","floor":2},{"not_picked":["Barrage","Glacier"],"picked":"Ball Lightning","floor":5},{"not_picked":["Stack","Echo Form"],"picked":"Doom and Gloom","floor":7},{"not_picked":["Melter","Blizzard"],"picked":"Reinforced Body","floor":13},{"not_picked":["Steam","Coolheaded"],"picked":"Sweeping Beam","floor":14},{"not_picked":["Thunder Strike","Seek"],"picked":"Creative AI","floor":16},{"not_picked":["Chaos+1","Gash"],"picked":"Coolheaded","floor":18},{"not_picked":["Conserve Battery","Beam Cell","Rip and Tear"],"picked":"SKIP","floor":19},{"not_picked":["Steam Power","Go for the Eyes","Steam"],"picked":"SKIP","floor":21}],"player_experience":3129879,"relics_obtained":[{"floor":7,"key":"Strawberry"},{"floor":9,"key":"Art of War"},{"floor":13,"key":"Shovel"}],"event_choices":[{"damage_healed":0,"gold_gain":0,"player_choice":"Donut","damage_taken":0,"max_hp_gain":5,"max_hp_loss":0,"event_name":"Big Fish","floor":3,"gold_loss":0},{"damage_healed":0,"gold_gain":0,"player_choice":"Ignored","damage_taken":0,"max_hp_gain":0,"max_hp_loss":0,"event_name":"Liars Game","floor":4,"gold_loss":0},{"damage_healed":0,"gold_gain":0,"cards_transformed":["Strike_B"],"player_choice":"Change","damage_taken":0,"max_hp_gain":0,"max_hp_loss":0,"event_name":"Living Wall","floor":12,"gold_loss":0,"cards_obtained":["Recycle"]},{"damage_healed":17,"gold_gain":0,"player_choice":"Heal","damage_taken":0,"max_hp_gain":0,"max_hp_loss":0,"event_name":"The Library","floor":22,"gold_loss":0}],"is_beta":false,"boss_relics":[{"not_picked":["Calling Bell","Coffee Dripper"],"picked":"Pandora\u0027s Box"}],"items_purged_floors":[20],"is_endless":false,"potions_floor_spawned":[2,7,16,21],"killed_by":"Slavers","ascension_level":20}}