{"host":"d73an99q9oevilk5","time":1613194416,"event":{"mods":["2.2 Compatiblity","AchievementEnabler","Act Like it!","Aspiration","BaseMod","Beaked The Cultist","Better Third Choice","BetterRewards","Colored Map","Colored Powertips","Conspire","Downfall","GifTheSpireLib","GungeonMod","Halation","Hubris","Infinite Spire","Marisa????????","Mimic Mod","Minty Spire (QoL Compilation)","Quick Restart","Relic Sorter","Reliquary","Replay The Spire","Shop Mod","Spikes Relics","StSLib","Stuff the Spire","The Bug Knight","The Cursed","The Jungle","The Necromancer","The Saiyan","Waifu the Spire","egg","slay the spire mod where everything is the same but ironclad has a cowboy hat"],"gold_per_floor":[111,124,124,141,141,141,171,171,194,205,235,235,254,274,274,274,274],"floor_reached":16,"language":"ENG","playtime":963,"items_purged":[],"score":162,"play_id":"d27614d8-0773-4ca5-abaf-98cf2881128f","local_time":"20210212223336","is_ascension_mode":false,"campfire_choices":[{"data":"HollowMod:LuriensSpire","floor":6,"key":"SMITH"},{"data":"HollowMod:TaintedHusks","floor":12,"key":"SMITH"},{"data":"HollowMod:MawleksShell","floor":15,"key":"SMITH"}],"circlet_count":0,"master_deck":["HollowMod:NailStrikeStart","HollowMod:NailStrikeStart","HollowMod:NailStrikeStart","HollowMod:NailStrikeStart+1","HollowMod:QuickDashStart","HollowMod:QuickDashStart","HollowMod:QuickDashStart","HollowMod:QuickDashStart","HollowMod:FocusHealStart","HollowMod:PogoStrike","HollowMod:HeavyBlow+1","HollowMod:SharpenedNail","HollowMod:GoodIntentions","HollowMod:CycloneSlash","HollowMod:LuriensSpire+1","HollowMod:TaintedHusks+1","HollowMod:MawleksShell+1","HollowMod:NewJinnsSoul"],"relics":["HollowMod:VesselMask","Shovel","White Beast Statue","Mango","Mummified Hand","reliquary:TatteredRug","Anchor"],"acts_visited":["Exordium"],"potions_floor_usage":[7,11,11,13,14,14,16],"damage_taken":[{"damage":1,"enemies":"Jaw Worm","floor":1,"turns":3},{"damage":0,"enemies":"Small Slimes","floor":2,"turns":2},{"damage":2,"enemies":"Cultist","floor":4,"turns":3},{"damage":32,"enemies":"HollowMod:MossKnight","floor":7,"turns":10},{"damage":8,"enemies":"Large Slime","floor":10,"turns":7},{"damage":26,"enemies":"Lagavulin","floor":11,"turns":6},{"damage":3,"enemies":"HollowMod:HuskWarrior","floor":13,"turns":5},{"damage":4,"enemies":"conspire:2 RoseBushes","floor":14,"turns":6},{"damage":56,"enemies":"HollowMod:FalseKnight","floor":16,"turns":10}],"seed_played":"4089191774498983065","potions_obtained":[{"floor":1,"key":"LiquidMemories"},{"floor":2,"key":"DuplicationPotion"},{"floor":4,"key":"Languid Potion"},{"floor":7,"key":"Flashbang"},{"floor":11,"key":"SkillPotion"},{"floor":13,"key":"sneckomod:MuddlingPotion"},{"floor":14,"key":"Adrenaline Potion"}],"is_trial":false,"path_per_floor":["M","M","?","M","?","R","E","?","T","M","E","R","M","M","R","B"],"character_chosen":"THE_BUGKNIGHT","items_purchased":["Shovel","White Beast Statue","HollowMod:HeavyBlow+1","HollowMod:SharpenedNail"],"campfire_rested":0,"item_purchase_floors":[0,0,0,0],"current_hp_per_floor":[88,88,88,86,86,86,66,66,66,68,48,48,45,47,47,0,0],"gold":274,"neow_bonus":"","is_daily":false,"chose_seed":false,"campfire_upgraded":3,"win_rate":0.0,"timestamp":1613194416,"path_taken":["M","M","?","M","?","R","E","?","T","?","E","R","M","M","R","BOSS"],"items_purchased_type":["Relic","Relic","Card","Card"],"build_version":"2020-12-22","purchased_purges":0,"victory":false,"max_hp_per_floor":[89,89,89,89,89,89,89,89,89,89,89,89,89,89,89,89,89],"card_choices":[{"not_picked":["HollowMod:InfectedAttack","HollowMod:DoubleDash"],"picked":"HollowMod:CycloneSlash","floor":1},{"not_picked":["HollowMod:MothsMistake","HollowMod:InfectedCysts","HollowMod:CloakDash"],"picked":"SKIP","floor":2},{"not_picked":["HollowMod:HeavyBlow","HollowMod:DashSlash"],"picked":"HollowMod:LuriensSpire","floor":4},{"not_picked":["HollowMod:CrystalDash","HollowMod:SiblingsSouls","HollowMod:CoiledNail"],"picked":"SKIP","floor":7},{"not_picked":["HollowMod:LifebloodCocoon","HollowMod:BlackTendrils"],"picked":"HollowMod:TaintedHusks","floor":10},{"not_picked":["HollowMod:SharpenedNail","HollowMod:WraithStrike","HollowMod:DreamGate"],"picked":"SKIP","floor":11},{"not_picked":["HollowMod:SharpenedNail","HollowMod:SharpenedShadows"],"picked":"HollowMod:MawleksShell","floor":13},{"not_picked":["HollowMod:SiblingsShadow","HollowMod:SiblingsSouls"],"picked":"HollowMod:NewJinnsSoul","floor":14}],"player_experience":1908896,"relics_obtained":[{"floor":7,"key":"Mummified Hand"},{"floor":9,"key":"reliquary:TatteredRug"},{"floor":11,"key":"Anchor"}],"event_choices":[{"damage_healed":0,"gold_gain":0,"player_choice":"Leave","damage_taken":0,"max_hp_gain":0,"max_hp_loss":0,"event_name":"The Cleric","floor":3,"gold_loss":0}],"is_beta":false,"boss_relics":[],"items_purged_floors":[],"is_endless":false,"potions_floor_spawned":[1,2,4,7,10,11,13,14],"killed_by":"HollowMod:FalseKnight","ascension_level":0}}