{"host":"hf8wn58z41rkrmnq","time":1613174504,"event":{"mods":["BaseMod","Better Third Choice","BetterRewards","Colored Map","Colored Powertips","Infinite Spire","Minty Spire (QoL Compilation)","Relic Sorter","Relic Stats","Replay The Spire","Spicy Shops","StSLib"],"gold_per_floor":[10,29,29,120,145,145,161,180,180,214,263,286,160,178,178,178,178],"floor_reached":16,"language":"ENG","playtime":1062,"items_purged":["Strike_P"],"score":108,"play_id":"63ea6bed-f0c7-4182-899b-0adfa0d5b45f","local_time":"20210212190144","is_ascension_mode":true,"campfire_choices":[{"floor":6,"key":"REST"},{"floor":15,"key":"REST"}],"circlet_count":0,"master_deck":["Strike_P+1","Strike_P","Defend_P","Defend_P","Defend_P","Eruption","Vigilance","FlurryOfBlows+1","EmptyFist","Evaluate","FearNoEvil","FlurryOfBlows","Consecrate"],"relics":["PureWater","Golden Idol","Whetstone","Bird Faced Urn","Odd Mushroom","Blood Vial"],"acts_visited":["Exordium"],"potions_floor_usage":[8,16],"damage_taken":[{"damage":7,"enemies":"2 Louse","floor":1,"turns":3},{"damage":6,"enemies":"Jaw Worm","floor":2,"turns":5},{"damage":2,"enemies":"Small Slimes","floor":5,"turns":2},{"damage":0,"enemies":"Looter","floor":7,"turns":2},{"damage":0,"enemies":"Lots of Slimes","floor":8,"turns":4},{"damage":19,"enemies":"The Mushroom Lair","floor":10,"turns":3},{"damage":0,"enemies":"Large Slime","floor":12,"turns":3},{"damage":0,"enemies":"3 Louse","floor":14,"turns":2},{"damage":83,"enemies":"Fading Forest","floor":16,"turns":9}],"seed_played":"-5343227992907967361","potions_obtained":[{"floor":4,"key":"LifebloodPotion"},{"floor":4,"key":"SmokeBomb"},{"floor":5,"key":"Milkshake"},{"floor":12,"key":"Energy Potion"}],"is_trial":false,"path_per_floor":["M","M","?","?","M","R","M","M","T","?","T","M","$","M","R","B"],"character_chosen":"WATCHER","items_purchased":["Consecrate"],"campfire_rested":2,"item_purchase_floors":[13],"current_hp_per_floor":[65,59,41,23,21,42,42,42,42,23,23,25,25,27,48,0,0],"gold":178,"neow_bonus":"REMOVE_TWO","is_daily":false,"chose_seed":false,"campfire_upgraded":0,"win_rate":0.0,"timestamp":1613174504,"path_taken":["M","M","?","?","M","R","M","M","T","?","?","?","$","M","R","BOSS"],"items_purchased_type":["Card"],"build_version":"2020-12-22","purchased_purges":1,"victory":false,"max_hp_per_floor":[72,72,72,72,72,72,72,72,72,72,72,72,72,72,72,72,72],"relic_stats":{"Blood Vial":6,"counters":[9,33],"Golden Idol":46,"Bird Faced Urn":[0],"Whetstone":["Strike_P","FlurryOfBlows"],"obtain_stats":[{"Blood Vial":11,"Golden Idol":3,"Bird Faced Urn":9,"Whetstone":4,"PureWater":0,"Odd Mushroom":10},{"Blood Vial":6,"Golden Idol":2,"Bird Faced Urn":5,"Whetstone":2,"PureWater":0,"Odd Mushroom":6},{"Blood Vial":19,"Golden Idol":8,"Bird Faced Urn":16,"Whetstone":8,"PureWater":0,"Odd Mushroom":19}]},"card_choices":[{"not_picked":["PathToVictory","Wallop","ThirdEye"],"picked":"SKIP","floor":1},{"not_picked":["Halt","FlyingSleeves"],"picked":"FlurryOfBlows","floor":2},{"not_picked":["Replay:ManipulateFuture","FollowUp"],"picked":"EmptyFist","floor":4},{"not_picked":["EmptyFist","SashWhip"],"picked":"Evaluate","floor":5},{"not_picked":["Indignation","ThirdEye","Replay:BluntJabs"],"picked":"SKIP","floor":7},{"not_picked":["LessonLearned","CutThroughFate"],"picked":"FearNoEvil","floor":8},{"not_picked":["Sanctity","BattleHymn"],"picked":"FlurryOfBlows","floor":10},{"not_picked":["Replay:Battleflow","Wireheading","Scrawl"],"picked":"SKIP","floor":12},{"not_picked":["Weave","FlurryOfBlows","WreathOfFlame"],"picked":"SKIP","floor":14}],"player_experience":254428,"relics_obtained":[{"floor":4,"key":"Whetstone"},{"floor":9,"key":"Bird Faced Urn"},{"floor":10,"key":"Odd Mushroom"},{"floor":11,"key":"Blood Vial"}],"event_choices":[{"damage_healed":0,"gold_gain":0,"player_choice":"Take Damage","damage_taken":18,"relics_obtained":["Golden Idol"],"max_hp_gain":0,"max_hp_loss":0,"event_name":"Golden Idol","floor":3,"gold_loss":0},{"damage_healed":0,"gold_gain":0,"player_choice":"Fought Mushrooms","damage_taken":0,"max_hp_gain":0,"max_hp_loss":0,"event_name":"Mushrooms","floor":10,"gold_loss":0}],"is_beta":false,"boss_relics":[],"items_purged_floors":[13],"is_endless":false,"potions_floor_spawned":[5,12],"killed_by":"Fading Forest","ascension_level":3}}