{"host":"f76wcztdlwlduum6","time":1613250662,"event":{"mods":["BaseMod","BetterRewards","Colored Powertips","Minty Spire (QoL Compilation)","Quick Restart","Rare Cards Sparkle","Relic Stats","StSLib","SuperFastMode","everything is the same but u backflip on backflip"],"gold_per_floor":[111,121,141,157,157,485,497,509,535,535,564,564,579,606,606,683,683,693,333,333,350,85,110,110,143,168,182,182,214,39,55,55,130,130,140,140,153,171,196,230,230,255,278,294,294,132,150,164,164,164,164,164,164,3,32,32,32],"floor_reached":56,"language":"ENG","playtime":1732,"items_purged":["Defend_R","Defend_R","Defend_R","Metallicize","Defend_R"],"score":2703,"play_id":"dba78a3e-665a-4bbf-adf4-512767067e2a","local_time":"20210213151102","is_ascension_mode":true,"campfire_choices":[{"data":"Feed","floor":10,"key":"SMITH"},{"data":"Offering","floor":12,"key":"SMITH"},{"data":"Inflame","floor":15,"key":"SMITH"},{"data":"Inflame","floor":24,"key":"SMITH"},{"data":"Evolve","floor":28,"key":"SMITH"},{"floor":32,"key":"RECALL"},{"data":"Inflame","floor":41,"key":"SMITH"},{"data":"Impervious","floor":49,"key":"SMITH"},{"floor":53,"key":"REST"}],"circlet_count":0,"master_deck":["AscendersBane","Bite+1","Bite+1","Bite+1","Bite+1","Bite+1","Feed+1","Bandage Up","Offering+1","Inflame+1","Inflame+1","Impervious+1","Evolve+1","Feed+1","Flash of Steel","Fire Breathing","Inflame+1","Exhume+1","Offering+1","Seeing Red+1","Rupture"],"relics":["Black Blood","HornCleat","Magic Flower","Anchor","Brimstone","Thread and Needle","Vajra","Self Forming Clay","Old Coin","Bag of Marbles","Bronze Scales","Runic Pyramid","Medical Kit","DollysMirror","Oddly Smooth Stone","Art of War","PreservedInsect","Boot","Toxic Egg 2","Pocketwatch","Centennial Puzzle","Omamori","Strawberry","Orichalcum","Lantern","Letter Opener"],"acts_visited":["Exordium","TheCity","TheBeyond","TheEnding"],"potions_floor_usage":[56],"damage_taken":[{"damage":0,"enemies":"2 Louse","floor":1,"turns":2},{"damage":6,"enemies":"Small Slimes","floor":2,"turns":4},{"damage":6,"enemies":"Cultist","floor":3,"turns":1},{"damage":6,"enemies":"Large Slime","floor":4,"turns":3},{"damage":0,"enemies":"Gremlin Nob","floor":6,"turns":3},{"damage":6,"enemies":"Blue Slaver","floor":7,"turns":4},{"damage":6,"enemies":"Looter","floor":8,"turns":1},{"damage":21,"enemies":"Lagavulin","floor":11,"turns":4},{"damage":0,"enemies":"Exordium Thugs","floor":13,"turns":3},{"damage":6,"enemies":"Gremlin Nob","floor":14,"turns":2},{"damage":26,"enemies":"Slime Boss","floor":16,"turns":7},{"damage":11,"enemies":"Shell Parasite","floor":18,"turns":3},{"damage":42,"enemies":"3 Byrds","floor":21,"turns":4},{"damage":15,"enemies":"Slavers","floor":23,"turns":3},{"damage":28,"enemies":"Gremlin Leader","floor":25,"turns":4},{"damage":21,"enemies":"Shelled Parasite and Fungi","floor":27,"turns":3},{"damage":15,"enemies":"Slavers","floor":29,"turns":2},{"damage":21,"enemies":"Snake Plant","floor":31,"turns":3},{"damage":101,"enemies":"Collector","floor":33,"turns":7},{"damage":54,"enemies":"3 Darklings","floor":35,"turns":4},{"damage":31,"enemies":"Orb Walker","floor":37,"turns":4},{"damage":70,"enemies":"4 Shapes","floor":38,"turns":4},{"damage":45,"enemies":"Mind Bloom Boss Battle","floor":39,"turns":7},{"damage":87,"enemies":"Giant Head","floor":40,"turns":6},{"damage":76,"enemies":"Nemesis","floor":42,"turns":5},{"damage":57,"enemies":"Maw","floor":44,"turns":6},{"damage":15,"enemies":"Sphere and 2 Shapes","floor":47,"turns":3},{"damage":12,"enemies":"Jaw Worm Horde","floor":48,"turns":3},{"damage":135,"enemies":"Donu and Deca","floor":50,"turns":6},{"damage":270,"enemies":"Awakened One","floor":51,"turns":9},{"damage":86,"enemies":"Shield and Spear","floor":55,"turns":5},{"damage":309,"enemies":"The Heart","floor":56,"turns":6}],"seed_played":"-6232792145657671015","potions_obtained":[{"floor":3,"key":"DistilledChaos"},{"floor":4,"key":"DuplicationPotion"}],"is_trial":false,"path_per_floor":["M","M","M","M","?","E","M","M","T","R","E","R","M","E","R","B",null,"M","$","?","M","$","E","R","E","T","M","R","E","$","M","R","B",null,"M","?","M","M","?","E","R","E","T","M","?","$","M","M","R","B","B",null,"R","$","E","B"],"character_chosen":"IRONCLAD","items_purchased":["HornCleat","Feed","Bandage Up","Metallicize","Magic Flower","Anchor","Brimstone","Thread and Needle","Vajra","Self Forming Clay","Offering","Evolve","DollysMirror","Flash of Steel","Oddly Smooth Stone","Orichalcum","Lantern"],"campfire_rested":1,"item_purchase_floors":[0,0,0,0,0,0,0,0,0,0,0,19,19,22,22,46,54],"current_hp_per_floor":[78,81,84,87,87,87,90,93,93,93,97,97,101,105,105,109,109,113,113,113,107,107,125,125,129,129,129,129,141,141,134,134,101,134,135,125,138,130,152,131,131,99,106,124,124,124,181,212,212,169,40,181,228,228,208,0,0],"gold":32,"neow_bonus":"","is_daily":false,"chose_seed":false,"campfire_upgraded":7,"win_rate":0.0,"timestamp":1613250662,"path_taken":["M","M","M","M","?","E","M","M","T","R","E","R","M","E","R","BOSS","M","$","?","?","$","E","R","E","T","M","R","E","$","M","R","BOSS","M","?","M","M","?","E","R","E","T","M","?","$","?","M","R","BOSS","BOSS","R","$","E","BOSS"],"items_purchased_type":["Relic","Card","Card","Card","Relic","Relic","Relic","Relic","Relic","Relic","Card","Card","Relic","Card","Relic","Relic","Relic"],"build_version":"2020-12-22","purchased_purges":5,"victory":false,"max_hp_per_floor":[78,81,84,87,87,87,90,93,93,93,97,97,101,105,105,109,109,113,113,113,117,117,125,125,129,129,133,133,141,141,141,141,145,145,149,149,149,161,173,177,177,177,184,188,188,188,200,212,212,220,228,228,228,228,236,236,236],"relic_stats":{"counters":[175,814],"Self Forming Clay":[426],"Black Blood":247,"Magic Flower":[458],"PreservedInsect":297,"Letter Opener":[5],"Orichalcum":[24],"Medical Kit":[28],"Boot":[138],"Centennial Puzzle":[24],"Bronze Scales":[373],"Art of War":[3],"obtain_stats":[{"TwistedFunnel":0,"Whetstone":53,"Bottled Tornado":47,"Boot":8,"Sling":21,"Old Coin":6,"Blood Vial":48,"Sundial":13,"Fusion Hammer":17,"downfall:ExtraCursedKey":19,"HandDrill":0,"Kunai":12,"Pear":0,"Blue Candle":14,"Eternal Feather":0,"Tingsha":21,"Pen Nib":5,"Guardian:PocketSentry":0,"Paper Crane":28,"Akabeko":19,"Unceasing Top":8,"Ring of the Serpent":34,"Lantern":29,"Regal Pillow":26,"Singing Bowl":0,"Torii":54,"sneckomod:BlankCard":23,"Magic Flower":0,"Bag of Preparation":54,"Cursed Key":17,"Smiling Mask":43,"Ancient Tea Set":23,"Shovel":29,"WristBlade":34,"Toolbox":47,"Chemical X":0,"Guardian:BottledAnomaly":0,"Ring of the Snake":2,"Lee\u0027s Waffle":41,"The Specimen":37,"Self Forming Clay":0,"Thread and Needle":30,"The Courier":0,"PreservedInsect":6,"Omamori":19,"Frozen Egg 2":21,"bronze:BronzeIdol":43,"Ornamental Fan":13,"Art of War":31,"Bottled Lightning":55,"hexamod:BolsterEngine":43,"Ice Cream":39,"champ:DuelingGlove":29,"Mark of the Bloom":42,"Calipers":0,"Gremlin Horn":53,"Nilry\u0027s Codex":28,"CeramicFish":0,"Vajra":6,"HoveringKite":11,"Centennial Puzzle":41,"HornCleat":0,"DollysMirror":35,"Strawberry":53,"Prayer Wheel":0,"Toxic Egg 2":34,"Happy Flower":0,"Oddly Smooth Stone":8,"Letter Opener":4,"War Paint":7,"Question Card":0,"OrangePellets":48,"Bottled Flame":21,"Brimstone":0,"Bronze Scales":7,"Molten Egg 2":28,"Black Star":17,"Pocketwatch":0,"Darkstone Periapt":26,"bronze:ElectromagneticCoil":34,"bronze:BronzeCore":0,"Black Blood":34,"Mango":47,"Snake Skull":10,"Juzu Bracelet":0,"Incense Burner":0,"PrismaticShard":14,"ClockworkSouvenir":0,"Nunchaku":9,"Tough Bandages":0,"Mummified Hand":31,"downfall:HeartBlessingBlue":0,"Slimebound:StickyStick":0,"Pantograph":40,"Tiny Chest":23,"Runic Pyramid":17,"hexamod:CandleOfCauterizing":46,"Orichalcum":46,"Medical Kit":8,"White Beast Statue":24,"Mercury Hourglass":2,"Peace Pipe":46,"Calling Bell":34,"Strange Spoon":37,"Anchor":0,"CaptainsWheel":47,"Coffee Dripper":34,"Bag of Marbles":0,"Membership Card":8,"TungstenRod":0},{"TwistedFunnel":115,"Whetstone":82,"Bottled Tornado":81,"Boot":4,"Sling":11,"Old Coin":148,"Blood Vial":24,"Sundial":34,"Fusion Hammer":66,"downfall:ExtraCursedKey":67,"HandDrill":55,"Kunai":6,"Pear":26,"Blue Candle":6,"Eternal Feather":26,"Tingsha":94,"Pen Nib":87,"Guardian:PocketSentry":55,"Paper Crane":42,"Akabeko":67,"Unceasing Top":4,"Ring of the Serpent":132,"Lantern":14,"Regal Pillow":42,"Singing Bowl":0,"Torii":83,"sneckomod:BlankCard":42,"Magic Flower":143,"Bag of Preparation":141,"Cursed Key":36,"Smiling Mask":49,"Ancient Tea Set":69,"Shovel":44,"WristBlade":102,"Toolbox":24,"Chemical X":26,"Guardian:BottledAnomaly":55,"Ring of the Snake":57,"Lee\u0027s Waffle":48,"The Specimen":75,"Self Forming Clay":143,"Thread and Needle":44,"The Courier":55,"PreservedInsect":60,"Omamori":67,"Frozen Egg 2":11,"bronze:BronzeIdol":22,"Ornamental Fan":90,"Art of War":45,"Bottled Lightning":114,"hexamod:BolsterEngine":22,"Ice Cream":106,"champ:DuelingGlove":71,"Mark of the Bloom":135,"Calipers":84,"Gremlin Horn":82,"Nilry\u0027s Codex":13,"CeramicFish":55,"Vajra":30,"HoveringKite":121,"Centennial Puzzle":20,"HornCleat":84,"DollysMirror":17,"Strawberry":53,"Prayer Wheel":0,"Toxic Egg 2":73,"Happy Flower":55,"Oddly Smooth Stone":62,"Letter Opener":28,"War Paint":61,"Question Card":0,"OrangePellets":24,"Bottled Flame":11,"Brimstone":143,"Bronze Scales":3,"Molten Egg 2":70,"Black Star":8,"Pocketwatch":26,"Darkstone Periapt":128,"bronze:ElectromagneticCoil":17,"bronze:BronzeCore":0,"Black Blood":162,"Mango":51,"Snake Skull":32,"Juzu Bracelet":0,"Incense Burner":55,"PrismaticShard":91,"ClockworkSouvenir":84,"Nunchaku":62,"Tough Bandages":115,"Mummified Hand":15,"downfall:HeartBlessingBlue":26,"Slimebound:StickyStick":55,"Pantograph":77,"Tiny Chest":69,"Runic Pyramid":154,"hexamod:CandleOfCauterizing":50,"Orichalcum":169,"Medical Kit":4,"White Beast Statue":128,"Mercury Hourglass":1,"Peace Pipe":24,"Calling Bell":73,"Strange Spoon":104,"Anchor":55,"CaptainsWheel":81,"Coffee Dripper":46,"Bag of Marbles":55,"Membership Card":4,"TungstenRod":115},{"TwistedFunnel":614,"Whetstone":288,"Bottled Tornado":281,"Boot":22,"Sling":37,"Old Coin":696,"Blood Vial":79,"Sundial":110,"Fusion Hammer":236,"downfall:ExtraCursedKey":238,"HandDrill":213,"Kunai":25,"Pear":88,"Blue Candle":25,"Eternal Feather":88,"Tingsha":386,"Pen Nib":308,"Guardian:PocketSentry":213,"Paper Crane":142,"Akabeko":238,"Unceasing Top":20,"Ring of the Serpent":651,"Lantern":46,"Regal Pillow":142,"Singing Bowl":0,"Torii":290,"sneckomod:BlankCard":142,"Magic Flower":683,"Bag of Preparation":677,"Cursed Key":118,"Smiling Mask":175,"Ancient Tea Set":243,"Shovel":149,"WristBlade":457,"Toolbox":79,"Chemical X":88,"Guardian:BottledAnomaly":213,"Ring of the Snake":218,"Lee\u0027s Waffle":170,"The Specimen":260,"Self Forming Clay":683,"Thread and Needle":149,"The Courier":213,"PreservedInsect":221,"Omamori":238,"Frozen Egg 2":37,"bronze:BronzeIdol":73,"Ornamental Fan":329,"Art of War":155,"Bottled Lightning":595,"hexamod:BolsterEngine":73,"Ice Cream":492,"champ:DuelingGlove":249,"Mark of the Bloom":658,"Calipers":296,"Gremlin Horn":288,"Nilry\u0027s Codex":45,"CeramicFish":213,"Vajra":99,"HoveringKite":624,"Centennial Puzzle":70,"HornCleat":296,"DollysMirror":60,"Strawberry":196,"Prayer Wheel":0,"Toxic Egg 2":255,"Happy Flower":213,"Oddly Smooth Stone":227,"Letter Opener":93,"War Paint":224,"Question Card":0,"OrangePellets":79,"Bottled Flame":37,"Brimstone":683,"Bronze Scales":18,"Molten Egg 2":246,"Black Star":27,"Pocketwatch":88,"Darkstone Periapt":642,"bronze:ElectromagneticCoil":60,"bronze:BronzeCore":0,"Black Blood":746,"Mango":185,"Snake Skull":104,"Juzu Bracelet":0,"Incense Burner":213,"PrismaticShard":346,"ClockworkSouvenir":296,"Nunchaku":227,"Tough Bandages":614,"Mummified Hand":48,"downfall:HeartBlessingBlue":88,"Slimebound:StickyStick":213,"Pantograph":266,"Tiny Chest":243,"Runic Pyramid":717,"hexamod:CandleOfCauterizing":180,"Orichalcum":782,"Medical Kit":20,"White Beast Statue":642,"Mercury Hourglass":3,"Peace Pipe":79,"Calling Bell":255,"Strange Spoon":479,"Anchor":213,"CaptainsWheel":281,"Coffee Dripper":163,"Bag of Marbles":213,"Membership Card":22,"TungstenRod":614}],"Pocketwatch":[13]},"card_choices":[{"not_picked":["Reckless Charge","Wild Strike"],"picked":"Inflame","floor":1},{"not_picked":["Clash","Iron Wave"],"picked":"Inflame","floor":2},{"not_picked":["Heavy Blade","Sentinel","Spot Weakness"],"picked":"SKIP","floor":3},{"not_picked":["Iron Wave","Thunderclap","Sword Boomerang"],"picked":"SKIP","floor":4},{"not_picked":["Uppercut","Combust","Barricade"],"picked":"SKIP","floor":6},{"not_picked":["Clothesline","Rupture","Combust"],"picked":"SKIP","floor":7},{"not_picked":["Clothesline","Havoc","Iron Wave"],"picked":"SKIP","floor":8},{"not_picked":["Battle Trance","Inflame","Wild Strike"],"picked":"SKIP","floor":11},{"not_picked":["Fire Breathing","Rage","Whirlwind"],"picked":"SKIP","floor":13},{"not_picked":["Power Through","Corruption","Combust"],"picked":"SKIP","floor":14},{"not_picked":["Barricade","Demon Form"],"picked":"Impervious","floor":16},{"not_picked":["Twin Strike","True Grit","Feel No Pain"],"picked":"SKIP","floor":18},{"not_picked":["Twin Strike","Flex","Headbutt"],"picked":"SKIP","floor":21},{"not_picked":["Havoc","Clothesline+1","Fiend Fire"],"picked":"SKIP","floor":23},{"not_picked":["Rupture","Cleave+1"],"picked":"Fire Breathing","floor":25},{"not_picked":["Carnage","Rupture","Cleave"],"picked":"SKIP","floor":27},{"not_picked":["Iron Wave","Searing Blow"],"picked":"Inflame","floor":29},{"not_picked":["Warcry+1","Armaments+1","Whirlwind+1"],"picked":"SKIP","floor":31},{"not_picked":["Fiend Fire","Demon Form"],"picked":"Exhume+1","floor":33},{"not_picked":["Thunderclap","Sword Boomerang","Wild Strike"],"picked":"SKIP","floor":35},{"not_picked":["Clothesline+1","Iron Wave","Headbutt"],"picked":"SKIP","floor":37},{"not_picked":["Blood for Blood","Reckless Charge","Cleave"],"picked":"SKIP","floor":38},{"not_picked":["Heavy Blade","Perfected Strike","Uppercut"],"picked":"SKIP","floor":40},{"not_picked":["Clash","Heavy Blade"],"picked":"Offering+1","floor":42},{"not_picked":["Iron Wave","Shockwave+1"],"picked":"Seeing Red+1","floor":44},{"not_picked":["Whirlwind+1","Anger","Wild Strike"],"picked":"SKIP","floor":47},{"not_picked":["Fire Breathing","Metallicize","Intimidate+1"],"picked":"SKIP","floor":48},{"not_picked":["Clash","Anger"],"picked":"Rupture","floor":55}],"player_experience":326756,"relics_obtained":[{"floor":6,"key":"Old Coin"},{"floor":11,"key":"Bag of Marbles"},{"floor":14,"key":"Bronze Scales"},{"floor":23,"key":"Art of War"},{"floor":25,"key":"PreservedInsect"},{"floor":26,"key":"Boot"},{"floor":29,"key":"Toxic Egg 2"},{"floor":39,"key":"Pocketwatch"},{"floor":40,"key":"Centennial Puzzle"},{"floor":42,"key":"Omamori"},{"floor":43,"key":"Strawberry"},{"floor":55,"key":"Letter Opener"}],"event_choices":[{"damage_healed":0,"gold_gain":0,"player_choice":"Ignored","damage_taken":0,"max_hp_gain":0,"max_hp_loss":0,"event_name":"Liars Game","floor":5,"gold_loss":0},{"damage_healed":0,"gold_gain":0,"player_choice":"Ignored","damage_taken":0,"max_hp_gain":0,"max_hp_loss":0,"event_name":"Transmorgrifier","floor":20,"gold_loss":0},{"damage_healed":0,"gold_gain":0,"player_choice":"Memory 3","damage_taken":10,"max_hp_gain":0,"max_hp_loss":0,"event_name":"SensoryStone","floor":36,"gold_loss":0},{"damage_healed":0,"gold_gain":0,"player_choice":"Fight","damage_taken":0,"max_hp_gain":0,"max_hp_loss":0,"event_name":"MindBloom","floor":39,"gold_loss":0},{"cards_removed":["Bash"],"damage_healed":0,"gold_gain":0,"player_choice":"Removed Attack","damage_taken":0,"max_hp_gain":0,"max_hp_loss":0,"event_name":"Falling","floor":45,"gold_loss":0}],"is_beta":false,"boss_relics":[{"not_picked":["Snecko Eye","Astrolabe"],"picked":"Runic Pyramid"},{"not_picked":["Sozu","Calling Bell"],"picked":"Black Blood"}],"items_purged_floors":[0,0,0,19,30],"is_endless":false,"potions_floor_spawned":[3,4,7,8,13,18,23,25,31,37,39,40,48],"killed_by":"The Heart","ascension_level":20}}