{"host":"7qoz5gmva6til3yp","time":1613238830,"event":{"mods":["2.2 Compatiblity","Astrologer","BaseMod","Minty Spire (QoL Compilation)","StSLib","SuperFastMode"],"gold_per_floor":[118,68,68,143,162,162,188,188,188,216,227,257,270,80,80,176,176,194,213,213,230,242,573,275,275,275,295,328,265,284,301,301,397,397,412,181,231,231,231,260,260,293,320,320,337,370,397,31,31,31,31,31,31,64,64],"floor_reached":56,"language":"KOR","playtime":1673,"items_purged":["Strike_G","Defend_G","Defend_G","Strike_G","Finisher+1"],"score":2511,"play_id":"300a3ce7-d572-4218-8270-43627426b616","local_time":"20210214025350","is_ascension_mode":true,"campfire_choices":[{"data":"Noxious Fumes","floor":6.0,"key":"SMITH"},{"data":"Phantasmal Killer","floor":8.0,"key":"SMITH"},{"floor":15.0,"key":"REST"},{"data":"Strike_G","floor":32.0,"key":"PURGE"},{"data":"Defend_G","floor":41,"key":"PURGE"},{"data":"Defend_G","floor":44,"key":"PURGE"},{"data":"Underhanded Strike+1","floor":49,"key":"PURGE"},{"data":"Neutralize","floor":52,"key":"PURGE"}],"circlet_count":0,"master_deck":["AscendersBane","Survivor","Dagger Throw","Phantasmal Killer+1","Underhanded Strike+1","Acrobatics","Quick Slash+1","Adrenaline","Prepared","Tactician","Backflip","Adrenaline","Adrenaline","Apotheosis","Venomology","Acrobatics","Grand Finale+1","Flash of Steel+1","Night Terror"],"relics":["Ring of the Snake","NeowsBlessing","Molten Egg 2","Sundial","Peace Pipe","Centennial Puzzle","Membership Card","HoveringKite","Old Coin","DollysMirror","Ornamental Fan","Tiny Chest","Fusion Hammer","StrikeDummy","Du-Vu Doll","TungstenRod","InkBottle","Vajra","Pen Nib","Lizard Tail","Snake Skull"],"acts_visited":["Exordium","TheCity","TheBeyond","TheEnding"],"potions_floor_usage":[37,40,50,55,55,55,55,55],"damage_taken":[{"damage":0.0,"enemies":"Small Slimes","floor":1.0,"turns":1.0},{"damage":0.0,"enemies":"Jaw Worm","floor":5.0,"turns":1.0},{"damage":0.0,"enemies":"3 Sentries","floor":7.0,"turns":2.0},{"damage":18.0,"enemies":"Gremlin Nob","floor":10.0,"turns":3.0},{"damage":0.0,"enemies":"Cultist","floor":11.0,"turns":3.0},{"damage":17.0,"enemies":"3 Sentries","floor":12.0,"turns":6.0},{"damage":0.0,"enemies":"Blue Slaver","floor":13.0,"turns":3.0},{"damage":18.0,"enemies":"Slime Boss","floor":16.0,"turns":6.0},{"damage":1.0,"enemies":"Shell Parasite","floor":18.0,"turns":3.0},{"damage":26.0,"enemies":"3 Byrds","floor":19.0,"turns":6.0},{"damage":10.0,"enemies":"Snecko","floor":21.0,"turns":5.0},{"damage":17.0,"enemies":"Centurion and Healer","floor":22.0,"turns":5.0},{"damage":9.0,"enemies":"Gremlin Leader","floor":23.0,"turns":4.0},{"damage":0.0,"enemies":"Cultist and Chosen","floor":27.0,"turns":3.0},{"damage":0.0,"enemies":"Book of Stabbing","floor":28.0,"turns":3.0},{"damage":1.0,"enemies":"Chosen and Byrds","floor":30.0,"turns":3.0},{"damage":0.0,"enemies":"Snake Plant","floor":31.0,"turns":2.0},{"damage":0.0,"enemies":"Champ","floor":33.0,"turns":5.0},{"damage":0,"enemies":"3 Darklings","floor":35,"turns":2},{"damage":0,"enemies":"Mind Bloom Boss Battle","floor":37,"turns":3},{"damage":0,"enemies":"Reptomancer","floor":40,"turns":3},{"damage":0,"enemies":"Giant Head","floor":42,"turns":2},{"damage":0,"enemies":"3 Shapes","floor":45,"turns":1},{"damage":0,"enemies":"Reptomancer","floor":46,"turns":1},{"damage":0,"enemies":"Awakened One","floor":50,"turns":2},{"damage":0,"enemies":"Shield and Spear","floor":54,"turns":1},{"damage":0,"enemies":"The Heart","floor":55,"turns":5}],"seed_played":"8046049380934724453","potions_obtained":[{"floor":1.0,"key":"Swift Potion"},{"floor":11.0,"key":"SmokeBomb"},{"floor":13.0,"key":"Weak Potion"},{"floor":16.0,"key":"SneckoOil"},{"floor":19.0,"key":"SpeedPotion"},{"floor":23.0,"key":"Fire Potion"},{"floor":28.0,"key":"GhostInAJar"}],"is_trial":false,"path_per_floor":["M","?","?","?","M","R","E","R","T","E","M","E","M","$","R","B",null,"M","M","?","M","M","E","$","?","T","M","E","$","M","M","R","B",null,"M","$","?","?","?","E","R","E","T","R","M","E","T","$","R","B",null,"R","$","E","B",null],"character_chosen":"THE_SILENT","items_purchased":["Membership Card","Adrenaline","DollysMirror","Apotheosis","StrikeDummy","Acrobatics","Grand Finale+1","Flash of Steel+1","Lizard Tail"],"campfire_rested":1,"item_purchase_floors":[14,24,24,24,36,36,48,48,48],"current_hp_per_floor":[63,63,63,52,52,52,52,52,52,34,34,17,17,17,38,20,58,57,31,31,21,4,61,61,61,61,61,61,61,60,60,60,60,68,68,68,68,68,66,66,66,66,66,66,66,66,66,66,66,66,66,66,66,66,66],"gold":64,"neow_bonus":"THREE_ENEMY_KILL","is_daily":false,"chose_seed":false,"campfire_upgraded":2,"win_rate":0.0,"timestamp":1613238830,"path_taken":["M","?","?","?","M","R","E","R","T","E","?","E","M","$","R","BOSS","M","M","?","M","?","E","$","?","T","?","E","$","M","M","R","BOSS","M","$","?","?","?","E","R","E","T","R","M","E","?","$","R","BOSS","R","$","E","BOSS"],"items_purchased_type":["Relic","Card","Relic","Card","Relic","Card","Card","Card","Relic"],"build_version":"2020-12-22","purchased_purges":5,"victory":true,"max_hp_per_floor":[70,70,70,70,70,70,70,70,70,70,70,70,70,70,70,70,70,70,70,70,70,70,70,70,70,70,70,70,70,70,70,70,70,70,70,70,70,70,66,66,66,66,66,66,66,66,66,66,66,66,66,66,66,66,66],"card_choices":[{"not_picked":["Setup","Prepared"],"picked":"Dagger Throw","floor":1.0},{"not_picked":["Bane","Poisoned Stab"],"picked":"Noxious Fumes","floor":5.0},{"not_picked":["Crippling Poison","Bane+1"],"picked":"Underhanded Strike+1","floor":7.0},{"not_picked":["Dagger Throw+1","Phantasmal Killer","Skewer+1"],"picked":"SKIP","floor":10.0},{"not_picked":["Cloak And Dagger","Slice+1"],"picked":"Acrobatics","floor":11.0},{"not_picked":["Backstab+1","Dagger Throw+1"],"picked":"Quick Slash+1","floor":12.0},{"not_picked":["Bane+1","Blade Dance","Accuracy"],"picked":"SKIP","floor":13.0},{"not_picked":["Night Terror","Die Die Die+1"],"picked":"Adrenaline","floor":16.0},{"not_picked":["Outmaneuver","Choke+1"],"picked":"Prepared","floor":18.0},{"not_picked":["Bane+1","Acrobatics"],"picked":"Tactician","floor":19.0},{"not_picked":["Setup","Bane+1","Flying Knee+1"],"picked":"SKIP","floor":21.0},{"not_picked":["Poisoned Stab+1","Dodge and Roll","Outmaneuver"],"picked":"SKIP","floor":22.0},{"not_picked":["Prepared","Flechettes+1"],"picked":"Backflip","floor":23.0},{"not_picked":["Poisoned Stab+1","Footwork","Dash+1"],"picked":"SKIP","floor":27.0},{"not_picked":["Tools of the Trade","Outmaneuver","Poisoned Stab+1"],"picked":"SKIP","floor":28.0},{"not_picked":["Sucker Punch+1","Bouncing Flask+1","Flechettes+1"],"picked":"SKIP","floor":30.0},{"not_picked":["Eviscerate+1","Tactician","Concentrate"],"picked":"SKIP","floor":31.0},{"not_picked":["Wraith Form v2","Tools of the Trade"],"picked":"Venomology","floor":33.0},{"not_picked":["Dagger Spray+1","Blade Dance+1"],"picked":"Underhanded Strike+1","floor":35},{"not_picked":["Calculated Gamble+1","Crippling Poison"],"picked":"Finisher+1","floor":40},{"not_picked":["Cloak And Dagger","Poisoned Stab+1","Heel Hook+1"],"picked":"SKIP","floor":42},{"not_picked":["Noxious Fumes","Riddle With Holes+1","Poisoned Stab+1"],"picked":"SKIP","floor":45},{"not_picked":["Flying Knee+1","Noxious Fumes","Backstab+1"],"picked":"SKIP","floor":46},{"not_picked":["Dagger Spray+1","Terror"],"picked":"Night Terror","floor":54}],"player_experience":498389,"relics_obtained":[{"floor":7.0,"key":"Molten Egg 2"},{"floor":9.0,"key":"Sundial"},{"floor":10.0,"key":"Peace Pipe"},{"floor":12.0,"key":"Centennial Puzzle"},{"floor":23.0,"key":"Old Coin"},{"floor":26.0,"key":"Ornamental Fan"},{"floor":28.0,"key":"Tiny Chest"},{"floor":37,"key":"Du-Vu Doll"},{"floor":40,"key":"TungstenRod"},{"floor":42,"key":"InkBottle"},{"floor":46,"key":"Vajra"},{"floor":47,"key":"Pen Nib"},{"floor":54,"key":"Snake Skull"}],"event_choices":[{"cards_removed":["Strike_G"],"damage_healed":0.0,"max_hp_gain":0.0,"max_hp_loss":0.0,"gold_gain":0.0,"event_name":"The Cleric","player_choice":"Card Removal","floor":2.0,"gold_loss":50.0,"damage_taken":0.0},{"damage_healed":0.0,"max_hp_gain":0.0,"max_hp_loss":0.0,"gold_gain":0.0,"cards_transformed":["Strike_G"],"event_name":"Living Wall","player_choice":"Change","floor":3.0,"gold_loss":0.0,"damage_taken":0.0,"cards_obtained":["Phantasmal Killer"]},{"damage_healed":0.0,"max_hp_gain":0.0,"max_hp_loss":0.0,"gold_gain":75.0,"event_name":"World of Goop","player_choice":"Gather Gold","floor":4.0,"gold_loss":0.0,"damage_taken":11.0},{"damage_healed":0.0,"max_hp_gain":0.0,"max_hp_loss":0.0,"gold_gain":0.0,"event_name":"N\u0027loth","player_choice":"Ignored","floor":20.0,"gold_loss":0.0,"damage_taken":0.0},{"cards_removed":["Defend_G"],"damage_healed":0.0,"max_hp_gain":0.0,"max_hp_loss":0.0,"gold_gain":0.0,"event_name":"Purifier","player_choice":"Purged","floor":25.0,"gold_loss":0.0,"damage_taken":0.0},{"damage_healed":0,"gold_gain":0,"player_choice":"Fight","damage_taken":0,"max_hp_gain":0,"max_hp_loss":0,"event_name":"MindBloom","floor":37,"gold_loss":0},{"cards_removed":["Noxious Fumes"],"damage_healed":0,"gold_gain":0,"player_choice":"Removed Power","damage_taken":0,"max_hp_gain":0,"max_hp_loss":0,"event_name":"Falling","floor":38,"gold_loss":0},{"damage_healed":0,"gold_gain":0,"player_choice":"Max HP","damage_taken":0,"max_hp_gain":0,"max_hp_loss":4,"event_name":"Winding Halls","floor":39,"gold_loss":0}],"is_beta":false,"boss_relics":[{"not_picked":["Runic Dome","WristBlade"],"picked":"HoveringKite"},{"not_picked":["Philosopher\u0027s Stone","Snecko Eye"],"picked":"Fusion Hammer"}],"items_purged_floors":[14,24,29,36,48],"is_endless":false,"potions_floor_spawned":[1,11,13,16,19,21,23,28,33,35,54],"ascension_level":12}}