{"host":"1vqon1dbpr5c1qll","time":1613217078,"event":{"mods":["2.2 Compatiblity","AchievementEnabler","BaseMod","BetterRewards","Colored Map","DeckTracker","Hermit","Highlight Path","Lobotomy","Minty Spire (QoL Compilation)","Permanent Neow","Quick Restart","Random Character Button","Replay The Spire","StSLib","SuperFastMode","The Cursed","The Servant 0.9.4","everything is the same but u backflip on backflip"],"gold_per_floor":[114,129,129,129,144,174,45,60,85,115,115,145,160,190,190,290,290,305,396,311,311,11,41,41,71,71,113,140,152,194,221,233,345,357,384,96,146,146,161,191,191,221,296,326,341,371,386,386,386,386],"floor_reached":51,"language":"KOR","playtime":3489,"items_purged":[],"score":1544,"play_id":"21bd0eb4-95db-466f-831e-3462fdfc6d4f","local_time":"20210213205118","daily_mods":["SealedDeck","Diverse","Elite Swarm"],"is_ascension_mode":false,"campfire_choices":[{"data":"Die Die Die","floor":15.0,"key":"SMITH"},{"data":"1","floor":24,"key":"LIFT"},{"data":"2","floor":32,"key":"LIFT"},{"data":"3","floor":41,"key":"LIFT"},{"floor":49,"key":"DIG"}],"circlet_count":0,"master_deck":["Rebound","Double Energy+1","Hidden Blade","hermit:Vantage","hermit:Dive","ReachHeaven","Heavy Blade","Conserve Battery","Dagger Spray","Leap","ReplayTheSpireMod:Tripwire","Dagger Spray","DeusExMachina","Twin Strike","Pommel Strike","SpiritShield+1","Judgement+1","ReplayTheSpireMod:Stacked+1","Die Die Die+1","ReplayTheSpireMod:Omega Cannon","hermit:CursedWeapon","Aggregate+1","hermit:BigShot+1","TheCursedMod:StunningStrike","Hyperbeam","hermit:Vantage+1","Omniscience+1","hermit:Desperado+1","Deflect+1","Protect+1","Feed","SpiritShield+1","Impervious+1","hermit:Ricochet+1","Barricade","ReplayTheSpireMod:Private Reserves+1"],"relics":["hermit:Momento","InkBottle","Replay:Wax Seal","Potion Belt","Toxic Egg 2","Singing Bowl","Thread and Needle","Incense Burner","SacredBark","Blood Vial","Durian","Girya","hermit:RyeStalk","Bronze Scales","MawBank","Tiny Chest","Nunchaku","Oddly Smooth Stone","Ring of Chaos","FossilizedHelix","hermit:RedScarf","Bird Faced Urn","Calipers","Pear","Kunai","Gremlin Horn","Anchor","ReplayFunnel"],"acts_visited":["TheCity","TheBeyond"],"potions_floor_usage":[25,30,33,42,44,44,50,50,50],"damage_taken":[{"damage":3.0,"enemies":"Jaw Worm","floor":1.0,"turns":3.0},{"damage":0.0,"enemies":"Cultist","floor":2.0,"turns":2.0},{"damage":0.0,"enemies":"Small Slimes","floor":5.0,"turns":3.0},{"damage":14.0,"enemies":"Lagavulin","floor":6.0,"turns":6.0},{"damage":4.0,"enemies":"Exordium Wildlife","floor":8.0,"turns":3.0},{"damage":14.0,"enemies":"Gremlin Nob","floor":10.0,"turns":3.0},{"damage":0.0,"enemies":"Lagavulin","floor":12.0,"turns":5.0},{"damage":0.0,"enemies":"Looter","floor":13.0,"turns":2.0},{"damage":0.0,"enemies":"3 Sentries","floor":14.0,"turns":4.0},{"damage":10.0,"enemies":"Hexaghost","floor":16.0,"turns":12.0},{"damage":0.0,"enemies":"3 Byrds","floor":18.0,"turns":3.0},{"damage":9,"enemies":"Replay:Snechameleon","floor":23,"turns":7},{"damage":0,"enemies":"Slavers","floor":25,"turns":2},{"damage":2,"enemies":"Gremlin Leader","floor":27,"turns":4},{"damage":2,"enemies":"Shell Parasite","floor":28,"turns":3},{"damage":7,"enemies":"Slavers","floor":30,"turns":2},{"damage":2,"enemies":"Centurion and Healer","floor":31,"turns":2},{"damage":1,"enemies":"Pondfish","floor":33,"turns":10},{"damage":0,"enemies":"3 Darklings","floor":35,"turns":1},{"damage":0,"enemies":"Mind Bloom Boss Battle","floor":37,"turns":7},{"damage":0,"enemies":"3 Shapes","floor":39,"turns":2},{"damage":9,"enemies":"R_Hoarder","floor":40,"turns":8},{"damage":0,"enemies":"Nemesis","floor":42,"turns":6},{"damage":11,"enemies":"Giant Head","floor":44,"turns":8},{"damage":5,"enemies":"Writhing Mass","floor":45,"turns":4},{"damage":0,"enemies":"R_Hoarder","floor":46,"turns":6},{"damage":0,"enemies":"Transient","floor":47,"turns":5},{"damage":0,"enemies":"Time Eater","floor":50,"turns":8}],"seed_played":"6099103822572544471","potions_obtained":[{"floor":1.0,"key":"ColorlessPotion"},{"floor":10.0,"key":"Strength Potion"},{"floor":12.0,"key":"ColorlessPotion"},{"floor":13.0,"key":"DuplicationPotion"},{"floor":14.0,"key":"Explosive Potion"},{"floor":18.0,"key":"Milkshake"},{"floor":28,"key":"BlessingOfTheForge"},{"floor":30,"key":"Toxic Potion"},{"floor":31,"key":"Elixir"},{"floor":33,"key":"AttackPotion"},{"floor":37,"key":"Elixir"},{"floor":42,"key":"Fire Potion"},{"floor":44,"key":"Weak Potion"},{"floor":45,"key":"Weak Potion"},{"floor":47,"key":"Strength Potion"}],"is_trial":false,"path_per_floor":["M","M","?","?","M","E","$","M","T","E","T","E","M","E","R","B",null,"M","?","?","?","$","E","R","E","T","E","M","?","E","M","R","B",null,"M","$","?","T","M","E","R","E","T","E","M","E","M","?","R_BF","B",null],"character_chosen":"HERMIT","items_purchased":["Replay:Wax Seal","Twin Strike","Girya","FossilizedHelix"],"campfire_rested":0,"item_purchase_floors":[7,7,22,36],"current_hp_per_floor":[72,72,72,75,75,61,61,57,57,43,43,43,43,43,43,33,75,75,57,62,80,80,71,71,75,75,75,75,75,72,74,74,75,86,86,86,86,86,86,77,77,89,89,82,88,94,100,100,100,105],"gold":386,"neow_bonus":"","is_daily":true,"chose_seed":false,"campfire_upgraded":1,"win_rate":0.0,"timestamp":1613217078,"path_taken":["M","M","?","?","M","E","$","?","T","E","?","E","?","E","R","BOSS","M","?","?","?","$","E","R","E","T","E","?","?","E","M","R","BOSS","M","$","?","?","M","E","R","E","T","E","?","E","M","?","R_BF","BOSS"],"items_purchased_type":["Relic","Card","Relic","Relic"],"build_version":"2020-12-22","purchased_purges":0,"victory":true,"max_hp_per_floor":[75,75,75,75,75,75,75,75,75,75,75,75,75,75,75,75,75,75,75,80,80,80,80,80,82,82,82,82,82,84,86,86,86,86,86,86,86,86,86,86,86,96,96,96,103,103,105,105,105,105],"card_choices":[{"not_picked":["Sneak Up","BestPractice"],"picked":"ReplayTheSpireMod:Tripwire","floor":1.0},{"not_picked":["Flechettes","Clash"],"picked":"Leg Sweep","floor":2.0},{"not_picked":["CrushJoints","Armaments"],"picked":"Dagger Spray","floor":5.0},{"not_picked":["Buffer","Sunlight"],"picked":"DeusExMachina","floor":6.0},{"not_picked":["Dagger Spray","ReplayTheSpireMod:Repulse"],"picked":"Pommel Strike","floor":8.0},{"not_picked":["Replay:LoomingThreat","KillingDoll"],"picked":"SpiritShield+1","floor":10.0},{"not_picked":["Tools of the Trade","DeusExMachina+1"],"picked":"Judgement+1","floor":12.0},{"not_picked":["Fire Breathing","Bloodletting+1"],"picked":"ReplayTheSpireMod:Stacked+1","floor":13.0},{"not_picked":["Judgement+1","Establishment"],"picked":"Die Die Die","floor":14.0},{"not_picked":["Omniscience+1","Night Terror+1"],"picked":"ReplayTheSpireMod:Omega Cannon","floor":16.0},{"not_picked":["DoubleEdge","BasicCrystalCard+1"],"picked":"hermit:CursedWeapon","floor":18.0},{"not_picked":["Swivel+1","Sentinel+1"],"picked":"Aggregate+1","floor":19},{"not_picked":["ReplaySort+1","hermit:TakeAim"],"picked":"hermit:BigShot+1","floor":19},{"not_picked":["Core Surge","Seek+1"],"picked":"TheCursedMod:StunningStrike","floor":23},{"not_picked":["Deny+1","A Thousand Cuts","hermit:DeadOrAlive"],"picked":"Singing Bowl","floor":25},{"not_picked":["TheCursedMod:VoidForm","hermit:RoundhouseKick"],"picked":"Hyperbeam","floor":27},{"not_picked":["hermit:Roulette","hermit:Headshot"],"picked":"hermit:Vantage+1","floor":28},{"not_picked":["PendulumOfEternity","hermit:OverwhelmingPower","TheCursedMod:UltimatePain+1"],"picked":"Singing Bowl","floor":30},{"not_picked":["Flex+1","hermit:Combo","ReplayReversal+1"],"picked":"Singing Bowl","floor":31},{"not_picked":["ForgedInTime+1","Doppelganger+1"],"picked":"Omniscience+1","floor":33},{"not_picked":["TheCursedMod:HellsGateOpen+1","Spin"],"picked":"hermit:Desperado+1","floor":35},{"not_picked":["Unruled+1","Replay:Vibes+1"],"picked":"Deflect+1","floor":37},{"not_picked":["BottledTime+1","Fiend Fire"],"picked":"Protect+1","floor":39},{"not_picked":["Rainbow+1","TheCursedMod:OutForBlood"],"picked":"Feed","floor":40},{"not_picked":["ReplayTheSpireMod:From All Sides","Thunder Strike"],"picked":"SpiritShield+1","floor":42},{"not_picked":["Eclipse+1","Creative AI"],"picked":"Impervious+1","floor":44},{"not_picked":["ReplayTheSpireMod:Strike From Hell+1","Adaptation"],"picked":"hermit:Ricochet+1","floor":45},{"not_picked":["Solidify+1","DeusExMachina+1"],"picked":"Barricade","floor":46},{"not_picked":["Intimidate+1","hermit:ItchyTrigger+1","Iron Wave"],"picked":"Singing Bowl","floor":47},{"not_picked":["The Bomb+1","Finesse+1"],"picked":"ReplayTheSpireMod:Private Reserves+1","floor":48}],"player_experience":984642,"relics_obtained":[{"floor":6.0,"key":"InkBottle"},{"floor":9.0,"key":"Potion Belt"},{"floor":10.0,"key":"Toxic Egg 2"},{"floor":11.0,"key":"Singing Bowl"},{"floor":12.0,"key":"Thread and Needle"},{"floor":14.0,"key":"Incense Burner"},{"floor":19,"key":"Blood Vial"},{"floor":23,"key":"hermit:RyeStalk"},{"floor":25,"key":"Bronze Scales"},{"floor":26,"key":"MawBank"},{"floor":27,"key":"Tiny Chest"},{"floor":30,"key":"Oddly Smooth Stone"},{"floor":37,"key":"hermit:RedScarf"},{"floor":38,"key":"Bird Faced Urn"},{"floor":40,"key":"Calipers"},{"floor":42,"key":"Pear"},{"floor":43,"key":"Kunai"},{"floor":44,"key":"Gremlin Horn"},{"floor":46,"key":"Anchor"},{"floor":49,"key":"ReplayFunnel"}],"event_choices":[{"damage_healed":0.0,"max_hp_gain":0.0,"max_hp_loss":0.0,"gold_gain":0.0,"event_name":"Living Wall","player_choice":"Grow","floor":3.0,"gold_loss":0.0,"damage_taken":0.0,"cards_upgraded":["Double Energy"]},{"cards_removed":["Leg Sweep"],"damage_healed":3.0,"max_hp_gain":0.0,"max_hp_loss":0.0,"gold_gain":0.0,"event_name":"Bonfire Elementals","player_choice":"Offered Uncommon","floor":4.0,"gold_loss":0.0,"damage_taken":0.0},{"damage_healed":0,"gold_gain":0,"player_choice":"Obtained Relic","damage_taken":0,"relics_obtained":["Durian"],"max_hp_gain":0,"max_hp_loss":0,"event_name":"Addict","floor":20,"gold_loss":85},{"damage_healed":26,"gold_gain":0,"player_choice":"Heal","damage_taken":0,"max_hp_gain":0,"max_hp_loss":0,"event_name":"The Library","floor":21,"gold_loss":0},{"damage_healed":0,"gold_gain":0,"player_choice":"Gave Potion","damage_taken":0,"relics_obtained":["Nunchaku"],"max_hp_gain":0,"max_hp_loss":0,"event_name":"WeMeetAgain","floor":29,"gold_loss":0},{"damage_healed":0,"gold_gain":0,"player_choice":"Fight","damage_taken":0,"max_hp_gain":0,"max_hp_loss":0,"event_name":"MindBloom","floor":37,"gold_loss":0},{"damage_healed":0,"gold_gain":0,"player_choice":"Memory 1","damage_taken":0,"max_hp_gain":0,"max_hp_loss":0,"event_name":"SensoryStone","floor":48,"gold_loss":0}],"is_beta":false,"boss_relics":[{"not_picked":["Snecko Eye","ChewingGum"],"picked":"SacredBark"},{"not_picked":["Empty Cage","Philosopher\u0027s Stone"],"picked":"Ring of Chaos"}],"items_purged_floors":[],"is_endless":false,"potions_floor_spawned":[1,10,12,13,14,18,28,30,31,33,37,42,44,45,47],"ascension_level":0}}