{"host":"8a3jzv7qxg3y7b6t","time":1613203762,"event":{"mods":["BaseMod","Better Third Choice","Downfall","Hermit","Minty Spire (QoL Compilation)","Relic Stats","StSLib","The Bug Knight","The Cursed"],"gold_per_floor":[118,132,143,108,118,118,118],"floor_reached":6,"language":"ENG","playtime":360,"items_purged":[],"score":44,"play_id":"4c2b4d05-0461-4477-994f-0a31ecc76124","local_time":"20210213000922","is_ascension_mode":true,"campfire_choices":[],"circlet_count":0,"master_deck":["HollowMod:NailStrikeStart","HollowMod:NailStrikeStart","HollowMod:NailStrikeStart","HollowMod:QuickDashStart","HollowMod:QuickDashStart","HollowMod:QuickDashStart","HollowMod:QuickDashStart","HollowMod:FocusHealStart","HollowMod:PogoStrike","HollowMod:DescendingDark","HollowMod:GoodIntentions","HollowMod:DoubleDash","HollowMod:DescendingDark"],"relics":["HollowMod:VesselMask"],"acts_visited":["Exordium"],"potions_floor_usage":[5],"damage_taken":[{"damage":0,"enemies":"Small Slimes","floor":1,"turns":2},{"damage":11,"enemies":"Jaw Worm","floor":2,"turns":7},{"damage":0,"enemies":"2 Louse","floor":3,"turns":1},{"damage":11,"enemies":"Lots of Slimes","floor":5,"turns":2},{"damage":47,"enemies":"3 Sentries","floor":6,"turns":8}],"seed_played":"-3435388217681135875","potions_obtained":[{"floor":2,"key":"SkillPotion"}],"is_trial":false,"path_per_floor":["M","M","M","?","M","E"],"character_chosen":"THE_BUGKNIGHT","items_purchased":[],"campfire_rested":0,"item_purchase_floors":[],"current_hp_per_floor":[75,68,68,75,64,23,23],"gold":118,"neow_bonus":"TRANSFORM_CARD","is_daily":false,"chose_seed":false,"campfire_upgraded":0,"win_rate":0.0,"timestamp":1613203762,"path_taken":["M","M","M","?","M","E"],"items_purchased_type":[],"build_version":"2020-12-22","purchased_purges":0,"victory":false,"max_hp_per_floor":[75,75,75,75,75,75,75],"relic_stats":{"counters":[5,20],"obtain_stats":[{"HollowMod:VesselMask":0},{"HollowMod:VesselMask":0},{"HollowMod:VesselMask":0}]},"card_choices":[{"not_picked":["HollowMod:DoubleDash","HollowMod:NewJinnsSoul"],"picked":"HollowMod:GoodIntentions","floor":1},{"not_picked":["HollowMod:ChannelNail","HollowMod:SiblingsSouls","HollowMod:SoulVessel"],"picked":"SKIP","floor":2},{"not_picked":["HollowMod:HowlingWraiths","HollowMod:CornifersMapStart"],"picked":"HollowMod:DoubleDash","floor":3},{"not_picked":["HollowMod:MantisMark","HollowMod:RecoilStrike"],"picked":"HollowMod:DescendingDark","floor":5}],"player_experience":681158,"relics_obtained":[],"event_choices":[{"damage_healed":18,"gold_gain":0,"player_choice":"Healed","damage_taken":0,"max_hp_gain":0,"max_hp_loss":0,"event_name":"The Cleric","floor":4,"gold_loss":35}],"is_beta":false,"boss_relics":[],"items_purged_floors":[],"is_endless":false,"potions_floor_spawned":[2],"killed_by":"3 Sentries","ascension_level":3}}