{"host":"utqe55yv0jihe4d6","time":1613188819,"event":{"mods":["2.2 Compatiblity","AchievementEnabler","BaseMod","Block Reminder","Colored Map","Colored Powertips","Minty Spire (QoL Compilation)","Quick Restart","Rare Cards Sparkle","Relic Stats","SuperFastMode"],"gold_per_floor":[111,16,16,16,16,50,50,77,77,89,109,109,143,160,160,231,231,247,265,30,44,55,55,55],"floor_reached":23,"language":"ENG","playtime":728,"items_purged":["Strike_G"],"score":522,"play_id":"e025e44c-50b6-4a40-b71a-d288b44d1ba6","local_time":"20210212230019","is_ascension_mode":true,"campfire_choices":[{"data":"Finisher","floor":12,"key":"SMITH"},{"data":"Noxious Fumes","floor":15,"key":"SMITH"}],"circlet_count":0,"master_deck":["AscendersBane","Strike_G","Strike_G","Defend_G","Defend_G","Defend_G","Defend_G","Defend_G","Survivor","Neutralize+1","Quick Slash","Noxious Fumes+1","Blade Dance","Finisher+1","Malaise","Catalyst","Escape Plan","Die Die Die","Night Terror","Acrobatics"],"relics":["Ring of the Snake","NeowsBlessing","PreservedInsect","Centennial Puzzle","Toy Ornithopter","Ornamental Fan","Pantograph","Cursed Key","ClockworkSouvenir"],"acts_visited":["Exordium","TheCity"],"potions_floor_usage":[16,22],"damage_taken":[{"damage":0,"enemies":"2 Louse","floor":1,"turns":1},{"damage":0,"enemies":"Lagavulin","floor":6,"turns":1},{"damage":0,"enemies":"Gremlin Nob","floor":8,"turns":1},{"damage":2,"enemies":"Jaw Worm","floor":10,"turns":2},{"damage":0,"enemies":"Small Slimes","floor":11,"turns":2},{"damage":3,"enemies":"Lagavulin","floor":13,"turns":5},{"damage":3,"enemies":"Gremlin Gang","floor":14,"turns":3},{"damage":59,"enemies":"Slime Boss","floor":16,"turns":9},{"damage":8,"enemies":"2 Thieves","floor":18,"turns":4},{"damage":11,"enemies":"3 Byrds","floor":19,"turns":5},{"damage":22,"enemies":"Centurion and Healer","floor":21,"turns":7},{"damage":2,"enemies":"Cultist and Chosen","floor":22,"turns":5},{"damage":15,"enemies":"Book of Stabbing","floor":23,"turns":6}],"seed_played":"-2122433946381487547","potions_obtained":[{"floor":6,"key":"Poison Potion"},{"floor":8,"key":"Weak Potion"},{"floor":13,"key":"PowerPotion"}],"is_trial":false,"path_per_floor":["M","$","?","?","?","E","?","E","T","M","M","R","E","M","R","B",null,"M","M","$","M","M","E"],"character_chosen":"THE_SILENT","items_purchased":["Noxious Fumes","Blade Dance","ClockworkSouvenir"],"campfire_rested":0,"item_purchase_floors":[2,2,20],"current_hp_per_floor":[59,59,52,52,41,41,41,41,41,39,39,39,36,33,33,4,51,43,32,32,10,13,0,0],"gold":55,"neow_bonus":"THREE_ENEMY_KILL","is_daily":false,"chose_seed":false,"campfire_upgraded":2,"win_rate":0.0,"timestamp":1613188819,"path_taken":["M","$","?","?","?","E","?","E","T","M","M","R","E","M","R","BOSS","M","?","$","?","M","E"],"items_purchased_type":["Card","Card","Relic"],"build_version":"2020-12-22","purchased_purges":1,"victory":false,"max_hp_per_floor":[66,66,66,66,66,66,66,66,66,66,66,66,66,66,66,66,66,66,66,66,66,66,66,66],"relic_stats":{"Centennial Puzzle":[27],"counters":[13,51],"Ornamental Fan":[92],"Pantograph":25,"PreservedInsect":71,"Cursed Key":0,"obtain_stats":[{"Centennial Puzzle":6,"NeowsBlessing":0,"Ornamental Fan":9,"Pantograph":13,"PreservedInsect":5,"Cursed Key":17,"Toy Ornithopter":8,"Ring of the Snake":0,"ClockworkSouvenir":20},{"Centennial Puzzle":2,"NeowsBlessing":0,"Ornamental Fan":3,"Pantograph":6,"PreservedInsect":1,"Cursed Key":8,"Toy Ornithopter":3,"Ring of the Snake":0,"ClockworkSouvenir":10},{"Centennial Puzzle":2,"NeowsBlessing":0,"Ornamental Fan":3,"Pantograph":12,"PreservedInsect":1,"Cursed Key":24,"Toy Ornithopter":3,"Ring of the Snake":0,"ClockworkSouvenir":33}],"Toy Ornithopter":10,"Ring of the Snake":[26]},"card_choices":[{"not_picked":["Backflip","Dodge and Roll"],"picked":"Quick Slash","floor":1},{"not_picked":["Distraction","Cloak And Dagger"],"picked":"Finisher","floor":6},{"not_picked":["Dagger Spray","PiercingWail"],"picked":"Malaise","floor":8},{"not_picked":["Crippling Poison","Dodge and Roll"],"picked":"Catalyst","floor":10},{"not_picked":["Deflect","Flechettes"],"picked":"Escape Plan","floor":11},{"not_picked":["Sucker Punch","Masterful Stab"],"picked":"Die Die Die","floor":13},{"not_picked":["Backflip","Underhanded Strike","Distraction"],"picked":"SKIP","floor":14},{"not_picked":["Glass Knife","Grand Finale"],"picked":"Night Terror","floor":16},{"not_picked":["Accuracy","Sucker Punch","Prepared"],"picked":"SKIP","floor":18},{"not_picked":["Underhanded Strike","Sucker Punch","Reflex"],"picked":"SKIP","floor":19},{"not_picked":["Backflip","Cloak And Dagger"],"picked":"Acrobatics","floor":21},{"not_picked":["Blade Dance","Dagger Throw","Acrobatics"],"picked":"SKIP","floor":22}],"player_experience":3065325,"relics_obtained":[{"floor":6,"key":"Centennial Puzzle"},{"floor":8,"key":"Toy Ornithopter"},{"floor":9,"key":"Ornamental Fan"},{"floor":13,"key":"Pantograph"}],"event_choices":[{"cards_removed":["Strike_G"],"damage_healed":0,"gold_gain":0,"player_choice":"Card Removal","damage_taken":7,"max_hp_gain":0,"max_hp_loss":0,"event_name":"Golden Wing","floor":3,"gold_loss":0},{"damage_healed":0,"gold_gain":0,"player_choice":"Grow","damage_taken":0,"max_hp_gain":0,"max_hp_loss":0,"event_name":"Living Wall","floor":4,"gold_loss":0,"cards_upgraded":["Neutralize"]},{"damage_healed":0,"gold_gain":0,"player_choice":"Success","damage_taken":11,"relics_obtained":["PreservedInsect"],"max_hp_gain":0,"max_hp_loss":0,"event_name":"Scrap Ooze","floor":5,"gold_loss":0},{"cards_removed":["Strike_G"],"damage_healed":0,"gold_gain":0,"player_choice":"Card Removal","damage_taken":0,"max_hp_gain":0,"max_hp_loss":0,"event_name":"Wheel of Change","floor":7,"gold_loss":0}],"is_beta":false,"boss_relics":[{"not_picked":["Coffee Dripper","HoveringKite"],"picked":"Cursed Key"}],"items_purged_floors":[20],"is_endless":false,"potions_floor_spawned":[6,8,13],"killed_by":"Book of Stabbing","ascension_level":20}}