{"host":"lnfs5t5iydkm2lft","time":1613196376,"event":{"mods":["AchievementEnabler","BaseMod","Better Third Choice","BetterRewards","Colored Powertips","Downfall","Hermit","Hubris","Infinite Spire","Marisa????????","Minty Spire (QoL Compilation)","Quick Restart","Replay The Spire","StSLib","The Runesmith","The Senshi","everything is the same but u backflip on backflip","slay the spire mod where everything is the same but ironclad has a cowboy hat"],"gold_per_floor":[99,111,124,124,34,52,52,68,68,68,103,118,147,160,8,8,8],"floor_reached":16,"language":"ENG","playtime":892,"items_purged":["Normality"],"score":158,"play_id":"a27358d3-9c23-41c2-90ca-e9544e3e4cd8","local_time":"20210213000616","is_ascension_mode":true,"campfire_choices":[{"data":"TreasureHunter","floor":1,"key":"SMITH"}],"circlet_count":0,"master_deck":["Strike_MRS","Strike_MRS","Strike_MRS","Strike_MRS","Defend_MRS","Defend_MRS","Defend_MRS","Defend_MRS","MasterSpark","UpSweep","TreasureHunter+1","GalacticHalo","MagicAbsorber","NonDirectionalLaser","UnstableBomb","MachineGunSpark","OpenUniverse","WitchLeyline","Orbital","expansioncontent:Chronoboost","WitchOfGreed"],"relics":["MiniHakkero","hubris:OldNail","Iron Hammer","hubris:TinFlute"],"acts_visited":["Exordium"],"potions_floor_usage":[5,8,11,16,16],"damage_taken":[{"damage":8,"enemies":"Jaw Worm","floor":2,"turns":4},{"damage":1,"enemies":"Cultist","floor":3,"turns":3},{"damage":0,"enemies":"downfall:FleeingMerchant","floor":5,"turns":4},{"damage":0,"enemies":"Small Slimes","floor":6,"turns":3},{"damage":7,"enemies":"Exordium Wildlife","floor":8,"turns":6},{"damage":34,"enemies":"Lagavulin","floor":11,"turns":8},{"damage":6,"enemies":"Red Slaver","floor":12,"turns":5},{"damage":0,"enemies":"Gremlin Nob","floor":13,"turns":2},{"damage":0,"enemies":"2 Fungi Beasts","floor":14,"turns":3},{"damage":0,"enemies":"downfall:FleeingMerchant","floor":15,"turns":4},{"damage":23,"enemies":"3 Sentries","floor":16,"turns":6}],"seed_played":"-3364452309446772781","potions_obtained":[{"floor":4,"key":"downfall:CursedFountainPotion"},{"floor":6,"key":"Energy Potion"},{"floor":8,"key":"Death Potion"},{"floor":13,"key":"Adrenaline Potion"},{"floor":14,"key":"Languid Potion"}],"is_trial":false,"path_per_floor":["R","M","M","?","$","M","T","M","PTL","PTL","E","M","E","M","$","E"],"character_chosen":"MARISA","items_purchased":["expansioncontent:Chronoboost","WitchOfGreed"],"campfire_rested":0,"item_purchase_floors":[15,15],"current_hp_per_floor":[75,67,66,66,66,66,66,59,59,59,25,19,19,19,19,0,0],"gold":8,"neow_bonus":"THREE_RARE_CARDS","is_daily":false,"chose_seed":false,"campfire_upgraded":1,"win_rate":0.0,"timestamp":1613196376,"path_taken":["R","M","M","?","$","M","T","M","PTL","PTL","E","?","E","M","$","E"],"items_purchased_type":["Card","Card"],"build_version":"2020-12-22","purchased_purges":1,"victory":false,"max_hp_per_floor":[75,75,75,75,75,75,75,75,75,75,75,75,75,75,75,75,75],"card_choices":[{"not_picked":["EscapeVelocity","SuperNova"],"picked":"TreasureHunter","floor":0},{"not_picked":["SporeBomb","IllusionStar"],"picked":"GalacticHalo","floor":2},{"not_picked":["MysteriousBeam","IllusionStar","EnergyRecoil"],"picked":"SKIP","floor":3},{"not_picked":["PowerUp","NonDirectionalLaser"],"picked":"MagicAbsorber","floor":5},{"not_picked":["IllusionStar","DC"],"picked":"NonDirectionalLaser","floor":6},{"not_picked":["OpenUniverse","IllusionStar"],"picked":"UnstableBomb","floor":8},{"not_picked":["SuperPerseids","Acceleration"],"picked":"MachineGunSpark","floor":11},{"not_picked":["EventHorizon","IllusionStar"],"picked":"OpenUniverse","floor":12},{"not_picked":["AbsoluteMagnitude","DragonMeteor","PulseMagic"],"picked":"SKIP","floor":13},{"not_picked":["DC","PulseMagic"],"picked":"WitchLeyline","floor":14},{"not_picked":["GrandCross","AsteroidBelt"],"picked":"Orbital","floor":15}],"player_experience":354581,"relics_obtained":[{"floor":11,"key":"hubris:OldNail"},{"floor":11,"key":"Iron Hammer"},{"floor":13,"key":"hubris:TinFlute"}],"event_choices":[],"is_beta":false,"boss_relics":[],"items_purged_floors":[5],"is_endless":false,"potions_floor_spawned":[6,8,13,14],"killed_by":"3 Sentries","ascension_level":3}}