{"host":"q2j4ef1ti78v4imq","time":1613213171,"event":{"mods":["AchievementEnabler","BaseMod","Better Altar","Better Match","Better Note","Better Sensory Stone","Better Skull","Better Third Choice","Block Reminder","Hermit","Minty Spire (QoL Compilation)","Relic Stats","Replay The Spire","Shade Mod","StSLib"],"gold_per_floor":[117,130,130,209,209,209,240,254,329,3,3,3,17,17,17,88,88,99,115,115,115,15,15,25,25,25],"floor_reached":25,"language":"ENG","playtime":976,"items_purged":["Injury","Reckless Charge"],"score":378,"play_id":"be1b3326-48f5-4c24-b694-df7293c86779","local_time":"20210213104611","is_ascension_mode":true,"campfire_choices":[{"data":"Eruption","floor":6,"key":"SMITH"},{"floor":12,"key":"REST"},{"data":"Armaments","floor":15,"key":"SMITH"},{"floor":23,"key":"REST"}],"circlet_count":0,"master_deck":["AscendersBane","Strike_R+1","Strike_R+1","Strike_R+1","Strike_R+1","Strike_R+1","Defend_R+1","Defend_R+1","Defend_R+1","Defend_R+1","Sword Boomerang","Armaments+1","Eruption+1","CrushJoints+1","Cleave","Feed","Ghostly Armor","Shockwave","Demon Form","ReplayTheSpireMod:Limb From Limb","Spot Weakness","RitualDagger","Pommel Strike"],"relics":["Replay:M_SmolderingBlood","Regal Pillow","Chameleon Ring","ReplayTheSpireMod:CursedCoin","Lizard Tail","Velvet Choker"],"acts_visited":["Exordium","TheCity"],"potions_floor_usage":[7,16,25],"damage_taken":[{"damage":3,"enemies":"Small Slimes","floor":1,"turns":3},{"damage":3,"enemies":"2 Louse","floor":2,"turns":3},{"damage":45,"enemies":"Gremlin Nob","floor":7,"turns":5},{"damage":0,"enemies":"Jaw Worm","floor":8,"turns":2},{"damage":6,"enemies":"Exordium Wildlife","floor":13,"turns":4},{"damage":50,"enemies":"Hexaghost","floor":16,"turns":14},{"damage":33,"enemies":"Shell Parasite","floor":18,"turns":5},{"damage":9,"enemies":"3 Byrds","floor":19,"turns":7},{"damage":20,"enemies":"Snake Plant","floor":24,"turns":5},{"damage":55,"enemies":"Slavers","floor":25,"turns":7}],"seed_played":"2631388167785233303","potions_obtained":[{"floor":2,"key":"Weak Potion"},{"floor":8,"key":"HeartOfIron"},{"floor":13,"key":"Doom Potion"},{"floor":19,"key":"Block Potion"}],"is_trial":false,"path_per_floor":["M","M","?","?","?","R","E","M","T","$","?","R","M","$","R","B",null,"M","M","?","?","$","R","M","E"],"character_chosen":"IRONCLAD","items_purchased":["ReplayTheSpireMod:CursedCoin","Shockwave","Lizard Tail"],"campfire_rested":2,"item_purchase_floors":[10,10,10],"current_hp_per_floor":[78,81,81,81,74,74,29,29,29,29,4,43,41,41,41,37,74,41,32,26,26,26,66,49,0,0],"gold":25,"neow_bonus":"TEN_PERCENT_HP_BONUS","is_daily":false,"chose_seed":false,"campfire_upgraded":2,"win_rate":0.0,"timestamp":1613213171,"path_taken":["M","M","?","?","?","R","E","M","T","$","?","R","M","?","R","BOSS","M","M","?","?","$","R","M","E"],"items_purchased_type":["Relic","Card","Relic"],"build_version":"2020-12-22","purchased_purges":2,"victory":false,"max_hp_per_floor":[82,82,82,82,82,82,82,82,82,82,82,82,86,86,86,86,86,86,86,86,86,86,86,89,89,89],"relic_stats":{"Regal Pillow":30,"Lizard Tail":43,"counters":[10,55],"obtain_stats":[{"Regal Pillow":7,"Lizard Tail":10,"Chameleon Ring":9,"Replay:M_SmolderingBlood":3,"ReplayTheSpireMod:CursedCoin":10,"Velvet Choker":17,"Burning Blood":0},{"Regal Pillow":3,"Lizard Tail":4,"Chameleon Ring":4,"Replay:M_SmolderingBlood":2,"ReplayTheSpireMod:CursedCoin":4,"Velvet Choker":6,"Burning Blood":0},{"Regal Pillow":11,"Lizard Tail":13,"Chameleon Ring":13,"Replay:M_SmolderingBlood":6,"ReplayTheSpireMod:CursedCoin":13,"Velvet Choker":31,"Burning Blood":0}]},"card_choices":[{"not_picked":["Warcry","Disarm"],"picked":"Sword Boomerang","floor":1},{"not_picked":["Evolve","Wild Strike"],"picked":"Armaments","floor":2},{"not_picked":["Seeing Red","EmptyFist"],"picked":"CrushJoints","floor":4},{"not_picked":["CrushJoints","Halt"],"picked":"Reckless Charge","floor":4},{"not_picked":["Shrug It Off","Rupture"],"picked":"Cleave","floor":4},{"not_picked":["Havoc","Clothesline"],"picked":"Feed","floor":7},{"not_picked":["Rage","True Grit"],"picked":"Ghostly Armor","floor":8},{"not_picked":["Warcry","True Grit","Flame Barrier"],"picked":"SKIP","floor":13},{"not_picked":["Replay:Many Hands","Fiend Fire"],"picked":"Demon Form","floor":16},{"not_picked":["ReplayTheSpireMod:Corrosion Curse","Pummel"],"picked":"ReplayTheSpireMod:Limb From Limb","floor":18},{"not_picked":["Iron Wave","Havoc"],"picked":"Spot Weakness","floor":19},{"not_picked":["Warcry","ReplayReversal"],"picked":"Pommel Strike","floor":24}],"player_experience":872151,"relics_obtained":[{"floor":7,"key":"Regal Pillow"},{"floor":9,"key":"Chameleon Ring"}],"event_choices":[{"cards_removed":["Pain"],"damage_healed":0,"gold_gain":0,"player_choice":"Card Removal","damage_taken":7,"max_hp_gain":0,"max_hp_loss":0,"event_name":"Golden Wing","floor":5,"gold_loss":0},{"damage_healed":29,"gold_gain":0,"player_choice":"Upgrade","damage_taken":25,"max_hp_gain":0,"max_hp_loss":82,"event_name":"betterThird:BetterShining","floor":11,"gold_loss":0,"cards_upgraded":["CrushJoints","Strike_R"]},{"damage_healed":0,"gold_gain":0,"player_choice":"Dagger","damage_taken":6,"max_hp_gain":0,"max_hp_loss":0,"event_name":"betterThird:BetterNest","floor":20,"gold_loss":0,"cards_obtained":["RitualDagger"]},{"damage_healed":0,"gold_gain":0,"player_choice":"Simplicity","damage_taken":0,"max_hp_gain":0,"max_hp_loss":8,"event_name":"betterThird:BetterWriting","floor":21,"gold_loss":0}],"is_beta":false,"boss_relics":[{"not_picked":["Painkiller Herb","SlaversCollar"],"picked":"Velvet Choker"}],"items_purged_floors":[10,22],"is_endless":false,"potions_floor_spawned":[2,8,13,19],"killed_by":"Slavers","ascension_level":18}}