{"host":"z1xswbup2jtxa8sb","time":1613202234,"event":{"mods":["BaseMod","ChefMod","Minty Spire (QoL Compilation)","Replay The Spire","StSLib"],"gold_per_floor":[116,126,201,201,201,219,106,139,151,8,8,23,55,68,68,68],"floor_reached":15,"language":"ZHS","playtime":1052,"items_purged":[],"score":107,"play_id":"0d9c7e09-eaf4-421c-a865-c3912f310f70","local_time":"20210213154354","is_ascension_mode":false,"campfire_choices":[],"circlet_count":0,"master_deck":["chefmod:Strike","chefmod:Strike","chefmod:Strike","chefmod:Strike","chefmod:QuickThaw","chefmod:Defend","chefmod:Defend","chefmod:Defend","chefmod:Defend","chefmod:TodaysSpecial","chefmod:ZaruSoba","chefmod:FireUp","chefmod:HotSoup","chefmod:FreshProduce","chefmod:FryPan","chefmod:FryPan","chefmod:Defrost","chefmod:SliceAndDice","chefmod:ColdSteel","chefmod:IcePick","chefmod:DinoKale"],"relics":["chefmod:TrustyPot","Boot","Lee\u0027s Waffle","Nunchaku","Bottled Lightning"],"acts_visited":["Exordium"],"potions_floor_usage":[8,13,14],"damage_taken":[{"damage":3,"enemies":"Small Slimes","floor":1,"turns":6},{"damage":8,"enemies":"Jaw Worm","floor":2,"turns":7},{"damage":1,"enemies":"2 Louse","floor":6,"turns":2},{"damage":19,"enemies":"Lagavulin","floor":8,"turns":8},{"damage":0,"enemies":"Looter","floor":9,"turns":2},{"damage":3,"enemies":"Blue Slaver","floor":12,"turns":3},{"damage":56,"enemies":"Gremlin Nob","floor":13,"turns":6},{"damage":6,"enemies":"Large Slime","floor":14,"turns":4},{"damage":0,"enemies":"3 Sentries","floor":15,"turns":1}],"seed_played":"1819406130123128250","potions_obtained":[{"floor":6,"key":"SteroidPotion"},{"floor":9,"key":"Regen Potion"},{"floor":12,"key":"Energy Potion"},{"floor":14,"key":"Languid Potion"}],"is_trial":false,"path_per_floor":["M","M","?","PTL","PTL","M","$","E","M","$","T","M","E","M","E"],"character_chosen":"THE_CHEF","items_purchased":["chefmod:FreshProduce","chefmod:FryPan","Lee\u0027s Waffle"],"campfire_rested":0,"item_purchase_floors":[7,7,10],"current_hp_per_floor":[80,72,61,61,61,60,60,41,41,90,90,87,40,34,34,34],"gold":68,"neow_bonus":"TEN_PERCENT_HP_BONUS","is_daily":false,"chose_seed":false,"campfire_upgraded":0,"win_rate":0.0,"timestamp":1613202234,"path_taken":["M","M","?","PTL","PTL","M","$","E","M","$","T","M","E","M","E"],"items_purchased_type":["Card","Card","Relic"],"build_version":"2020-12-22","purchased_purges":0,"victory":false,"max_hp_per_floor":[83,83,83,83,83,83,83,83,83,90,90,90,90,90,90,90],"card_choices":[{"not_picked":["chefmod:ColdSteel","chefmod:Defrost"],"picked":"chefmod:ZaruSoba","floor":1},{"not_picked":["chefmod:IcePick","chefmod:Bruschetta"],"picked":"chefmod:FireUp","floor":2},{"not_picked":["chefmod:MonsterBait","chefmod:ColdSteel"],"picked":"chefmod:HotSoup","floor":6},{"not_picked":["chefmod:BaoBuns","chefmod:ZaruSoba"],"picked":"chefmod:Defrost","floor":8},{"not_picked":["chefmod:ColdSteel","chefmod:NoSoupForYou"],"picked":"chefmod:SliceAndDice","floor":9},{"not_picked":["chefmod:Bruschetta","chefmod:CuttingBoard"],"picked":"chefmod:ColdSteel","floor":12},{"not_picked":["chefmod:GroceryDelivery","chefmod:ZaruSoba"],"picked":"chefmod:IcePick","floor":13},{"not_picked":["chefmod:FryPan","chefmod:FireUp"],"picked":"chefmod:DinoKale","floor":14}],"player_experience":84288,"relics_obtained":[{"floor":8,"key":"Boot"},{"floor":11,"key":"Nunchaku"},{"floor":13,"key":"Bottled Lightning"}],"event_choices":[{"damage_healed":0,"gold_gain":75,"player_choice":"Gather Gold","damage_taken":11,"max_hp_gain":0,"max_hp_loss":0,"event_name":"World of Goop","floor":3,"gold_loss":0}],"is_beta":false,"boss_relics":[],"items_purged_floors":[],"is_endless":false,"potions_floor_spawned":[6,9,12,14],"killed_by":"3 Sentries","ascension_level":0}}