{"host":"3e3mwsgb9gfqiuxm","time":1613245554,"event":{"mods":["Act Like it!","BaseMod","Colored Map","Colored Powertips","Downfall","Gensokyo","Hermit","Hubris","Infinite Spire","Jorbs\u0027s Wanderer Trilogy","Koishi","Marisa????????","Minty Spire (QoL Compilation)","Quick Restart","Rare Cards Sparkle","Reimu??????","Remilia??????","Replay The Spire","Shop Mod","StSLib","SuperFastMode","Td1madao Mod","The Animator","The Bug Knight","The Cursed","The Hierophant","The Servant 0.9.4","everything is the same but u backflip on backflip","slay the spire mod where everything is the same but ironclad has a cowboy hat"],"gold_per_floor":[117,42,42,42,56,83,102,102,102,102,129,147,180,27,27,122,122,122],"floor_reached":17,"language":"ENG","playtime":3711,"items_purged":["Strike_MRS"],"score":279,"play_id":"468abc14-4463-4193-b698-1fe1224bb9eb","local_time":"20210213144554","is_ascension_mode":true,"campfire_choices":[{"data":"MysteriousBeam","floor":8,"key":"SMITH"},{"data":"Steam Power","floor":10,"key":"SMITH"},{"data":"BlazingStar","floor":15,"key":"SMITH"}],"circlet_count":0,"master_deck":["Strike_MRS","Strike_MRS","Defend_MRS","Defend_MRS","Defend_MRS","MasterSpark","UpSweep","BlazingStar+1","AsteroidBelt","MysteriousBeam+1","DeepEcoloBomb","Steam Power+1","Chaos","GalacticHalo","MaximisePower"],"relics":["m_SpellCore","Vajra","Replay:Bottled Steam","hubris:FunFungus","infinitespire:Lucky Rock","hubris:EmptyBottle","hubris:Backtick","infinitespire:EmpoweringShard"],"acts_visited":["Exordium","TheCity"],"potions_floor_usage":[11,11],"damage_taken":[{"damage":0,"enemies":"Cultist","floor":1,"turns":2},{"damage":1,"enemies":"2 Louse","floor":5,"turns":3},{"damage":6,"enemies":"Replay:BlueRogue","floor":6,"turns":4},{"damage":0,"enemies":"Small Slimes","floor":7,"turns":2},{"damage":0,"enemies":"3 Sentries","floor":11,"turns":3},{"damage":3,"enemies":"2 Fungi Beasts","floor":12,"turns":3},{"damage":0,"enemies":"HollowMod:MossKnight","floor":13,"turns":2},{"damage":5,"enemies":"The Guardian","floor":16,"turns":4}],"seed_played":"6881076613074322341","potions_obtained":[{"floor":4,"key":"DuplicationPotion"},{"floor":4,"key":"Guardian:BlockOnCardUsePotion"},{"floor":4,"key":"Dexterity Potion"},{"floor":11,"key":"Fire Potion"}],"is_trial":false,"path_per_floor":["M","$","?","?","M","E","M","R","T","R","E","M","E","$","R","B",null],"character_chosen":"MARISA","items_purchased":["hubris:EmptyBottle"],"campfire_rested":0,"item_purchase_floors":[14],"current_hp_per_floor":[54,54,54,54,53,47,47,47,47,47,47,44,44,44,44,39,66,66],"gold":122,"neow_bonus":"TRANSFORM_TWO_CARDS","is_daily":false,"chose_seed":false,"campfire_upgraded":3,"win_rate":0.0,"timestamp":1613245554,"path_taken":["M","$","?","?","M","E","?","R","T","R","E","M","E","?","R","BOSS"],"items_purchased_type":["Relic"],"build_version":"2020-12-22","purchased_purges":1,"victory":false,"max_hp_per_floor":[75,75,75,75,75,75,75,75,75,75,75,75,75,75,75,75,75,75],"card_choices":[{"not_picked":["GalacticHalo","ShootingEcho"],"picked":"MysteriousBeam","floor":1},{"not_picked":["Beam Cell","AsteroidBelt"],"picked":"DeepEcoloBomb","floor":5},{"not_picked":["Turbo","Acceleration"],"picked":"Steam Power","floor":6},{"not_picked":["UnstableBomb","OneTimeOff","Turbo"],"picked":"SKIP","floor":7},{"not_picked":["GalacticHalo","SporeBomb"],"picked":"Chaos","floor":11},{"not_picked":["Barrage","DC"],"picked":"GalacticHalo","floor":12},{"not_picked":["Rainbow","Acceleration","SporeBomb"],"picked":"SKIP","floor":13},{"not_picked":["FinalSpark","AbsoluteMagnitude"],"picked":"MaximisePower","floor":16}],"player_experience":1385719,"relics_obtained":[{"floor":6,"key":"Vajra"},{"floor":9,"key":"Replay:Bottled Steam"},{"floor":11,"key":"hubris:FunFungus"},{"floor":13,"key":"infinitespire:Lucky Rock"}],"event_choices":[{"damage_healed":0,"gold_gain":0,"player_choice":"Got Potions","damage_taken":0,"max_hp_gain":0,"max_hp_loss":0,"event_name":"Lab","floor":4,"gold_loss":0}],"is_beta":false,"boss_relics":[{"not_picked":["Sozu","hubris:Stopwatch"],"picked":"hubris:Backtick"}],"items_purged_floors":[2],"is_endless":false,"potions_floor_spawned":[6,7,11],"ascension_level":5}}