{"host":"hk3n60c9tb8azi3z","time":1613220254,"event":{"mods":["AchievementEnabler","BaseMod","Minty Spire (QoL Compilation)","Relic Sorter","Relic Stats"],"gold_per_floor":[112,126,142,159,179,209,159,185,210,244,244,274,290,321,321,425,425,440,457,457,1,1,35,51,64,87,87,120,155,155,168,168,273,273,293,311,323,339,23,51,84,84,84,110,141,141,168,168,168,168],"floor_reached":51,"language":"ENG","playtime":4741,"items_purged":["Writhe","Decay"],"score":1255,"play_id":"92275710-5b30-44f5-9d6a-165a797b53fe","local_time":"20210213134414","daily_mods":["Draft","Vintage","Binary"],"is_ascension_mode":true,"campfire_choices":[{"data":"Beam Cell","floor":15.0,"key":"SMITH"},{"data":"Hologram","floor":27,"key":"SMITH"},{"data":"Coolheaded","floor":30,"key":"SMITH"},{"data":"Go for the Eyes","floor":32,"key":"SMITH"},{"data":"Chill","floor":42,"key":"SMITH"},{"data":"Gash","floor":46,"key":"SMITH"},{"floor":49,"key":"REST"}],"circlet_count":0,"master_deck":["Ball Lightning","Glacier+1","Gash","Darkness","Coolheaded+1","Gash+1","Hologram+1","Compile Driver+1","Rebound+1","Gash","Leap","Beam Cell+1","Coolheaded+1","Go for the Eyes+1","Storm+1","Creative AI+1","Echo Form+1","Self Repair+1","Go for the Eyes+1","Reinforced Body+1","Biased Cognition+1","Chill+1","Electrodynamics+1","Static Discharge+1","Gash+1","Beam Cell+1"],"relics":["FrozenCore","HornCleat","Frozen Egg 2","Strawberry","Regal Pillow","Boot","Juzu Bracelet","Vajra","DataDisk","StrikeDummy","Toy Ornithopter","InkBottle","Nunchaku","Unceasing Top","Inserter","Pocketwatch","Eternal Feather","Du-Vu Doll","Bag of Preparation","Frozen Eye","Art of War","Oddly Smooth Stone","Gremlin Horn","Bronze Scales","Red Mask","Pear","War Paint","Symbiotic Virus","WingedGreaves","Lantern","Ornamental Fan","Orichalcum","Dream Catcher","White Beast Statue","CaptainsWheel","FossilizedHelix","Mummified Hand","Whetstone"],"acts_visited":["Exordium","TheCity","TheBeyond"],"potions_floor_usage":[24,28,33,38,38,50,50,50],"damage_taken":[{"damage":0.0,"enemies":"2 Louse","floor":1.0,"turns":2.0},{"damage":0.0,"enemies":"Small Slimes","floor":2.0,"turns":2.0},{"damage":0.0,"enemies":"Cultist","floor":3.0,"turns":2.0},{"damage":0.0,"enemies":"Looter","floor":4.0,"turns":2.0},{"damage":0.0,"enemies":"Gremlin Gang","floor":5.0,"turns":3.0},{"damage":0.0,"enemies":"Gremlin Nob","floor":6.0,"turns":3.0},{"damage":0.0,"enemies":"3 Sentries","floor":8.0,"turns":5.0},{"damage":0.0,"enemies":"Lagavulin","floor":10.0,"turns":4.0},{"damage":0.0,"enemies":"3 Sentries","floor":12.0,"turns":5.0},{"damage":7.0,"enemies":"3 Louse","floor":13.0,"turns":2.0},{"damage":0.0,"enemies":"Lagavulin","floor":14.0,"turns":3.0},{"damage":23.0,"enemies":"Hexaghost","floor":16.0,"turns":6.0},{"damage":0.0,"enemies":"Spheric Guardian","floor":18.0,"turns":3.0},{"damage":20.0,"enemies":"2 Thieves","floor":19.0,"turns":3.0},{"damage":32,"enemies":"Slavers","floor":23,"turns":6},{"damage":0,"enemies":"3 Cultists","floor":24,"turns":6},{"damage":8,"enemies":"Centurion and Healer","floor":25,"turns":3},{"damage":6,"enemies":"Masked Bandits","floor":28,"turns":2},{"damage":10,"enemies":"Book of Stabbing","floor":29,"turns":4},{"damage":0,"enemies":"Chosen and Byrds","floor":31,"turns":4},{"damage":8,"enemies":"Collector","floor":33,"turns":6},{"damage":0,"enemies":"3 Darklings","floor":35,"turns":4},{"damage":0,"enemies":"Orb Walker","floor":36,"turns":3},{"damage":0,"enemies":"3 Darklings","floor":37,"turns":4},{"damage":1,"enemies":"Sphere and 2 Shapes","floor":38,"turns":3},{"damage":3,"enemies":"Nemesis","floor":40,"turns":5},{"damage":0,"enemies":"Reptomancer","floor":41,"turns":6},{"damage":0,"enemies":"Giant Head","floor":44,"turns":4},{"damage":0,"enemies":"Nemesis","floor":45,"turns":5},{"damage":0,"enemies":"Giant Head","floor":47,"turns":4},{"damage":0,"enemies":"Donu and Deca","floor":50,"turns":5}],"seed_played":"3467957710491272656","potions_obtained":[{"floor":3.0,"key":"LiquidBronze"},{"floor":6.0,"key":"Explosive Potion"},{"floor":8.0,"key":"DistilledChaos"},{"floor":10.0,"key":"Dexterity Potion"},{"floor":13.0,"key":"BlessingOfTheForge"},{"floor":19.0,"key":"Strength Potion"},{"floor":23,"key":"PowerPotion"},{"floor":24,"key":"BlessingOfTheForge"},{"floor":28,"key":"Explosive Potion"},{"floor":31,"key":"SkillPotion"},{"floor":33,"key":"ColorlessPotion"},{"floor":36,"key":"BlessingOfTheForge"},{"floor":38,"key":"Weak Potion"},{"floor":41,"key":"SteroidPotion"},{"floor":45,"key":"AttackPotion"}],"is_trial":true,"path_per_floor":["M","M","M","M","M","E","?","E","T","E","?","E","M","E","R","B",null,"M","M","?","$","?","E","M","M","T","R","?","E","R","M","R","B",null,"M","M","M","M","$","E","E","R","T","E","E","R","E","?","R","B",null],"character_chosen":"DEFECT","items_purchased":["Self Repair+1","Bag of Preparation","Frozen Eye","Orichalcum","Chill"],"campfire_rested":1,"item_purchase_floors":[21,21,21,39,39],"current_hp_per_floor":[75,75,82,82,82,82,82,82,82,82,82,82,75,80,80,59,82,82,62,62,62,62,40,55,47,47,59,68,88,92,92,92,84,92,92,92,92,91,91,92,92,92,92,92,92,92,92,92,92,92],"gold":168,"neow_bonus":"","is_daily":false,"chose_seed":false,"campfire_upgraded":6,"win_rate":0.0,"timestamp":1613220254,"path_taken":["M","M","M","M","M","E","?","E","T","E","?","E","M","E","R","BOSS","M","M","?","$","?","E","M","M","T","R","?","E","R","M","R","BOSS","M","M","M","M","$","E","E","R","T","E","E","R","E","?","R","BOSS"],"items_purchased_type":["Card","Relic","Relic","Relic","Card"],"build_version":"2020-12-22","purchased_purges":2,"victory":true,"max_hp_per_floor":[75,75,82,82,82,82,82,82,82,82,82,82,82,82,82,82,82,82,82,82,82,82,82,82,82,82,82,82,92,92,92,92,92,92,92,92,92,92,92,92,92,92,92,92,92,92,92,92,92,92],"relic_stats":{"Regal Pillow":0,"Inserter":[40],"Gremlin Horn":[15,15],"counters":[31,119],"Eternal Feather":16,"Juzu Bracelet":1,"Bag of Preparation":[34],"Whetstone":["Compile Driver","Rebound"],"War Paint":["Coolheaded","Reinforced Body"],"Orichalcum":[24],"Boot":[123],"FrozenCore":[5],"Nunchaku":[29],"Dream Catcher":1,"Ornamental Fan":[104],"Mummified Hand":[12],"Bronze Scales":[169],"Art of War":[9],"obtain_stats":[{"Regal Pillow":4,"Lantern":37,"Gremlin Horn":25,"Vajra":8,"Juzu Bracelet":6,"Bag of Preparation":21,"Whetstone":47,"Boot":5,"FrozenCore":34,"Frozen Eye":21,"Nunchaku":13,"Dream Catcher":40,"HornCleat":1,"Mummified Hand":45,"Strawberry":3,"WingedGreaves":36,"Red Mask":28,"Cracked Core":0,"InkBottle":12,"Inserter":17,"Pear":29,"Oddly Smooth Stone":24,"Eternal Feather":19,"Frozen Egg 2":2,"War Paint":31,"Orichalcum":39,"White Beast Statue":41,"Du-Vu Doll":20,"DataDisk":9,"CaptainsWheel":43,"Ornamental Fan":38,"Bronze Scales":26,"Art of War":23,"StrikeDummy":10,"Symbiotic Virus":35,"Toy Ornithopter":11,"Unceasing Top":14,"FossilizedHelix":44,"Pocketwatch":18},{"Regal Pillow":4,"Lantern":24,"Gremlin Horn":17,"Vajra":7,"Juzu Bracelet":6,"Bag of Preparation":14,"Whetstone":30,"Boot":5,"FrozenCore":21,"Frozen Eye":14,"Nunchaku":10,"Dream Catcher":26,"HornCleat":1,"Mummified Hand":29,"Strawberry":3,"WingedGreaves":23,"Red Mask":18,"Cracked Core":0,"InkBottle":9,"Inserter":12,"Pear":19,"Oddly Smooth Stone":16,"Eternal Feather":14,"Frozen Egg 2":2,"War Paint":20,"Orichalcum":25,"White Beast Statue":27,"Du-Vu Doll":14,"DataDisk":7,"CaptainsWheel":27,"Ornamental Fan":25,"Bronze Scales":17,"Art of War":15,"StrikeDummy":8,"Symbiotic Virus":22,"Toy Ornithopter":8,"Unceasing Top":11,"FossilizedHelix":28,"Pocketwatch":13},{"Regal Pillow":8,"Lantern":87,"Gremlin Horn":60,"Vajra":19,"Juzu Bracelet":14,"Bag of Preparation":45,"Whetstone":114,"Boot":11,"FrozenCore":76,"Frozen Eye":45,"Nunchaku":30,"Dream Catcher":95,"HornCleat":2,"Mummified Hand":110,"Strawberry":6,"WingedGreaves":83,"Red Mask":62,"Cracked Core":0,"InkBottle":28,"Inserter":39,"Pear":66,"Oddly Smooth Stone":57,"Eternal Feather":45,"Frozen Egg 2":4,"War Paint":70,"Orichalcum":90,"White Beast Statue":101,"Du-Vu Doll":45,"DataDisk":19,"CaptainsWheel":101,"Ornamental Fan":90,"Bronze Scales":60,"Art of War":51,"StrikeDummy":23,"Symbiotic Virus":80,"Toy Ornithopter":23,"Unceasing Top":33,"FossilizedHelix":105,"Pocketwatch":42}],"Toy Ornithopter":17,"InkBottle":[49],"Unceasing Top":[10],"Pocketwatch":[51]},"card_choices":[{"not_picked":["Self Repair","Coolheaded"],"picked":"Ball Lightning","floor":0.0},{"not_picked":["Scrape","Steam"],"picked":"Barrage","floor":0.0},{"not_picked":["Hologram","Gash"],"picked":"Glacier","floor":0.0},{"not_picked":["Rip and Tear","Streamline"],"picked":"Gash","floor":0.0},{"not_picked":["Fusion","Leap"],"picked":"Darkness","floor":0.0},{"not_picked":["Steam","Sweeping Beam"],"picked":"Coolheaded","floor":0.0},{"not_picked":["Steam","Chill"],"picked":"Gash","floor":0.0},{"not_picked":["Beam Cell","Redo"],"picked":"Hologram","floor":0.0},{"not_picked":["Barrage","Redo"],"picked":"Compile Driver","floor":0.0},{"not_picked":["Hello World","Steam"],"picked":"Rebound","floor":0.0},{"not_picked":["Compile Driver","Streamline"],"picked":"Gash","floor":0.0},{"not_picked":["Darkness","Melter"],"picked":"Leap","floor":0.0},{"not_picked":["Leap","Conserve Battery"],"picked":"Beam Cell","floor":0.0},{"not_picked":["Auto Shields","Steam"],"picked":"Coolheaded","floor":0.0},{"not_picked":["Redo","Beam Cell"],"picked":"Go for the Eyes","floor":0.0},{"not_picked":["Auto Shields","Ball Lightning"],"picked":"SKIP","floor":6.0},{"not_picked":["Leap","Scrape"],"picked":"SKIP","floor":8.0},{"not_picked":["White Noise"],"picked":"Storm+1","floor":10.0},{"not_picked":["Leap","Rebound"],"picked":"SKIP","floor":12.0},{"not_picked":["Cold Snap"],"picked":"Creative AI+1","floor":14.0},{"not_picked":["Core Surge"],"picked":"Echo Form+1","floor":16.0},{"not_picked":["Chaos"],"picked":"Go for the Eyes+1","floor":23},{"not_picked":["Rebound"],"picked":"Reinforced Body","floor":28},{"not_picked":["Rebound","Darkness"],"picked":"SKIP","floor":29},{"not_picked":["Rainbow"],"picked":"Biased Cognition+1","floor":33},{"not_picked":["Go for the Eyes+1","Hyperbeam"],"picked":"SKIP","floor":40},{"not_picked":["Conserve Battery+1"],"picked":"Electrodynamics+1","floor":41},{"not_picked":["Consume"],"picked":"Static Discharge+1","floor":44},{"not_picked":["Sweeping Beam","Redo"],"picked":"SKIP","floor":45},{"not_picked":["Creative AI+1"],"picked":"Gash+1","floor":47},{"not_picked":["Rebound"],"picked":"Beam Cell+1","floor":49}],"player_experience":1682019,"relics_obtained":[{"floor":1.0,"key":"HornCleat"},{"floor":2.0,"key":"Frozen Egg 2"},{"floor":3.0,"key":"Strawberry"},{"floor":4.0,"key":"Regal Pillow"},{"floor":5.0,"key":"Boot"},{"floor":6.0,"key":"Juzu Bracelet"},{"floor":8.0,"key":"Vajra"},{"floor":9.0,"key":"DataDisk"},{"floor":10.0,"key":"StrikeDummy"},{"floor":12.0,"key":"InkBottle"},{"floor":13.0,"key":"Nunchaku"},{"floor":14.0,"key":"Unceasing Top"},{"floor":18.0,"key":"Pocketwatch"},{"floor":19.0,"key":"Eternal Feather"},{"floor":23,"key":"Art of War"},{"floor":24,"key":"Oddly Smooth Stone"},{"floor":25,"key":"Gremlin Horn"},{"floor":26,"key":"Bronze Scales"},{"floor":28,"key":"Red Mask"},{"floor":29,"key":"Pear"},{"floor":31,"key":"War Paint"},{"floor":35,"key":"Symbiotic Virus"},{"floor":36,"key":"WingedGreaves"},{"floor":37,"key":"Lantern"},{"floor":38,"key":"Ornamental Fan"},{"floor":40,"key":"Dream Catcher"},{"floor":41,"key":"White Beast Statue"},{"floor":43,"key":"CaptainsWheel"},{"floor":44,"key":"FossilizedHelix"},{"floor":45,"key":"Mummified Hand"},{"floor":47,"key":"Whetstone"}],"event_choices":[{"cards_removed":["Barrage"],"damage_healed":0.0,"max_hp_gain":0.0,"max_hp_loss":0.0,"gold_gain":0.0,"event_name":"The Cleric","player_choice":"Card Removal","floor":7.0,"gold_loss":50.0,"damage_taken":0.0},{"damage_healed":0.0,"max_hp_gain":0.0,"max_hp_loss":0.0,"gold_gain":0.0,"event_name":"WeMeetAgain","player_choice":"Gave Potion","floor":11.0,"gold_loss":0.0,"damage_taken":0.0,"relics_obtained":["Toy Ornithopter"]},{"damage_healed":0.0,"max_hp_gain":0.0,"max_hp_loss":0.0,"gold_gain":0.0,"event_name":"The Mausoleum","player_choice":"Opened","floor":20.0,"gold_loss":0.0,"damage_taken":0.0,"relics_obtained":["Du-Vu Doll"],"cards_obtained":["Writhe"]},{"damage_healed":0,"gold_gain":0,"player_choice":"Smashed Altar","damage_taken":0,"max_hp_gain":0,"max_hp_loss":0,"event_name":"Forgotten Altar","floor":22,"gold_loss":0,"cards_obtained":["Decay"]},{"damage_healed":0,"gold_gain":0,"player_choice":"Fought Bandits","damage_taken":0,"max_hp_gain":0,"max_hp_loss":0,"event_name":"Masked Bandits","floor":28,"gold_loss":0},{"damage_healed":0,"gold_gain":0,"player_choice":"Upgraded","damage_taken":0,"max_hp_gain":0,"max_hp_loss":0,"event_name":"Upgrade Shrine","floor":48,"gold_loss":0,"cards_upgraded":["Glacier"]}],"is_beta":false,"boss_relics":[{"not_picked":["Cursed Key","Busted Crown"],"picked":"Inserter"},{"not_picked":["Empty Cage","Sozu"],"picked":"FrozenCore"}],"items_purged_floors":[21,39],"is_endless":false,"potions_floor_spawned":[3,6,8,10,13,19,23,24,28,31,33,36,38,41,44,45,47],"ascension_level":1}}