{"host":"8b9ba58w9pmbqmpe","time":1613240212,"event":{"mods":["BaseMod","Downfall","Minty Spire (QoL Compilation)","StSLib"],"gold_per_floor":[99,109,125,135,152,152,166,166,182,282,309,209,209,221,221,238,333,333,233,253,263,263,0,0,26,14,30,43,63,75,75,88,88,88,102,203,203,103,119,119,119,130,130,130,130,130,156,170,170,170,24,24,37,37,37,37],"floor_reached":54,"language":"ENG","playtime":5273,"items_purged":["bronze:Strike"],"score":603,"play_id":"8bd6c8d7-3dce-4645-8913-b362b93df754","local_time":"20210213191652","is_ascension_mode":true,"campfire_choices":[{"data":"bronze:Format","floor":1,"key":"SMITH"},{"floor":12,"key":"RECALL"},{"data":"bronze:Assembly","floor":19,"key":"SMITH"},{"floor":24,"key":"REST"},{"data":"bronze:GetLatest","floor":31,"key":"SMITH"},{"data":"bronze:FollowUp","floor":33,"key":"SMITH"},{"floor":38,"key":"REST"},{"floor":43,"key":"REST"},{"floor":46,"key":"REST"}],"circlet_count":0,"master_deck":["bronze:Strike","bronze:Strike","bronze:Defend","bronze:Defend","bronze:Defend","bronze:Replicate+1","bronze:Goto","bronze:Format+1","bronze:Iterate","bronze:Boost+1","bronze:Separator+1","bronze:Frontload+1","bronze:GetLatest+1","bronze:Branch","bronze:FollowUp+1","bronze:DigitalCarnage+1","bronze:DelayedSlice","bronze:Assembly+1","bronze:Overheat","bronze:ChosenStrike+1","bronze:NullPointer","bronze:FineTuning","bronze:ForLoop","bronze:Repair","bronze:Fortify","bronze:DigitalCarnage+1","bronze:CleanCode","bronze:Invalidate"],"relics":["bronze:BronzeCore","bronze:BottledCode","Pocketwatch","Turnip","downfall:HeartBlessingGreen","Philosopher\u0027s Stone","downfall:HeartBlessingRed","Bottled Flame","Eternal Feather","Darkstone Periapt","Fusion Hammer","downfall:HeartBlessingBlue","Mummified Hand","Dream Catcher","Ice Cream","Strawberry"],"acts_visited":["Exordium","TheCity","TheBeyond"],"potions_floor_usage":[23,36,36,36],"damage_taken":[{"damage":0,"enemies":"Cultist","floor":2,"turns":3},{"damage":1,"enemies":"Jaw Worm","floor":3,"turns":3},{"damage":0,"enemies":"2 Louse","floor":4,"turns":2},{"damage":0,"enemies":"downfall:LooterAlt","floor":5,"turns":2},{"damage":8,"enemies":"Red Slaver","floor":7,"turns":3},{"damage":0,"enemies":"Large Slime","floor":9,"turns":3},{"damage":8,"enemies":"Lagavulin","floor":11,"turns":6},{"damage":9,"enemies":"Exordium Thugs","floor":14,"turns":3},{"damage":1,"enemies":"Exordium Wildlife","floor":16,"turns":2},{"damage":0,"enemies":"WA_ARCHETYPE_RETAIN","floor":17,"turns":4},{"damage":0,"enemies":"Shell Parasite","floor":20,"turns":2},{"damage":0,"enemies":"Chosen","floor":21,"turns":1},{"damage":6,"enemies":"downfall:FleeingMerchant","floor":23,"turns":4},{"damage":2,"enemies":"downfall:FleeingMerchant","floor":26,"turns":3},{"damage":1,"enemies":"3 Cultists","floor":27,"turns":3},{"damage":0,"enemies":"Shelled Parasite and Fungi","floor":28,"turns":2},{"damage":0,"enemies":"Cultist and Chosen","floor":29,"turns":3},{"damage":0,"enemies":"Snecko","floor":30,"turns":2},{"damage":0,"enemies":"Snake Plant","floor":32,"turns":1},{"damage":0,"enemies":"Centurion and Healer","floor":35,"turns":2},{"damage":18,"enemies":"SI_MIRROR_ARCHETYPE","floor":36,"turns":6},{"damage":10,"enemies":"3 Darklings","floor":39,"turns":3},{"damage":0,"enemies":"Orb Walker","floor":42,"turns":1},{"damage":46,"enemies":"Reptomancer","floor":47,"turns":3},{"damage":0,"enemies":"4 Shapes","floor":48,"turns":3},{"damage":0,"enemies":"Sphere and 2 Shapes","floor":53,"turns":2},{"damage":34,"enemies":"DF_ARCHETYPE_ORBS","floor":54,"turns":2}],"seed_played":"952503275756912254","potions_obtained":[{"floor":3,"key":"Strength Potion"},{"floor":9,"key":"bronze:BurnAndBuffPotion"},{"floor":14,"key":"champ:CounterPotion"},{"floor":17,"key":"Slimebound:ThreeZeroPotion"},{"floor":27,"key":"bronze:BurnAndBuffPotion"},{"floor":28,"key":"LiquidBronze"},{"floor":32,"key":"SteroidPotion"},{"floor":35,"key":"AttackPotion"},{"floor":47,"key":"LiquidBronze"},{"floor":53,"key":"bronze:BurnAndBuffPotion"}],"is_trial":false,"path_per_floor":["R","M","M","M","M","?","M","T","M","?","E","R","?","M","?","M","B",null,"R","M","M","?","$","R","T","$","M","M","M","M","R","M","R","T","M","B",null,"R","M","?","?","M","R","T","T","R","E","M","?","?","$","?","M","B"],"character_chosen":"THE_AUTOMATON","items_purchased":["Bottled Flame","Eternal Feather","Strawberry"],"campfire_rested":4,"item_purchase_floors":[23,26,51],"current_hp_per_floor":[70,70,69,69,69,60,52,52,52,52,44,44,44,35,35,34,34,60,60,60,60,60,54,60,60,58,57,57,57,57,60,60,60,60,60,42,60,70,67,67,67,67,70,70,70,70,24,24,24,24,31,31,31,0,0,0],"gold":37,"neow_bonus":"ONE_RANDOM_RARE_CARD","is_daily":false,"chose_seed":false,"campfire_upgraded":4,"win_rate":0.0,"timestamp":1613240212,"path_taken":["R","M","?","M","M","?","M","T","M","?","E","R","?","?","?","M","BOSS","R","M","M","?","?","R","T","$","M","M","M","M","R","M","R","?","M","BOSS","R","M","?","?","?","R","T","T","R","E","M","?","?","?","?","M","BOSS"],"items_purchased_type":["Relic","Relic","Relic"],"build_version":"2020-12-22","purchased_purges":1,"victory":false,"max_hp_per_floor":[70,70,70,70,70,60,60,60,60,60,60,60,60,60,60,60,60,60,60,60,60,60,60,60,60,60,60,60,60,60,60,60,60,60,60,60,60,70,70,70,70,70,70,70,70,70,70,70,70,70,77,77,77,77,77,77],"card_choices":[{"not_picked":["bronze:Constructor","bronze:BronzeArmor"],"picked":"bronze:Iterate","floor":2},{"not_picked":["bronze:BuggyMess","bronze:Safeguard"],"picked":"bronze:Boost","floor":3},{"not_picked":["bronze:OilSpill","bronze:WildBeam"],"picked":"bronze:Separator","floor":4},{"not_picked":["bronze:Deprecate","bronze:Shield"],"picked":"bronze:Frontload","floor":5},{"not_picked":["bronze:Separator","bronze:DarkDash"],"picked":"bronze:GetLatest","floor":7},{"not_picked":["bronze:Fortify","bronze:DelayedGuard"],"picked":"bronze:Branch","floor":9},{"not_picked":["bronze:ItsAFeature","bronze:Turbo"],"picked":"bronze:FollowUp","floor":11},{"not_picked":["bronze:WildBeam","bronze:WhirlingStrike"],"picked":"bronze:DigitalCarnage","floor":14},{"not_picked":["bronze:Constructor","bronze:Shield"],"picked":"bronze:DelayedSlice","floor":16},{"not_picked":["bronze:Format","bronze:ThunderWave"],"picked":"bronze:Assembly","floor":17},{"not_picked":["bronze:Separator","bronze:FineTuning"],"picked":"bronze:Overheat","floor":20},{"not_picked":["bronze:Overheat","bronze:BronzeArmor","bronze:Turbo"],"picked":"SKIP","floor":21},{"not_picked":["bronze:Iterate","bronze:Branch","bronze:Backtrace"],"picked":"SKIP","floor":23},{"not_picked":["bronze:DelayedSlice","bronze:Shield+1"],"picked":"bronze:ChosenStrike+1","floor":26},{"not_picked":["bronze:Invalidate","bronze:Boost+1"],"picked":"bronze:NullPointer","floor":27},{"not_picked":["bronze:Return+1","bronze:DelayedGuard"],"picked":"bronze:FineTuning","floor":28},{"not_picked":["bronze:BronzeOrb","bronze:SpaghettiCode"],"picked":"bronze:ForLoop","floor":29},{"not_picked":["bronze:ChosenStrike+1","bronze:Separator+1"],"picked":"bronze:Repair","floor":30},{"not_picked":["bronze:Turbo","bronze:Iterate","bronze:FineTuning+1"],"picked":"SKIP","floor":32},{"not_picked":["bronze:Separator","bronze:Overheat+1"],"picked":"bronze:Fortify","floor":35},{"not_picked":["bronze:GetLatest","bronze:OilSpill","bronze:Branch+1"],"picked":"SKIP","floor":39},{"not_picked":["bronze:BugBarrage+1","bronze:WhirlingStrike"],"picked":"bronze:DigitalCarnage+1","floor":42},{"not_picked":["bronze:BitShift","bronze:Iterate+1","bronze:Constructor+1"],"picked":"SKIP","floor":47},{"not_picked":["bronze:BugBarrage+1","bronze:ItsAFeature+1"],"picked":"bronze:CleanCode","floor":48},{"not_picked":["bronze:Iterate+1","bronze:Invalidate","bronze:Constructor"],"picked":"SKIP","floor":53}],"player_experience":288741,"relics_obtained":[{"floor":8,"key":"Pocketwatch"},{"floor":11,"key":"Turnip"},{"floor":34,"key":"Darkstone Periapt"},{"floor":44,"key":"Mummified Hand"},{"floor":45,"key":"Dream Catcher"},{"floor":47,"key":"Ice Cream"}],"event_choices":[{"damage_healed":0,"gold_gain":0,"player_choice":"Grow","damage_taken":0,"max_hp_gain":0,"max_hp_loss":0,"event_name":"Living Wall","floor":15,"gold_loss":0,"cards_upgraded":["bronze:DigitalCarnage"]},{"cards_removed":["bronze:Defend"],"damage_healed":0,"gold_gain":0,"player_choice":"Removed Skill","damage_taken":0,"max_hp_gain":0,"max_hp_loss":0,"event_name":"Falling","floor":40,"gold_loss":0},{"damage_healed":0,"gold_gain":0,"player_choice":"Ignored","damage_taken":0,"max_hp_gain":0,"max_hp_loss":0,"event_name":"Mysterious Sphere","floor":50,"gold_loss":0}],"is_beta":false,"boss_relics":[{"not_picked":["bronze:MakeshiftBattery","Tiny House"],"picked":"Philosopher\u0027s Stone"},{"not_picked":["Empty Cage","Snecko Eye"],"picked":"Fusion Hammer"}],"items_purged_floors":[26],"is_endless":false,"potions_floor_spawned":[3,9,14,17,27,28,30,32,35,47,53],"killed_by":"DF_ARCHETYPE_ORBS","ascension_level":1}}