{"host":"1e0gjcse1cj5k7bm","time":1613212676,"event":{"mods":["Act Like it!","BaseMod","Downfall","Minty Spire (QoL Compilation)","StSLib"],"gold_per_floor":[99,118,134,152,152,152,198,228,245,280,180,212,231,257,273,273,273,273],"floor_reached":16,"language":"ZHS","playtime":3958,"items_purged":[],"score":122,"play_id":"2f7ec2d8-1072-4f3b-8004-6233d51e96a5","local_time":"20210213183756","is_ascension_mode":false,"campfire_choices":[{"data":"champ:Taunt","floor":1.0,"key":"SMITH"},{"data":"champ:FanOfKnives","floor":11.0,"key":"SMITH"}],"circlet_count":0,"master_deck":["champ:Strike","champ:Strike","champ:Strike","champ:Strike","champ:Defend","champ:Defend","champ:Defend","champ:Defend","champ:Execute","champ:Taunt+1","champ:Lariat","champ:FocusedDefense","champ:BringItOn","champ:FanOfKnives+1","champ:GladiatorForm","champ:CalledShot"],"relics":["champ:ChampionCrown","downfall:BrokenWingStatue","Vajra","Nunchaku","Bag of Preparation","downfall:HeartBlessingGreen","Girya","Odd Mushroom"],"acts_visited":["Exordium"],"potions_floor_usage":[13],"damage_taken":[{"damage":11.0,"enemies":"Jaw Worm","floor":2.0,"turns":5.0},{"damage":11.0,"enemies":"Cultist","floor":3.0,"turns":4.0},{"damage":35.0,"enemies":"Small Slimes","floor":4.0,"turns":6.0},{"damage":41.0,"enemies":"3 Sentries","floor":8.0,"turns":11.0},{"damage":28.0,"enemies":"Exordium Wildlife","floor":9.0,"turns":4.0},{"damage":96.0,"enemies":"Lagavulin","floor":10.0,"turns":8.0},{"damage":17.0,"enemies":"Gremlin Nob","floor":12.0,"turns":4.0},{"damage":0,"enemies":"Lots of Slimes","floor":13,"turns":1},{"damage":26,"enemies":"The Mushroom Lair","floor":14,"turns":4},{"damage":10,"enemies":"Red Slaver","floor":15,"turns":3},{"damage":70,"enemies":"SI_SHIV_ARCHETYPE","floor":16,"turns":11}],"seed_played":"-4328558035218139537","potions_obtained":[{"floor":3.0,"key":"Block Potion"},{"floor":9.0,"key":"FairyPotion"},{"floor":10.0,"key":"GamblersBrew"},{"floor":13,"key":"SkillPotion"},{"floor":15,"key":"FairyPotion"}],"is_trial":false,"path_per_floor":["R","M","M","M","?","?","T","E","M","E","R","E","M","?","M","B"],"character_chosen":"THE_CHAMP","items_purchased":[],"campfire_rested":0,"item_purchase_floors":[],"current_hp_per_floor":[99,98,97,92,92,92,92,76,68,42,42,35,35,29,29,9,9,9],"gold":273,"neow_bonus":"TEN_PERCENT_HP_BONUS","is_daily":false,"chose_seed":false,"campfire_upgraded":2,"win_rate":0.0,"timestamp":1613212676,"path_taken":["R","M","M","M","?","?","T","E","?","E","R","E","M","?","M","BOSS"],"items_purchased_type":[],"build_version":"2020-12-22","purchased_purges":0,"victory":false,"max_hp_per_floor":[99,99,99,99,99,99,99,99,99,99,99,99,99,99,99,99,99,99],"card_choices":[{"not_picked":["champ:Duel","champ:Parry"],"picked":"champ:Lariat","floor":2.0},{"not_picked":["champ:AdrenalArmor","champ:TornadoPunch"],"picked":"champ:FocusedDefense","floor":3.0},{"not_picked":["champ:TornadoPunch","champ:BladeFlurry"],"picked":"champ:BringItOn","floor":4.0},{"not_picked":["champ:GladiatorStyle","champ:MurderStrike"],"picked":"champ:FanOfKnives","floor":8.0},{"not_picked":["champ:FanOfKnives","champ:ShieldWall","champ:PreciseThrust"],"picked":"SKIP","floor":9.0},{"not_picked":["champ:RapidStrikes","champ:FalseCounter"],"picked":"champ:GladiatorForm","floor":10.0},{"not_picked":["champ:BerserkersShout","champ:Shatter","champ:EnGarde"],"picked":"SKIP","floor":12.0},{"not_picked":["champ:CrownThrow","champ:StanceDance"],"picked":"champ:CalledShot","floor":13},{"not_picked":["champ:Duel","champ:TornadoPunch","champ:DefensiveShout"],"picked":"SKIP","floor":15}],"player_experience":869239,"relics_obtained":[{"floor":7.0,"key":"Vajra"},{"floor":8.0,"key":"Nunchaku"},{"floor":10.0,"key":"Bag of Preparation"},{"floor":12.0,"key":"Girya"},{"floor":14,"key":"Odd Mushroom"}],"event_choices":[{"damage_healed":0,"gold_gain":0,"player_choice":"Fought Mushrooms","damage_taken":0,"max_hp_gain":0,"max_hp_loss":0,"event_name":"Mushrooms","floor":14,"gold_loss":0}],"is_beta":false,"boss_relics":[],"items_purged_floors":[],"is_endless":false,"potions_floor_spawned":[3,9,10,13,15],"killed_by":"SI_SHIV_ARCHETYPE","ascension_level":0}}