{"host":"vumwfieg2b2mnrfl","time":1613180789,"event":{"mods":["AchievementEnabler","BaseMod","Minty Spire (QoL Compilation)","Rare Cards Sparkle","Relic Stats"],"gold_per_floor":[116,116,41,41,55,55,88,102,102,117,117,151,151,169,169,264,264,242,286,211,231,281,281,281],"floor_reached":23,"language":"ENG","playtime":662,"items_purged":[],"score":448,"play_id":"b4d35453-625c-446f-a593-4202419450fb","local_time":"20210212194629","is_ascension_mode":true,"campfire_choices":[{"data":"Leg Sweep","floor":6.0,"key":"SMITH"},{"data":"Escape Plan","floor":11,"key":"SMITH"},{"data":"Predator","floor":13,"key":"SMITH"},{"data":"Deadly Poison","floor":15,"key":"SMITH"}],"circlet_count":0,"master_deck":["AscendersBane","Strike_G","Strike_G","Strike_G","Strike_G","Defend_G","Defend_G","Defend_G","Defend_G","Defend_G","Survivor","Neutralize","Leg Sweep+1","Deadly Poison+1","Predator+1","Blur","Escape Plan+1","Burst","Poisoned Stab+1"],"relics":["Ring of the Snake","NeowsBlessing","Golden Idol","StrikeDummy","Gremlin Horn","Art of War","Snecko Eye","Red Mask"],"acts_visited":["Exordium","TheCity"],"potions_floor_usage":[16,18,19,23],"damage_taken":[{"damage":0.0,"enemies":"Jaw Worm","floor":1.0,"turns":1.0},{"damage":0.0,"enemies":"2 Louse","floor":5.0,"turns":1.0},{"damage":0.0,"enemies":"3 Sentries","floor":7.0,"turns":2.0},{"damage":0.0,"enemies":"Small Slimes","floor":8.0,"turns":4.0},{"damage":1,"enemies":"Blue Slaver","floor":10,"turns":4},{"damage":12,"enemies":"Lagavulin","floor":12,"turns":8},{"damage":0,"enemies":"3 Louse","floor":14,"turns":3},{"damage":27,"enemies":"Hexaghost","floor":16,"turns":11},{"damage":20,"enemies":"2 Thieves","floor":18,"turns":4},{"damage":2,"enemies":"Masked Bandits","floor":19,"turns":5},{"damage":7,"enemies":"Chosen","floor":21,"turns":4},{"damage":28,"enemies":"Book of Stabbing","floor":23,"turns":3}],"seed_played":"-6909463256428183962","potions_obtained":[{"floor":7.0,"key":"Weak Potion"},{"floor":10,"key":"LiquidMemories"},{"floor":12,"key":"DuplicationPotion"},{"floor":16,"key":"SteroidPotion"},{"floor":19,"key":"CunningPotion"}],"is_trial":false,"path_per_floor":["M","?","?","?","M","R","E","M","T","M","R","E","R","M","R","B",null,"M","?","?","M","?","E"],"character_chosen":"THE_SILENT","items_purchased":[],"campfire_rested":0,"item_purchase_floors":[],"current_hp_per_floor":[59,59,59,59,59,59,59,59,59,58,58,46,46,46,46,19,54,34,32,32,25,25,0,0],"gold":281,"neow_bonus":"THREE_ENEMY_KILL","is_daily":false,"chose_seed":false,"campfire_upgraded":4,"win_rate":0.0,"timestamp":1613180789,"path_taken":["M","?","?","?","M","R","E","M","T","M","R","E","R","?","R","BOSS","M","?","?","M","?","E"],"items_purchased_type":[],"build_version":"2020-12-22","purchased_purges":0,"victory":false,"max_hp_per_floor":[66,66,66,66,66,66,66,66,66,66,66,66,66,66,66,66,66,66,66,66,66,66,66,66],"relic_stats":{"Gremlin Horn":[5,5],"counters":[12,50],"Golden Idol":66,"Snecko Eye":[29,28,32,35],"Art of War":[4],"obtain_stats":[{"NeowsBlessing":0,"Gremlin Horn":9,"Golden Idol":4,"Snecko Eye":17,"Art of War":12,"Red Mask":19,"StrikeDummy":7,"Ring of the Snake":0},{"NeowsBlessing":0,"Gremlin Horn":4,"Golden Idol":1,"Snecko Eye":8,"Art of War":6,"Red Mask":10,"StrikeDummy":3,"Ring of the Snake":0},{"NeowsBlessing":0,"Gremlin Horn":8,"Golden Idol":1,"Snecko Eye":34,"Art of War":20,"Red Mask":43,"StrikeDummy":4,"Ring of the Snake":0}],"Ring of the Snake":[24]},"card_choices":[{"not_picked":["Poisoned Stab","Infinite Blades"],"picked":"Leg Sweep","floor":1.0},{"not_picked":["Bane","Prepared"],"picked":"Deadly Poison","floor":5.0},{"not_picked":["Tactician","Flechettes"],"picked":"Predator","floor":7.0},{"not_picked":["Endless Agony","Dodge and Roll"],"picked":"Blur","floor":8},{"not_picked":["Calculated Gamble","Endless Agony"],"picked":"Escape Plan","floor":10},{"not_picked":["Flying Knee","Underhanded Strike","Heel Hook"],"picked":"SKIP","floor":12},{"not_picked":["Escape Plan","Backstab","Quick Slash"],"picked":"SKIP","floor":14},{"not_picked":["Adrenaline","A Thousand Cuts"],"picked":"Burst","floor":16},{"not_picked":["Deflect","Cloak And Dagger","Deadly Poison"],"picked":"SKIP","floor":18},{"not_picked":["Slice","Expertise"],"picked":"Poisoned Stab+1","floor":21}],"player_experience":552097,"relics_obtained":[{"floor":7.0,"key":"StrikeDummy"},{"floor":9,"key":"Gremlin Horn"},{"floor":12,"key":"Art of War"},{"floor":19,"key":"Red Mask"}],"event_choices":[{"damage_healed":0.0,"max_hp_gain":0.0,"max_hp_loss":0.0,"gold_gain":0.0,"event_name":"Shining Light","player_choice":"Ignored","floor":2.0,"gold_loss":0.0,"damage_taken":0.0},{"cards_removed":["Strike_G"],"damage_healed":0.0,"max_hp_gain":0.0,"max_hp_loss":0.0,"gold_gain":0.0,"event_name":"The Cleric","player_choice":"Card Removal","floor":3.0,"gold_loss":75.0,"damage_taken":0.0},{"damage_healed":0.0,"max_hp_gain":0.0,"max_hp_loss":0.0,"gold_gain":0.0,"event_name":"Golden Idol","player_choice":"Take Wound","floor":4.0,"gold_loss":0.0,"damage_taken":0.0,"relics_obtained":["Golden Idol"],"cards_obtained":["Injury"]},{"damage_healed":0,"gold_gain":0,"player_choice":"Fought Bandits","damage_taken":0,"max_hp_gain":0,"max_hp_loss":0,"event_name":"Masked Bandits","floor":19,"gold_loss":0},{"cards_removed":["Injury"],"damage_healed":0,"gold_gain":0,"player_choice":"Gave Gold","damage_taken":0,"max_hp_gain":0,"max_hp_loss":0,"event_name":"Beggar","floor":20,"gold_loss":75},{"damage_healed":0,"gold_gain":50,"player_choice":"Stole From Cult","damage_taken":0,"max_hp_gain":0,"max_hp_loss":0,"event_name":"Nest","floor":22,"gold_loss":0}],"is_beta":false,"boss_relics":[{"not_picked":["Calling Bell","HoveringKite"],"picked":"Snecko Eye"}],"items_purged_floors":[],"is_endless":false,"potions_floor_spawned":[7,10,12,16,19],"killed_by":"Book of Stabbing","ascension_level":20}}