{"host":"phniwng9zo19jwdb","time":1613241229,"event":{"mods":["AchievementEnabler","BaseMod","Colored Powertips","Dark Map","Faster Ascension Climbing","GifTheSpireLib","Minty Spire (QoL Compilation)","Permanent Neow","Rare Cards Sparkle","Relic Filter Mod","StSLib","Weighted Paths"],"gold_per_floor":[39,97,137,62,62,112,167,234,234,287,287,361,28,83,83,83,83],"floor_reached":16,"language":"ENG","playtime":635,"items_purged":["Strike_R"],"score":226,"play_id":"e1474840-5c8b-4832-8f43-32700dc2c3a3","local_time":"20210213193349","is_ascension_mode":true,"campfire_choices":[{"data":"Armaments","floor":11.0,"key":"SMITH"},{"data":"1","floor":15,"key":"LIFT"}],"circlet_count":0,"master_deck":["AscendersBane","Strike_R","Strike_R","Strike_R","Strike_R","Defend_R","Defend_R","Defend_R","Defend_R","Bash","HandOfGreed","Metallicize","Warcry","Armaments+1","Berserk","Bash","Cleave","Flame Barrier","Blood for Blood","Warcry","Sentinel"],"relics":["Burning Blood","MealTicket","Boot","Meat on the Bone","Champion Belt","Girya"],"acts_visited":["Exordium"],"potions_floor_usage":[14,16],"damage_taken":[{"damage":8.0,"enemies":"Cultist","floor":1.0,"turns":5.0},{"damage":3.0,"enemies":"2 Louse","floor":2.0,"turns":3.0},{"damage":7.0,"enemies":"Jaw Worm","floor":3.0,"turns":3.0},{"damage":12.0,"enemies":"Lagavulin","floor":6.0,"turns":8.0},{"damage":19.0,"enemies":"Exordium Thugs","floor":7.0,"turns":7.0},{"damage":19.0,"enemies":"3 Sentries","floor":8.0,"turns":11.0},{"damage":15.0,"enemies":"Large Slime","floor":10.0,"turns":12.0},{"damage":17.0,"enemies":"3 Louse","floor":12.0,"turns":7.0},{"damage":37,"enemies":"Gremlin Nob","floor":14,"turns":4},{"damage":34,"enemies":"The Guardian","floor":16,"turns":3}],"seed_played":"2268066582294560443","potions_obtained":[{"floor":1.0,"key":"LiquidBronze"},{"floor":3.0,"key":"BlessingOfTheForge"},{"floor":6.0,"key":"Strength Potion"},{"floor":14,"key":"Block Potion"}],"is_trial":false,"path_per_floor":["M","M","M","$","?","E","M","E","T","M","R","M","$","E","R","B"],"character_chosen":"IRONCLAD","items_purchased":["Champion Belt"],"campfire_rested":0,"item_purchase_floors":[13],"current_hp_per_floor":[66,69,68,68,68,62,49,36,36,39,39,40,55,36,36,2,2],"gold":83,"neow_bonus":"RANDOM_COLORLESS_2","is_daily":false,"chose_seed":false,"campfire_upgraded":1,"win_rate":0.0,"timestamp":1613241229,"path_taken":["M","M","M","?","?","E","M","E","T","M","R","M","$","E","R","BOSS"],"items_purchased_type":["Relic"],"build_version":"2020-12-22","purchased_purges":1,"victory":false,"max_hp_per_floor":[75,75,75,75,75,75,75,75,75,75,75,75,75,75,75,75,75],"card_choices":[{"not_picked":["Secret Weapon","Magnetism"],"picked":"HandOfGreed","floor":0.0},{"not_picked":["Flex","Thunderclap"],"picked":"Metallicize","floor":1.0},{"not_picked":["Thunderclap","Power Through"],"picked":"Warcry","floor":2.0},{"not_picked":["Hemokinesis","Sword Boomerang"],"picked":"Armaments","floor":3.0},{"not_picked":["Sword Boomerang","Evolve"],"picked":"Cleave","floor":6.0},{"not_picked":["Wild Strike","Clothesline"],"picked":"Flame Barrier","floor":7.0},{"not_picked":["Clash","Reckless Charge"],"picked":"Blood for Blood","floor":8.0},{"not_picked":["Sever Soul","Whirlwind"],"picked":"Warcry","floor":10.0},{"not_picked":["Sword Boomerang","Feel No Pain"],"picked":"Sentinel","floor":12.0},{"not_picked":["Flex","Cleave","Body Slam"],"picked":"SKIP","floor":14}],"player_experience":127459,"relics_obtained":[{"floor":6.0,"key":"MealTicket"},{"floor":8.0,"key":"Boot"},{"floor":9.0,"key":"Meat on the Bone"},{"floor":14,"key":"Girya"}],"event_choices":[{"damage_healed":0.0,"max_hp_gain":0.0,"max_hp_loss":0.0,"gold_gain":0.0,"event_name":"Match and Keep!","player_choice":"2 cards matched","floor":5.0,"gold_loss":0.0,"damage_taken":0.0,"cards_obtained":["Berserk","Bash"]}],"is_beta":false,"boss_relics":[],"items_purged_floors":[4],"is_endless":false,"potions_floor_spawned":[1,3,6,14],"killed_by":"The Guardian","ascension_level":17}}