{"host":"ifvrsrzj00f2ebkn","time":1613228129,"event":{"mods":["BaseMod","Colored Map","Colored Powertips","Minty Spire (QoL Compilation)","Random Character Button","Replay The Spire","StSLib"],"gold_per_floor":[18,29,29,29,40,40,57,57,57,75,75,250,128,128,128,128,128],"floor_reached":16,"language":"ENG","playtime":1143,"items_purged":["Doubt"],"score":90,"play_id":"d04dc142-aafa-494d-9471-7bee150ff559","local_time":"20210213225529","is_ascension_mode":false,"campfire_choices":[{"data":"Flex","floor":6,"key":"SMITH"},{"data":"Cleave","floor":8,"key":"SMITH"},{"data":"Defend_R","floor":11,"key":"SMITH"},{"data":"Flex","floor":15,"key":"SMITH"}],"circlet_count":0,"master_deck":["Strike_R","Strike_R+1","Strike_R","Defend_R+1","Defend_R+1","Defend_R","Defend_R","Bash","Cleave+1","Flex+1","Flex+1"],"relics":["Burning Blood","Ornamental Fan","Replay:Kaleidoscope"],"acts_visited":["Exordium"],"potions_floor_usage":[16],"damage_taken":[{"damage":3,"enemies":"2 Louse","floor":1,"turns":4},{"damage":6,"enemies":"Jaw Worm","floor":2,"turns":5},{"damage":2,"enemies":"Small Slimes","floor":5,"turns":3},{"damage":0,"enemies":"3 Louse","floor":7,"turns":4},{"damage":8,"enemies":"Exordium Wildlife","floor":10,"turns":3},{"damage":103,"enemies":"Fading Forest","floor":16,"turns":10}],"seed_played":"7676169657017825420","potions_obtained":[{"floor":5,"key":"GamblersBrew"},{"floor":7,"key":"Venom Potion"}],"is_trial":false,"path_per_floor":["M","M","?","?","M","R","M","R","T","M","R","?","$","?","R","B"],"character_chosen":"IRONCLAD","items_purchased":["Flex"],"campfire_rested":0,"item_purchase_floors":[13],"current_hp_per_floor":[80,80,80,64,68,68,74,74,74,72,72,72,72,72,72,0,0],"gold":128,"neow_bonus":"REMOVE_TWO","is_daily":false,"chose_seed":false,"campfire_upgraded":4,"win_rate":0.0,"timestamp":1613228129,"path_taken":["M","M","?","?","M","R","M","R","T","?","R","?","$","?","R","BOSS"],"items_purchased_type":["Card"],"build_version":"2020-12-22","purchased_purges":1,"victory":false,"max_hp_per_floor":[80,80,80,80,80,80,80,80,80,80,80,80,80,80,80,80,80],"card_choices":[{"not_picked":["Fire Breathing","Clash"],"picked":"Cleave","floor":1},{"not_picked":["True Grit","ReplayTheSpireMod:Strike From Hell"],"picked":"Flex","floor":2},{"not_picked":["Feed","Defy Death","True Grit"],"picked":"SKIP","floor":5},{"not_picked":["Replay:Undeath\u0027s Touch","Abandon","Clash"],"picked":"SKIP","floor":7},{"not_picked":["Warcry","Cleave","Run Through"],"picked":"SKIP","floor":10}],"player_experience":21636,"relics_obtained":[{"floor":9,"key":"Ornamental Fan"}],"event_choices":[{"damage_healed":0,"gold_gain":0,"player_choice":"Entered Light","damage_taken":16,"max_hp_gain":0,"max_hp_loss":0,"event_name":"Shining Light","floor":4,"gold_loss":0,"cards_upgraded":["Defend_R","Strike_R"]},{"damage_healed":0,"gold_gain":175,"player_choice":"AGREE","damage_taken":0,"max_hp_gain":0,"max_hp_loss":0,"event_name":"Liars Game","floor":12,"gold_loss":0,"cards_obtained":["Doubt"]},{"damage_healed":0,"gold_gain":0,"player_choice":"Searched \u00271\u0027 times","damage_taken":0,"relics_obtained":["Replay:Kaleidoscope"],"max_hp_gain":0,"max_hp_loss":0,"event_name":"Dead Adventurer","floor":14,"gold_loss":0}],"is_beta":false,"boss_relics":[],"items_purged_floors":[13],"is_endless":false,"potions_floor_spawned":[5,7],"killed_by":"Fading Forest","ascension_level":0}}