{"host":"1lwxixhv2lzh5ag1","time":1613191575,"event":{"mods":["AchievementEnabler","BaseMod","Bestiary","Better Altar","Better Match","Better Note","Better Sensory Stone","Better Silent Start","Better Skull","Better Third Choice","BetterRewards","Colored Map","Colored Powertips","DeckTracker","Displayed Cursed Tome","Downfall","Fox Events","Hubris","Minty Spire (QoL Compilation)","Permanent Neow","Relic Stats","Reliquary","Replay The Spire","Spire Arcade","StSLib","Td1madao Mod","The Blue Laboratory","Uncapped","Waifu the Spire"],"gold_per_floor":[118,134,160,160,173,199,199,231,332,332,332,419,455,478,478,494,494],"floor_reached":16,"language":"ENG","playtime":764,"items_purged":[],"score":102,"play_id":"fe3b6610-dc1d-4e06-b3fb-e4e42b591224","local_time":"20210212234615","is_ascension_mode":false,"campfire_choices":[{"floor":7,"key":"REST"},{"floor":11,"key":"REST"},{"floor":15,"key":"REST"}],"circlet_count":0,"master_deck":["Strike_G","Strike_G","Strike_G","Strike_G","Defend_G","Defend_G","Defend_G","Defend_G","Survivor","Neutralize","Slice","Expertise","Dagger Spray","Cloak And Dagger","Terror","Adrenaline","Cloak And Dagger","Blade Dance"],"relics":["Ring of the Snake","NeowsBlessing","foxEvents:LuckyCharm","Replay:Bandana","Toy Ornithopter","reliquary:PrincelyHelmet"],"acts_visited":["Exordium"],"potions_floor_usage":[12,16,16],"damage_taken":[{"damage":0,"enemies":"Cultist","floor":1,"turns":1},{"damage":0,"enemies":"Small Slimes","floor":2,"turns":2},{"damage":0,"enemies":"Colosseum Slavers","floor":3,"turns":1},{"damage":0,"enemies":"2 Louse","floor":5,"turns":2},{"damage":34,"enemies":"Lagavulin","floor":6,"turns":9},{"damage":5,"enemies":"Blue Slaver","floor":8,"turns":4},{"damage":25,"enemies":"3 Sentries","floor":12,"turns":9},{"damage":0,"enemies":"Exordium Wildlife","floor":13,"turns":3},{"damage":8,"enemies":"Red Slaver","floor":14,"turns":4},{"damage":73,"enemies":"The Guardian","floor":16,"turns":13}],"seed_played":"-5372412515000472264","potions_obtained":[{"floor":5,"key":"Dexterity Potion"},{"floor":8,"key":"blueLaboratory:ArtistsPotion"},{"floor":12,"key":"blueLaboratory:NullPotion"}],"is_trial":false,"path_per_floor":["M","M","?","?","M","E","R","M","T","?","R","?","M","M","R","B"],"character_chosen":"THE_SILENT","items_purchased":[],"campfire_rested":3,"item_purchase_floors":[],"current_hp_per_floor":[70,70,70,70,70,36,57,52,52,55,73,48,48,40,61,0,0],"gold":494,"neow_bonus":"THREE_ENEMY_KILL","is_daily":false,"chose_seed":false,"campfire_upgraded":0,"win_rate":0.0,"timestamp":1613191575,"path_taken":["M","M","?","?","M","E","R","?","T","?","R","?","M","M","R","BOSS"],"items_purchased_type":[],"build_version":"2020-12-22","purchased_purges":0,"victory":false,"max_hp_per_floor":[70,70,70,70,70,70,70,70,70,73,73,73,73,73,73,73,73],"relic_stats":{"counters":[41,192],"obtain_stats":[{"Ice Cream":7,"Golden Egg":4,"hubris:Metronome":11,"The Specimen":0,"hubris:DuctTape":9,"NeowsBlessing":0,"reliquary:PrincelyHelmet":12,"Thread and Needle":32,"hubris:HollowSoul":17,"Ancient Tea Set":21,"Pet Ghost":26,"Replay:Bandana":6,"hubris:Icosahedron":2,"hubris:Spice":9,"MutagenicStrength":22,"Strawberry":26,"Nloth\u0027s Gift":22,"ReplayTheSpireMod:TigerMarble":29,"foxEvents:LuckyCharm":3,"reliquary:Knoch":28,"Replay:Bottled Snecko":23,"Toy Ornithopter":9,"Ring of the Snake":0},{"Ice Cream":4,"Golden Egg":17,"hubris:Metronome":5,"The Specimen":0,"hubris:DuctTape":4,"NeowsBlessing":31,"reliquary:PrincelyHelmet":38,"Thread and Needle":30,"hubris:HollowSoul":7,"Ancient Tea Set":9,"Pet Ghost":11,"Replay:Bandana":36,"hubris:Icosahedron":17,"hubris:Spice":20,"MutagenicStrength":26,"Strawberry":28,"Nloth\u0027s Gift":9,"ReplayTheSpireMod:TigerMarble":13,"foxEvents:LuckyCharm":34,"reliquary:Knoch":13,"Replay:Bottled Snecko":27,"Toy Ornithopter":37,"Ring of the Snake":0},{"Ice Cream":23,"Golden Egg":82,"hubris:Metronome":32,"The Specimen":0,"hubris:DuctTape":23,"NeowsBlessing":144,"reliquary:PrincelyHelmet":172,"Thread and Needle":138,"hubris:HollowSoul":43,"Ancient Tea Set":50,"Pet Ghost":58,"Replay:Bandana":159,"hubris:Icosahedron":82,"hubris:Spice":97,"MutagenicStrength":120,"Strawberry":128,"Nloth\u0027s Gift":50,"ReplayTheSpireMod:TigerMarble":66,"foxEvents:LuckyCharm":148,"reliquary:Knoch":66,"Replay:Bottled Snecko":124,"Toy Ornithopter":163,"Ring of the Snake":0}],"Toy Ornithopter":10,"Ring of the Snake":[216]},"card_choices":[{"not_picked":["Bane","Calculated Gamble"],"picked":"Slice","floor":1},{"not_picked":["Underhanded Strike","Fluid Movement"],"picked":"Escape Plan","floor":2},{"not_picked":["Deadly Poison","Bane"],"picked":"Dagger Spray","floor":5},{"not_picked":["Catalyst","hubris:Counter"],"picked":"Cloak And Dagger","floor":6},{"not_picked":["Underhanded Strike","Leg Sweep"],"picked":"Terror","floor":8},{"not_picked":["Footwork","PiercingWail"],"picked":"Adrenaline","floor":12},{"not_picked":["Prepared","Calculated Gamble"],"picked":"Cloak And Dagger","floor":13},{"not_picked":["Outmaneuver","Bane"],"picked":"Blade Dance","floor":14}],"player_experience":18502,"relics_obtained":[{"floor":3,"key":"foxEvents:LuckyCharm"},{"floor":6,"key":"Replay:Bandana"},{"floor":9,"key":"Toy Ornithopter"},{"floor":12,"key":"reliquary:PrincelyHelmet"}],"event_choices":[{"damage_healed":0,"gold_gain":0,"cards_transformed":["Escape Plan"],"player_choice":"Transformed","damage_taken":0,"max_hp_gain":0,"max_hp_loss":0,"event_name":"Transmorgrifier","floor":4,"gold_loss":0,"cards_obtained":["Expertise"]},{"damage_healed":0,"gold_gain":30,"player_choice":"Searched \u00273\u0027 times","damage_taken":0,"max_hp_gain":0,"max_hp_loss":0,"event_name":"Dead Adventurer","floor":12,"gold_loss":0}],"is_beta":false,"boss_relics":[],"items_purged_floors":[],"is_endless":false,"potions_floor_spawned":[5,8,12],"killed_by":"The Guardian","ascension_level":0}}