{"host":"lv7etzzgwahaenh9","time":1613184670,"event":{"mods":["AchievementEnabler","BaseMod","Colored Map","Colored Powertips","Highlight Path","Minty Spire (QoL Compilation)","Permanent Neow","Quick Restart","Random Character Button","StSLib"],"gold_per_floor":[216,233,299,311,321,321,353,353,353,368,368,368,388,421,421,525,525,537,452,23,23,38,71,91,91,91],"floor_reached":25,"language":"ENG","playtime":1203,"items_purged":["Strike_B"],"score":373,"play_id":"7d0de33f-f622-431f-8829-197aca244598","local_time":"20210212185110","is_ascension_mode":true,"campfire_choices":[{"data":"Zap","floor":6,"key":"SMITH"},{"data":"Loop","floor":8,"key":"SMITH"},{"data":"Dualcast","floor":12,"key":"SMITH"},{"data":"Defragment","floor":15,"key":"SMITH"}],"circlet_count":0,"master_deck":["AscendersBane","Strike_B","Strike_B","Defend_B","Defend_B","Defend_B","Defend_B","Zap+1","Dualcast+1","Reinforced Body","Doom and Gloom","Gash","Steam","Loop+1","Melter","Defragment+1","Auto Shields","Seek","Ball Lightning","Cold Snap","All For One","Gash","Glacier","Steam"],"relics":["Cracked Core","Regal Pillow","Bottled Tornado","TungstenRod","SlaversCollar","Darkstone Periapt","Membership Card","Thread and Needle","Anchor","Incense Burner"],"acts_visited":["Exordium","TheCity"],"potions_floor_usage":[7,14,23],"damage_taken":[{"damage":12,"enemies":"Jaw Worm","floor":1,"turns":3},{"damage":0,"enemies":"Cultist","floor":2,"turns":3},{"damage":5,"enemies":"Small Slimes","floor":4,"turns":2},{"damage":7,"enemies":"Red Slaver","floor":5,"turns":4},{"damage":15,"enemies":"Lagavulin","floor":7,"turns":5},{"damage":2,"enemies":"Large Slime","floor":10,"turns":4},{"damage":15,"enemies":"Exordium Thugs","floor":13,"turns":4},{"damage":12,"enemies":"Gremlin Nob","floor":14,"turns":4},{"damage":14,"enemies":"The Guardian","floor":16,"turns":9},{"damage":10,"enemies":"Chosen","floor":18,"turns":6},{"damage":0,"enemies":"Shell Parasite","floor":22,"turns":3},{"damage":6,"enemies":"Book of Stabbing","floor":23,"turns":5},{"damage":17,"enemies":"Chosen and Byrds","floor":24,"turns":5},{"damage":34,"enemies":"Gremlin Leader","floor":25,"turns":8}],"seed_played":"-2675652034371254604","potions_obtained":[{"floor":2,"key":"FearPotion"},{"floor":4,"key":"Swift Potion"},{"floor":13,"key":"Strength Potion"},{"floor":24,"key":"FearPotion"}],"is_trial":false,"path_per_floor":["M","M","?","M","M","R","E","R","T","M","?","R","M","E","R","B",null,"M","?","$","?","M","E","M","E"],"character_chosen":"DEFECT","items_purchased":["Membership Card","Thread and Needle","Anchor","Cold Snap"],"campfire_rested":0,"item_purchase_floors":[20,20,20,20],"current_hp_per_floor":[56,56,56,51,44,44,29,29,29,27,75,75,60,48,48,34,65,55,55,55,55,55,49,32,0,0],"gold":91,"neow_bonus":"HUNDRED_GOLD","is_daily":false,"chose_seed":false,"campfire_upgraded":4,"win_rate":0.0,"timestamp":1613184670,"path_taken":["M","M","?","M","M","R","E","R","T","M","?","R","M","E","R","BOSS","M","?","$","?","M","E","M","E"],"items_purchased_type":["Relic","Relic","Relic","Card"],"build_version":"2020-12-22","purchased_purges":1,"victory":false,"max_hp_per_floor":[75,75,75,75,75,75,75,75,75,75,75,75,75,75,75,75,75,75,75,75,75,75,75,75,75,75],"card_choices":[{"not_picked":["Hologram","Sweeping Beam"],"picked":"Reinforced Body","floor":1},{"not_picked":["Turbo","Compile Driver"],"picked":"Doom and Gloom","floor":2},{"not_picked":["Scrape","Compile Driver"],"picked":"Gash","floor":4},{"not_picked":["Beam Cell","Go for the Eyes"],"picked":"Steam","floor":5},{"not_picked":["Self Repair","Rainbow"],"picked":"Loop","floor":7},{"not_picked":["Barrage","Skim"],"picked":"Melter","floor":10},{"not_picked":["Go for the Eyes","Beam Cell"],"picked":"Defragment","floor":13},{"not_picked":["Conserve Battery","Buffer"],"picked":"Auto Shields","floor":14},{"not_picked":["Amplify","Meteor Strike"],"picked":"Seek","floor":16},{"not_picked":["Compile Driver","Sweeping Beam"],"picked":"Ball Lightning","floor":18},{"not_picked":["Rebound","Heatsinks"],"picked":"Gash","floor":22},{"not_picked":["Cold Snap","Go for the Eyes"],"picked":"Glacier","floor":23},{"not_picked":["Cold Snap","Streamline"],"picked":"Steam","floor":24}],"player_experience":352444,"relics_obtained":[{"floor":7,"key":"Regal Pillow"},{"floor":9,"key":"Bottled Tornado"},{"floor":14,"key":"TungstenRod"},{"floor":23,"key":"Incense Burner"}],"event_choices":[{"damage_healed":0,"gold_gain":66,"player_choice":"Gained Gold","damage_taken":0,"max_hp_gain":0,"max_hp_loss":0,"event_name":"Golden Wing","floor":3,"gold_loss":0},{"damage_healed":48,"gold_gain":0,"player_choice":"Full Heal","damage_taken":0,"max_hp_gain":0,"max_hp_loss":0,"event_name":"Wheel of Change","floor":11,"gold_loss":0},{"damage_healed":0,"gold_gain":0,"player_choice":"Obtained Relic","damage_taken":0,"relics_obtained":["Darkstone Periapt"],"max_hp_gain":0,"max_hp_loss":0,"event_name":"Addict","floor":19,"gold_loss":85},{"damage_healed":0,"gold_gain":0,"cards_transformed":["Strike_B"],"player_choice":"Transformed","damage_taken":0,"max_hp_gain":0,"max_hp_loss":0,"event_name":"Transmorgrifier","floor":21,"gold_loss":0,"cards_obtained":["All For One"]}],"is_beta":false,"boss_relics":[{"not_picked":["SacredBark","Empty Cage"],"picked":"SlaversCollar"}],"items_purged_floors":[20],"is_endless":false,"potions_floor_spawned":[2,4,13,24],"killed_by":"Gremlin Leader","ascension_level":12}}