{"host":"djoj10dqzzvtkauc","time":1613211317,"event":{"mods":["2.2 Compatiblity","BaseMod","Colored Map","DeckTracker","Highlight Path","Keyboard Shortcuts","Marisa£¨Ùöéë¡¡Øª×âÞÞ£©","Minty Spire (QoL Compilation)","Permanent Neow","Quick Restart","Random Character Button","StSLib","SuperFastMode","everything is the same but u backflip on backflip"],"gold_per_floor":[18,31,47,59,77,77,89,120,173,173,188,207,218,245,245,322,322,341,266,9,22,22,57,57,57,57,3,23,43,43,73,73,150,150,161,161,175,175,185,185,219,19,46,63,63,0,29,49,49,49],"floor_reached":51,"language":"KOR","playtime":1578,"items_purged":["Strike_G"],"score":1344,"play_id":"792ae21b-c91b-42f0-8a3c-cbc82c27cdac","local_time":"20210213191517","is_ascension_mode":true,"campfire_choices":[{"data":"Backflip","floor":6,"key":"SMITH"},{"floor":10,"key":"REST"},{"floor":15,"key":"REST"},{"data":"Footwork","floor":25,"key":"SMITH"},{"floor":30,"key":"REST"},{"floor":32,"key":"REST"},{"data":"Accuracy","floor":40,"key":"SMITH"},{"floor":45,"key":"REST"},{"floor":49,"key":"REST"}],"circlet_count":0,"master_deck":["AscendersBane","Strike_G","Strike_G","Strike_G","Defend_G","Defend_G","Defend_G","Defend_G","Defend_G","Survivor","Neutralize","Blur","Cloak And Dagger","Slice","Tactician","Dash","Cloak And Dagger","Backstab","Quick Slash","Backflip+1","Dodge and Roll","Escape Plan","Backstab","Riddle With Holes","Deflect","Deadly Poison","Flying Knee","Acrobatics","PiercingWail","Cloak And Dagger","Footwork","Die Die Die","Accuracy+1","Die Die Die","Blade Dance","Blade Dance","Masterful Stab","Footwork+1","Infinite Blades","Leg Sweep","Dagger Spray","Blade Dance+1","Malaise","Adrenaline","Crippling Poison+1","Cloak And Dagger+1","Trip","Footwork+1"],"relics":["Ring of the Snake","Prayer Wheel","Torii","Orichalcum","Vajra","WristBlade","Membership Card","Ornamental Fan","Shuriken","Happy Flower","Busted Crown","Frozen Egg 2","Mummified Hand","Art of War","Red Mask","Smiling Mask"],"acts_visited":["TheCity","TheBeyond"],"potions_floor_usage":[8,14,16,16,29,33,44,50,50],"damage_taken":[{"damage":8,"enemies":"Cultist","floor":1,"turns":7},{"damage":0,"enemies":"Small Slimes","floor":2,"turns":4},{"damage":3,"enemies":"Jaw Worm","floor":3,"turns":5},{"damage":16,"enemies":"Exordium Thugs","floor":4,"turns":9},{"damage":1,"enemies":"Lots of Slimes","floor":5,"turns":7},{"damage":0,"enemies":"Blue Slaver","floor":7,"turns":4},{"damage":21,"enemies":"Lagavulin","floor":8,"turns":9},{"damage":0,"enemies":"3 Louse","floor":11,"turns":4},{"damage":0,"enemies":"Exordium Thugs","floor":12,"turns":6},{"damage":0,"enemies":"2 Fungi Beasts","floor":13,"turns":2},{"damage":9,"enemies":"Gremlin Nob","floor":14,"turns":3},{"damage":8,"enemies":"Slime Boss","floor":16,"turns":17},{"damage":0,"enemies":"Spheric Guardian","floor":18,"turns":1},{"damage":9,"enemies":"Shell Parasite","floor":21,"turns":6},{"damage":9,"enemies":"Slavers","floor":23,"turns":4},{"damage":18,"enemies":"Snake Plant","floor":28,"turns":4},{"damage":1,"enemies":"Centurion and Healer","floor":29,"turns":3},{"damage":22,"enemies":"Book of Stabbing","floor":31,"turns":5},{"damage":19,"enemies":"Champ","floor":33,"turns":10},{"damage":0,"enemies":"3 Darklings","floor":35,"turns":2},{"damage":7,"enemies":"3 Shapes","floor":37,"turns":2},{"damage":0,"enemies":"Maw","floor":39,"turns":5},{"damage":6,"enemies":"Nemesis","floor":41,"turns":5},{"damage":25,"enemies":"Sphere and 2 Shapes","floor":44,"turns":4},{"damage":17,"enemies":"Giant Head","floor":47,"turns":6},{"damage":1,"enemies":"4 Shapes","floor":48,"turns":4},{"damage":31,"enemies":"Time Eater","floor":50,"turns":10}],"seed_played":"273464066306751350","potions_obtained":[{"floor":3,"key":"Explosive Potion"},{"floor":5,"key":"Energy Potion"},{"floor":13,"key":"CunningPotion"},{"floor":14,"key":"Swift Potion"},{"floor":16,"key":"Dexterity Potion"},{"floor":28,"key":"Regen Potion"},{"floor":29,"key":"GamblersBrew"},{"floor":31,"key":"CunningPotion"},{"floor":35,"key":"FearPotion"},{"floor":48,"key":"Block Potion"}],"is_trial":false,"path_per_floor":["M","M","M","M","M","R","M","E","T","R","M","M","M","E","R","B",null,"M","?","$","M","$","E","?","R","T","$","M","M","R","E","R","B",null,"M","?","M","?","M","R","E","$","T","M","R","?","E","M","R","B",null],"character_chosen":"THE_SILENT","items_purchased":["Membership Card","Die Die Die","Blade Dance","Infinite Blades","Leg Sweep","Footwork+1","Mummified Hand"],"campfire_rested":6,"item_purchase_floors":[20,20,20,27,27,42,42],"current_hp_per_floor":[51,51,48,32,31,31,31,10,10,29,29,29,29,20,39,31,57,57,57,57,48,48,39,39,39,39,39,21,29,48,26,45,26,56,56,56,49,49,49,49,43,43,43,18,36,36,19,18,36,5],"gold":49,"neow_bonus":"ONE_RARE_RELIC","is_daily":false,"chose_seed":false,"campfire_upgraded":3,"win_rate":0.0,"timestamp":1613211317,"path_taken":["M","M","M","M","M","R","M","E","T","R","M","?","M","E","R","BOSS","M","?","$","M","$","E","?","R","T","?","?","?","R","E","R","BOSS","M","?","M","?","M","R","E","$","T","?","R","?","E","M","R","BOSS"],"items_purchased_type":["Relic","Card","Card","Card","Card","Card","Relic"],"build_version":"2020-12-22","purchased_purges":1,"victory":true,"max_hp_per_floor":[66,66,66,66,66,66,66,66,66,66,66,66,66,66,66,66,66,66,66,66,66,66,66,66,66,66,66,66,66,66,66,66,66,66,66,63,63,63,63,63,63,63,63,63,63,63,63,63,63,63],"card_choices":[{"not_picked":["Prepared","Quick Slash"],"picked":"Blur","floor":1},{"not_picked":["Deadly Poison","Choke"],"picked":"Cloak And Dagger","floor":1},{"not_picked":["Prepared","Quick Slash"],"picked":"Slice","floor":2},{"not_picked":["Bullet Time","Dagger Throw"],"picked":"Tactician","floor":2},{"not_picked":["Bane","Deadly Poison"],"picked":"Dash","floor":3},{"not_picked":["Bane","Flying Knee"],"picked":"Cloak And Dagger","floor":3},{"not_picked":["Dagger Throw","Escape Plan"],"picked":"Backstab","floor":4},{"not_picked":["Calculated Gamble","Prepared"],"picked":"Quick Slash","floor":4},{"not_picked":["Cloak And Dagger","Bullet Time"],"picked":"Backflip","floor":5},{"not_picked":["Endless Agony","Sucker Punch"],"picked":"Dodge and Roll","floor":5},{"not_picked":["Blur","Outmaneuver"],"picked":"Escape Plan","floor":7},{"not_picked":["Flying Knee","Backflip"],"picked":"Backstab","floor":7},{"not_picked":["Tactician","Quick Slash"],"picked":"Riddle With Holes","floor":8},{"not_picked":["Dodge and Roll","Tactician"],"picked":"Deflect","floor":11},{"not_picked":["Sucker Punch","Quick Slash"],"picked":"Deadly Poison","floor":11},{"not_picked":["Prepared","Concentrate"],"picked":"Flying Knee","floor":12},{"not_picked":["Caltrops","Heel Hook"],"picked":"Acrobatics","floor":12},{"not_picked":["Terror","Finisher"],"picked":"PiercingWail","floor":13},{"not_picked":["Calculated Gamble","Dodge and Roll"],"picked":"Cloak And Dagger","floor":13},{"not_picked":["Cloak And Dagger","Grand Finale"],"picked":"Footwork","floor":14},{"not_picked":["Adrenaline","Wraith Form v2"],"picked":"Die Die Die","floor":16},{"not_picked":["Blade Dance","Outmaneuver+1"],"picked":"Accuracy","floor":18},{"not_picked":["Tactician","Distraction","Quick Slash"],"picked":"SKIP","floor":18},{"not_picked":["Escape Plan","Masterful Stab"],"picked":"Blade Dance","floor":21},{"not_picked":["Skewer+1","Flying Knee","Dodge and Roll"],"picked":"SKIP","floor":21},{"not_picked":["Setup","Phantasmal Killer"],"picked":"Masterful Stab","floor":23},{"not_picked":["Flying Knee","Dagger Throw"],"picked":"Dagger Spray","floor":28},{"not_picked":["Dodge and Roll","Catalyst","Outmaneuver"],"picked":"SKIP","floor":28},{"not_picked":["Cloak And Dagger","Bouncing Flask"],"picked":"Blade Dance+1","floor":29},{"not_picked":["Underhanded Strike","Expertise","Outmaneuver"],"picked":"SKIP","floor":29},{"not_picked":["Dodge and Roll","Flying Knee+1"],"picked":"Malaise","floor":31},{"not_picked":["Night Terror","Unload"],"picked":"Adrenaline","floor":33},{"not_picked":["Quick Slash"],"picked":"SKIP","floor":35},{"not_picked":["Flying Knee"],"picked":"SKIP","floor":35},{"not_picked":[],"picked":"Crippling Poison+1","floor":37},{"not_picked":[],"picked":"Cloak And Dagger+1","floor":37},{"not_picked":[],"picked":"Trip","floor":38},{"not_picked":["Dagger Spray"],"picked":"SKIP","floor":39},{"not_picked":["Quick Slash"],"picked":"SKIP","floor":39},{"not_picked":["Calculated Gamble"],"picked":"SKIP","floor":41},{"not_picked":["Bouncing Flask"],"picked":"SKIP","floor":44},{"not_picked":["Dagger Throw"],"picked":"SKIP","floor":44},{"not_picked":["Riddle With Holes+1"],"picked":"SKIP","floor":47},{"not_picked":["Quick Slash+1"],"picked":"SKIP","floor":48},{"not_picked":["Choke"],"picked":"SKIP","floor":48}],"player_experience":239878,"relics_obtained":[{"floor":8,"key":"Torii"},{"floor":9,"key":"Orichalcum"},{"floor":14,"key":"Vajra"},{"floor":23,"key":"Ornamental Fan"},{"floor":26,"key":"Shuriken"},{"floor":31,"key":"Happy Flower"},{"floor":41,"key":"Frozen Egg 2"},{"floor":43,"key":"Art of War"},{"floor":47,"key":"Smiling Mask"}],"event_choices":[{"cards_removed":["Strike_G"],"damage_healed":0,"gold_gain":0,"player_choice":"Gave Gold","damage_taken":0,"max_hp_gain":0,"max_hp_loss":0,"event_name":"Beggar","floor":19,"gold_loss":75},{"damage_healed":0,"gold_gain":0,"player_choice":"Read","damage_taken":0,"max_hp_gain":0,"max_hp_loss":0,"event_name":"The Library","floor":24,"gold_loss":0,"cards_obtained":["Footwork"]},{"damage_healed":0,"gold_gain":0,"player_choice":"Max HP","damage_taken":0,"max_hp_gain":0,"max_hp_loss":3,"event_name":"Winding Halls","floor":36,"gold_loss":0},{"damage_healed":0,"gold_gain":0,"player_choice":"Memory 1","damage_taken":0,"max_hp_gain":0,"max_hp_loss":0,"event_name":"SensoryStone","floor":38,"gold_loss":0},{"damage_healed":0,"gold_gain":0,"player_choice":"Paid","damage_taken":0,"relics_obtained":["Red Mask"],"max_hp_gain":0,"max_hp_loss":0,"event_name":"Tomb of Lord Red Mask","floor":46,"gold_loss":63}],"is_beta":false,"boss_relics":[{"not_picked":["Tiny House","Empty Cage"],"picked":"WristBlade"},{"not_picked":["Runic Pyramid","Sozu"],"picked":"Busted Crown"}],"items_purged_floors":[42],"is_endless":false,"potions_floor_spawned":[3,5,7,13,14,16,28,29,31,35,39,41,48],"ascension_level":15}}