{"host":"pj7egx7jkoz18hom","time":1613193981,"event":{"mods":["AchievementEnabler","BaseMod","Keyboard Shortcuts","Minty Spire (QoL Compilation)","SuperFastMode"],"gold_per_floor":[117,68,18,93,104,131,131,166,166,179,209,221,69,97,97,193,193,210,63,63,63,75,75,110,110,110,121,121,140,40,71,71,172,172,190,190,209,222,97,97,97,107,155,5,5,5,31,44,44,44,44],"floor_reached":50,"language":"KOR","playtime":2676,"items_purged":["Gash","Shame","Defend_B","Steam Power"],"score":551,"play_id":"d940031c-6396-4e7d-a031-e3b7ea8f05b9","local_time":"20210213142621","is_ascension_mode":false,"campfire_choices":[{"data":"Genetic Algorithm","floor":7.0,"key":"SMITH"},{"data":"Redo","floor":15.0,"key":"SMITH"},{"data":"Defragment","floor":23.0,"key":"SMITH"},{"data":"Capacitor","floor":32,"key":"SMITH"},{"data":"Loop","floor":40,"key":"SMITH"},{"data":"Electrodynamics","floor":49,"key":"SMITH"}],"circlet_count":0,"master_deck":["Strike_B","Strike_B","Defend_B","Defend_B","Dualcast","Redo+1","Genetic Algorithm+1","Skim","Loop+1","Streamline","Self Repair","Cold Snap+1","Go for the Eyes+1","Electrodynamics+1","Self Repair","Defragment+1","Capacitor+1","Beam Cell","RitualDagger","Conserve Battery","Barrage+1","Redo+1","Conserve Battery+1","Electrodynamics+1","Coolheaded+1"],"relics":["Cracked Core","NeowsBlessing","Shuriken","Blood Vial","Matryoshka","Odd Mushroom","Lee\u0027s Waffle","Mummified Hand","Velvet Choker","Ornamental Fan","Whetstone","Bag of Preparation","Sundial","Ginger","Busted Crown","Boot","Omamori","Vajra"],"acts_visited":["Exordium","TheCity","TheBeyond"],"potions_floor_usage":[42,50,50],"damage_taken":[{"damage":0.0,"enemies":"Jaw Worm","floor":1.0,"turns":1.0},{"damage":0.0,"enemies":"2 Louse","floor":5.0,"turns":1.0},{"damage":0.0,"enemies":"Gremlin Nob","floor":6.0,"turns":1.0},{"damage":42.0,"enemies":"3 Sentries","floor":8.0,"turns":9.0},{"damage":0.0,"enemies":"Small Slimes","floor":10.0,"turns":3.0},{"damage":16.0,"enemies":"The Mushroom Lair","floor":11.0,"turns":5.0},{"damage":8.0,"enemies":"3 Louse","floor":12.0,"turns":4.0},{"damage":19.0,"enemies":"Lagavulin","floor":14.0,"turns":6.0},{"damage":60.0,"enemies":"The Guardian","floor":16.0,"turns":11.0},{"damage":20.0,"enemies":"2 Thieves","floor":18.0,"turns":3.0},{"damage":15.0,"enemies":"Shell Parasite","floor":22.0,"turns":4.0},{"damage":36.0,"enemies":"Slavers","floor":24.0,"turns":4.0},{"damage":15.0,"enemies":"Snake Plant","floor":27.0,"turns":3.0},{"damage":18,"enemies":"Cultist and Chosen","floor":29,"turns":5},{"damage":17,"enemies":"Book of Stabbing","floor":31,"turns":5},{"damage":53,"enemies":"Automaton","floor":33,"turns":8},{"damage":14,"enemies":"3 Shapes","floor":35,"turns":4},{"damage":9,"enemies":"Orb Walker","floor":37,"turns":3},{"damage":44,"enemies":"Spire Growth","floor":38,"turns":5},{"damage":10,"enemies":"Maw","floor":42,"turns":6},{"damage":36,"enemies":"Reptomancer","floor":47,"turns":6},{"damage":4,"enemies":"Jaw Worm Horde","floor":48,"turns":2},{"damage":49,"enemies":"Donu and Deca","floor":50,"turns":6}],"seed_played":"-5517065643563586190","potions_obtained":[{"floor":5.0,"key":"SteroidPotion"},{"floor":6.0,"key":"Block Potion"},{"floor":8.0,"key":"Weak Potion"},{"floor":18.0,"key":"Strength Potion"},{"floor":33,"key":"Explosive Potion"},{"floor":35,"key":"SkillPotion"},{"floor":37,"key":"AttackPotion"}],"is_trial":false,"path_per_floor":["M","$","?","?","M","E","R","E","T","M","?","M","$","E","R","B",null,"M","$","?","?","M","R","E","?","T","M","?","M","$","E","R","B",null,"M","?","M","M","$","R","?","M","T","$","?","$","E","M","R","B"],"character_chosen":"DEFECT","items_purchased":["Gash","Lee\u0027s Waffle","Defragment"],"campfire_rested":0,"item_purchase_floors":[2,13,19],"current_hp_per_floor":[75,75,75,64,64,64,64,22,22,24,10,4,82,70,70,19,82,69,69,69,69,70,70,50,44,44,45,72,70,70,69,69,32,82,75,75,82,52,52,52,52,58,58,58,58,58,38,43,43,0,0],"gold":44,"neow_bonus":"THREE_ENEMY_KILL","is_daily":false,"chose_seed":false,"campfire_upgraded":6,"win_rate":0.0,"timestamp":1613193981,"path_taken":["M","$","?","?","M","E","R","E","T","M","?","M","?","E","R","BOSS","M","$","?","?","M","R","E","?","T","M","?","?","?","E","R","BOSS","M","?","?","M","$","R","?","M","T","$","?","$","E","M","R","BOSS"],"items_purchased_type":["Card","Relic","Card"],"build_version":"2020-12-22","purchased_purges":4,"victory":false,"max_hp_per_floor":[75,75,75,75,75,75,75,75,75,75,75,75,82,82,82,82,82,82,82,82,82,82,82,82,82,82,82,82,82,82,82,82,82,82,82,82,82,82,82,82,78,78,78,78,78,78,78,78,78,78,78],"card_choices":[{"not_picked":["Streamline","Barrage"],"picked":"Redo","floor":1.0},{"not_picked":["Streamline","White Noise"],"picked":"Genetic Algorithm","floor":5.0},{"not_picked":["Seek","Sweeping Beam"],"picked":"Skim","floor":6.0},{"not_picked":["Hologram","Go for the Eyes"],"picked":"Loop","floor":8.0},{"not_picked":["Stack","Barrage"],"picked":"Streamline","floor":10.0},{"not_picked":["Hologram","Beam Cell"],"picked":"Self Repair","floor":11.0},{"not_picked":["Stack","Sweeping Beam"],"picked":"Cold Snap","floor":12.0},{"not_picked":["Redo","Compile Driver"],"picked":"Go for the Eyes","floor":14.0},{"not_picked":["Thunder Strike","Machine Learning"],"picked":"Electrodynamics","floor":16.0},{"not_picked":["Cold Snap","Skim"],"picked":"Self Repair","floor":18.0},{"not_picked":["Self Repair","Compile Driver","Scrape+1"],"picked":"SKIP","floor":22.0},{"not_picked":["Streamline","Reprogram"],"picked":"Beam Cell","floor":24.0},{"not_picked":["Darkness+1","Ball Lightning"],"picked":"Conserve Battery","floor":27.0},{"not_picked":["Hologram","Capacitor","Compile Driver"],"picked":"SKIP","floor":29},{"not_picked":["Hologram+1","Cold Snap"],"picked":"Barrage+1","floor":31},{"not_picked":["Steam"],"picked":"SKIP","floor":35},{"not_picked":[],"picked":"Redo+1","floor":37},{"not_picked":[],"picked":"Conserve Battery+1","floor":38},{"not_picked":["Hello World"],"picked":"SKIP","floor":42},{"not_picked":[],"picked":"Electrodynamics","floor":47},{"not_picked":[],"picked":"Coolheaded+1","floor":48}],"player_experience":23885,"relics_obtained":[{"floor":6.0,"key":"Shuriken"},{"floor":8.0,"key":"Blood Vial"},{"floor":9.0,"key":"Matryoshka"},{"floor":11.0,"key":"Odd Mushroom"},{"floor":14.0,"key":"Mummified Hand"},{"floor":24.0,"key":"Whetstone"},{"floor":26.0,"key":"Bag of Preparation"},{"floor":26.0,"key":"Sundial"},{"floor":31,"key":"Ginger"},{"floor":43,"key":"Boot"},{"floor":43,"key":"Omamori"},{"floor":47,"key":"Vajra"}],"event_choices":[{"cards_removed":["Strike_B"],"damage_healed":0.0,"max_hp_gain":0.0,"max_hp_loss":0.0,"gold_gain":0.0,"event_name":"The Cleric","player_choice":"Card Removal","floor":3.0,"gold_loss":50.0,"damage_taken":0.0},{"damage_healed":0.0,"max_hp_gain":0.0,"max_hp_loss":0.0,"gold_gain":75.0,"event_name":"World of Goop","player_choice":"Gather Gold","floor":4.0,"gold_loss":0.0,"damage_taken":11.0},{"damage_healed":0.0,"max_hp_gain":0.0,"max_hp_loss":0.0,"gold_gain":0.0,"event_name":"Mushrooms","player_choice":"Fought Mushrooms","floor":11.0,"gold_loss":0.0,"damage_taken":0.0},{"damage_healed":0.0,"max_hp_gain":0.0,"max_hp_loss":0.0,"gold_gain":0.0,"cards_transformed":["Strike_B","Defend_B"],"event_name":"Drug Dealer","player_choice":"Became Test Subject","floor":20.0,"gold_loss":0.0,"damage_taken":0.0,"cards_obtained":["Steam Power","Capacitor"]},{"damage_healed":0.0,"max_hp_gain":0.0,"max_hp_loss":0.0,"gold_gain":0.0,"event_name":"Addict","player_choice":"Stole Relic","floor":21.0,"gold_loss":0.0,"damage_taken":0.0,"relics_obtained":["Ornamental Fan"],"cards_obtained":["Shame"]},{"damage_healed":0.0,"max_hp_gain":0.0,"max_hp_loss":0.0,"gold_gain":0.0,"event_name":"Nest","player_choice":"Joined the Cult","floor":25.0,"gold_loss":0.0,"damage_taken":6.0,"cards_obtained":["RitualDagger"]},{"damage_healed":27,"gold_gain":0,"player_choice":"Heal","damage_taken":0,"max_hp_gain":0,"max_hp_loss":0,"event_name":"The Library","floor":28,"gold_loss":0},{"damage_healed":0,"gold_gain":0,"player_choice":"Upgraded","damage_taken":0,"max_hp_gain":0,"max_hp_loss":0,"event_name":"Upgrade Shrine","floor":36,"gold_loss":0,"cards_upgraded":["Electrodynamics"]},{"damage_healed":0,"gold_gain":0,"player_choice":"Max HP","damage_taken":0,"max_hp_gain":0,"max_hp_loss":4,"event_name":"Winding Halls","floor":41,"gold_loss":0},{"cards_removed":["Zap"],"damage_healed":0,"gold_gain":0,"player_choice":"Removed Skill","damage_taken":0,"max_hp_gain":0,"max_hp_loss":0,"event_name":"Falling","floor":45,"gold_loss":0}],"is_beta":false,"boss_relics":[{"not_picked":["Coffee Dripper","SacredBark"],"picked":"Velvet Choker"},{"not_picked":["Cursed Key","Philosopher\u0027s Stone"],"picked":"Busted Crown"}],"items_purged_floors":[19,30,39,44],"is_endless":false,"potions_floor_spawned":[5,6,8,18,33,35,37],"killed_by":"Donu and Deca","ascension_level":0}}