{"host":"utqe55yv0jihe4d6","time":1613187531,"event":{"mods":["2.2 Compatiblity","AchievementEnabler","BaseMod","Block Reminder","Colored Map","Colored Powertips","Minty Spire (QoL Compilation)","Quick Restart","Rare Cards Sparkle","Relic Stats","SuperFastMode"],"gold_per_floor":[114,114,134,154,170,170,203,203,228,241,3,23,23,62,62,62,62],"floor_reached":16,"language":"ENG","playtime":988,"items_purged":["Strike_G"],"score":224,"play_id":"413d0e4b-6c2e-4dc3-936c-45a5eba0b8d5","local_time":"20210212223851","is_ascension_mode":true,"campfire_choices":[{"data":"Neutralize","floor":6.0,"key":"SMITH"},{"floor":8.0,"key":"REST"},{"floor":15,"key":"REST"}],"circlet_count":0,"master_deck":["AscendersBane","Strike_G+1","Strike_G+1","Strike_G","Defend_G","Defend_G","Defend_G","Defend_G","Defend_G","Survivor","Neutralize+1","Storm of Steel","Dash","Cloak And Dagger","Night Terror","Deadly Poison","Adrenaline","Deflect","Escape Plan"],"relics":["Ring of the Snake","Vajra","Omamori","Anchor","Golden Idol","Whetstone"],"acts_visited":["Exordium"],"potions_floor_usage":[14],"damage_taken":[{"damage":0.0,"enemies":"Cultist","floor":1.0,"turns":4.0},{"damage":3.0,"enemies":"Small Slimes","floor":3.0,"turns":4.0},{"damage":1.0,"enemies":"2 Louse","floor":4.0,"turns":4.0},{"damage":12.0,"enemies":"Blue Slaver","floor":5.0,"turns":6.0},{"damage":18.0,"enemies":"Gremlin Nob","floor":7.0,"turns":4.0},{"damage":5.0,"enemies":"Red Slaver","floor":10.0,"turns":4.0},{"damage":8.0,"enemies":"Exordium Thugs","floor":12.0,"turns":5.0},{"damage":7,"enemies":"Lagavulin","floor":14,"turns":6},{"damage":52,"enemies":"Slime Boss","floor":16,"turns":10}],"seed_played":"-468740619981850178","potions_obtained":[{"floor":5.0,"key":"Strength Potion"},{"floor":7.0,"key":"FairyPotion"},{"floor":10.0,"key":"LiquidBronze"},{"floor":12.0,"key":"Poison Potion"}],"is_trial":false,"path_per_floor":["M","?","M","M","M","R","E","R","T","M","$","M","?","E","R","B"],"character_chosen":"THE_SILENT","items_purchased":["Anchor"],"campfire_rested":2,"item_purchase_floors":[11],"current_hp_per_floor":[59,59,56,55,43,43,25,44,44,39,39,31,31,24,42,0,0],"gold":62,"neow_bonus":"ONE_RANDOM_RARE_CARD","is_daily":false,"chose_seed":false,"campfire_upgraded":1,"win_rate":0.0,"timestamp":1613187531,"path_taken":["M","?","M","M","M","R","E","R","T","?","$","M","?","E","R","BOSS"],"items_purchased_type":["Relic"],"build_version":"2020-12-22","purchased_purges":1,"victory":false,"max_hp_per_floor":[66,66,66,66,66,66,66,66,66,66,66,66,60,60,60,60,60],"relic_stats":{"counters":[9,47],"Golden Idol":8,"Whetstone":["Strike_G","Strike_G"],"obtain_stats":[{"Anchor":11,"Golden Idol":13,"Vajra":7,"Omamori":9,"Whetstone":14,"Ring of the Snake":0},{"Anchor":6,"Golden Idol":7,"Vajra":5,"Omamori":5,"Whetstone":8,"Ring of the Snake":0},{"Anchor":26,"Golden Idol":31,"Vajra":22,"Omamori":22,"Whetstone":37,"Ring of the Snake":0}],"Ring of the Snake":[18]},"card_choices":[{"not_picked":["Prepared","Deflect"],"picked":"Dash","floor":1.0},{"not_picked":["Slice","Sucker Punch"],"picked":"Cloak And Dagger","floor":3.0},{"not_picked":["Underhanded Strike","Flechettes"],"picked":"Night Terror","floor":4.0},{"not_picked":["Riddle With Holes","Leg Sweep"],"picked":"Deadly Poison","floor":5.0},{"not_picked":["PiercingWail","Bane"],"picked":"Adrenaline","floor":7.0},{"not_picked":["Bane","Backflip"],"picked":"Deflect","floor":10.0},{"not_picked":["Bane","Expertise"],"picked":"Escape Plan","floor":12.0},{"not_picked":["Deadly Poison","Storm of Steel","Acrobatics"],"picked":"SKIP","floor":14}],"player_experience":3065325,"relics_obtained":[{"floor":7.0,"key":"Vajra"},{"floor":9.0,"key":"Omamori"},{"floor":14,"key":"Whetstone"}],"event_choices":[{"cards_removed":["Strike_G"],"damage_healed":0.0,"max_hp_gain":0.0,"max_hp_loss":0.0,"gold_gain":0.0,"event_name":"Purifier","player_choice":"Purged","floor":2.0,"gold_loss":0.0,"damage_taken":0.0},{"damage_healed":0.0,"max_hp_gain":0.0,"max_hp_loss":6.0,"gold_gain":0.0,"event_name":"Golden Idol","player_choice":"Lose Max HP","floor":13.0,"gold_loss":0.0,"damage_taken":0.0,"relics_obtained":["Golden Idol"]}],"is_beta":false,"boss_relics":[],"items_purged_floors":[11],"is_endless":false,"potions_floor_spawned":[5,7,10,12],"killed_by":"Slime Boss","ascension_level":20}}