{"host":"dh4nu8nelr2izibb","time":1613255267,"event":{"mods":["BaseMod","Better Skull","Better Third Choice","Card Filter","Card Forge","Curses Come First","Displayed Cursed Tome","HololiveMod","Marisa????????","Minty Spire (QoL Compilation)","Poor People Problems","Quick Restart","Relic Filter","Reliquary","StSLib","The Servant 0.9.4","WarShipGirlsR/????R mod","Yakumo Yukari mod"],"gold_per_floor":[109,124,124,141,153,153,165,165,165],"floor_reached":8,"language":"ENG","playtime":293,"items_purged":[],"score":100,"play_id":"2125c405-6cd3-4314-a890-924a2dda72c1","local_time":"20210213172747","is_ascension_mode":true,"campfire_choices":[{"data":"Neutralize","floor":6,"key":"SMITH"}],"circlet_count":0,"master_deck":["AscendersBane","Strike_G","Strike_G","Strike_G","Strike_G","Defend_G","Defend_G","Defend_G","Defend_G","Survivor","Neutralize+1","Dagger Spray+1","PiercingWail","Dagger Throw","Cloak And Dagger"],"relics":["Ring of the Snake","Hammer of Thor","Seething Fire","Anvil of the Gods"],"acts_visited":["Exordium"],"potions_floor_usage":[5],"damage_taken":[{"damage":3,"enemies":"Jaw Worm","floor":1,"turns":4},{"damage":0,"enemies":"Small Slimes","floor":2,"turns":3},{"damage":3,"enemies":"Cultist","floor":4,"turns":5},{"damage":16,"enemies":"Exordium Wildlife","floor":5,"turns":6},{"damage":0,"enemies":"3 Louse","floor":7,"turns":3},{"damage":31,"enemies":"Lagavulin","floor":8,"turns":8}],"seed_played":"5756897764886082454","potions_obtained":[{"floor":1,"key":"DistilledChaos"}],"is_trial":false,"path_per_floor":["M","M","?","M","M","R","M","E"],"character_chosen":"THE_SILENT","items_purchased":[],"campfire_rested":0,"item_purchase_floors":[],"current_hp_per_floor":[56,56,56,53,37,37,37,6,6],"gold":165,"neow_bonus":"REMOVE_CARD","is_daily":false,"chose_seed":false,"campfire_upgraded":1,"win_rate":0.0,"timestamp":1613255267,"path_taken":["M","M","?","M","M","R","M","E"],"items_purchased_type":[],"build_version":"2020-12-22","purchased_purges":0,"victory":false,"max_hp_per_floor":[66,66,66,66,66,66,66,66,66],"card_choices":[{"not_picked":["Reflex","Tactician"],"picked":"Dagger Spray","floor":1},{"not_picked":["Sucker Punch","Flechettes"],"picked":"PiercingWail","floor":2},{"not_picked":["Deflect","Sucker Punch"],"picked":"Dagger Throw","floor":4},{"not_picked":["Expertise","Poisoned Stab","Catalyst"],"picked":"SKIP","floor":5},{"not_picked":["Deadly Poison","Catalyst"],"picked":"Cloak And Dagger","floor":7}],"player_experience":1179303,"relics_obtained":[],"event_choices":[{"damage_healed":0,"gold_gain":0,"player_choice":"Ignored","damage_taken":124,"max_hp_gain":0,"max_hp_loss":0,"event_name":"betterThird:BetterSerpent","floor":3,"gold_loss":0}],"is_beta":false,"boss_relics":[],"items_purged_floors":[],"is_endless":false,"potions_floor_spawned":[1],"killed_by":"Lagavulin","ascension_level":20}}