{"host":"6rz02yiipefhcw4r","time":1613215483,"event":{"mods":["2.2 Compatiblity","BaseMod","Block Reminder","Colored Map","Curses Come First","DeckTracker","Googly Eyes","Minty Spire (QoL Compilation)","Quick Restart","Rare Cards Sparkle","StSLib"],"gold_per_floor":[166,166,166,166,180,224,224,62,62,62,97,121,135,135,135,234,234,258,258,283,283,297,297,297],"floor_reached":23,"language":"ENG","playtime":832,"items_purged":[],"score":398,"play_id":"d6e0582b-0980-4847-9da2-777bd076c86a","local_time":"20210213092443","is_ascension_mode":true,"campfire_choices":[{"floor":7.0,"key":"REST"},{"data":"Deadly Poison","floor":10.0,"key":"SMITH"},{"data":"Caltrops","floor":15.0,"key":"SMITH"}],"circlet_count":0,"master_deck":["AscendersBane","Strike_G","Strike_G","Strike_G","Strike_G","Defend_G","Defend_G+1","Defend_G","Defend_G","Defend_G+1","Survivor","Neutralize","Leg Sweep+1","Deadly Poison+1","All Out Attack","Dash","Caltrops+1","After Image","Quick Slash","Footwork+1"],"relics":["Tiny House","Golden Idol","War Paint","ClockworkSouvenir","Tough Bandages","Potion Belt","Philosopher\u0027s Stone","MutagenicStrength"],"acts_visited":["Exordium","TheCity"],"potions_floor_usage":[23,23,23],"damage_taken":[{"damage":2.0,"enemies":"Jaw Worm","floor":1.0,"turns":10.0},{"damage":0.0,"enemies":"Small Slimes","floor":5.0,"turns":6.0},{"damage":40.0,"enemies":"Gremlin Nob","floor":6.0,"turns":6.0},{"damage":17.0,"enemies":"Lagavulin","floor":11.0,"turns":8.0},{"damage":0.0,"enemies":"2 Louse","floor":12.0,"turns":2.0},{"damage":0.0,"enemies":"Looter","floor":13.0,"turns":3.0},{"damage":18.0,"enemies":"The Guardian","floor":16.0,"turns":11.0},{"damage":7.0,"enemies":"Spheric Guardian","floor":18.0,"turns":7.0},{"damage":12.0,"enemies":"Shell Parasite","floor":20.0,"turns":6.0},{"damage":4.0,"enemies":"Snecko","floor":22.0,"turns":5.0},{"damage":31,"enemies":"Slavers","floor":23,"turns":3}],"seed_played":"7954047917793203736","potions_obtained":[{"floor":0.0,"key":"EntropicBrew"},{"floor":1.0,"key":"Regen Potion"},{"floor":13.0,"key":"ColorlessPotion"},{"floor":16.0,"key":"FearPotion"},{"floor":18.0,"key":"SkillPotion"},{"floor":22.0,"key":"CultistPotion"}],"is_trial":false,"path_per_floor":["M","?","?","$","M","E","R","$","T","R","E","M","M","?","R","B",null,"M","?","M","?","M","E"],"character_chosen":"THE_SILENT","items_purchased":["ClockworkSouvenir"],"campfire_rested":1,"item_purchase_floors":[8],"current_hp_per_floor":[62,62,55,55,55,15,34,34,34,34,32,32,32,32,32,14,52,45,45,33,33,29,0,0],"gold":297,"neow_bonus":"BOSS_RELIC","is_daily":false,"chose_seed":false,"campfire_upgraded":2,"win_rate":0.0,"timestamp":1613215483,"path_taken":["M","?","?","$","M","E","R","$","T","R","E","M","M","?","R","BOSS","M","?","M","?","M","E"],"items_purchased_type":["Relic"],"build_version":"2020-12-22","purchased_purges":0,"victory":false,"max_hp_per_floor":[71,64,64,64,64,64,64,64,64,64,64,64,64,64,64,64,64,64,64,64,64,64,64,64],"card_choices":[{"not_picked":["Acrobatics","Flying Knee"],"picked":"Leg Sweep","floor":0.0},{"not_picked":["Acrobatics","Flying Knee"],"picked":"Deadly Poison","floor":1.0},{"not_picked":["Reflex","Bane"],"picked":"All Out Attack","floor":5.0},{"not_picked":["Doppelganger","Cloak And Dagger"],"picked":"Dash","floor":6.0},{"not_picked":["Deflect","Outmaneuver","Cloak And Dagger"],"picked":"SKIP","floor":11.0},{"not_picked":["Deflect","Accuracy"],"picked":"Caltrops","floor":12.0},{"not_picked":["Deflect","Underhanded Strike","Reflex"],"picked":"SKIP","floor":13.0},{"not_picked":["Night Terror","Storm of Steel"],"picked":"After Image","floor":16.0},{"not_picked":["Dagger Spray","Underhanded Strike","Deflect"],"picked":"SKIP","floor":18.0},{"not_picked":["Blur","Dagger Throw"],"picked":"Quick Slash","floor":20.0},{"not_picked":["Backflip","Masterful Stab"],"picked":"Footwork+1","floor":22.0}],"player_experience":807324,"relics_obtained":[{"floor":6.0,"key":"War Paint"},{"floor":9.0,"key":"Tough Bandages"},{"floor":11.0,"key":"Potion Belt"}],"event_choices":[{"damage_healed":0.0,"max_hp_gain":0.0,"max_hp_loss":7.0,"gold_gain":0.0,"event_name":"Golden Idol","player_choice":"Lose Max HP","floor":2.0,"gold_loss":0.0,"damage_taken":0.0,"relics_obtained":["Golden Idol"]},{"cards_removed":["Strike_G"],"damage_healed":0.0,"max_hp_gain":0.0,"max_hp_loss":0.0,"gold_gain":0.0,"event_name":"Golden Wing","player_choice":"Card Removal","floor":3.0,"gold_loss":0.0,"damage_taken":7.0},{"damage_healed":0.0,"max_hp_gain":0.0,"max_hp_loss":0.0,"gold_gain":0.0,"event_name":"Dead Adventurer","player_choice":"Searched \u00271\u0027 times","floor":14.0,"gold_loss":0.0,"damage_taken":0.0},{"damage_healed":0.0,"max_hp_gain":0.0,"max_hp_loss":0.0,"gold_gain":0.0,"event_name":"Drug Dealer","player_choice":"Inject Mutagens","floor":19.0,"gold_loss":0.0,"damage_taken":0.0,"relics_obtained":["MutagenicStrength"]},{"damage_healed":0.0,"max_hp_gain":0.0,"max_hp_loss":0.0,"gold_gain":0.0,"event_name":"The Mausoleum","player_choice":"Ignored","floor":21.0,"gold_loss":0.0,"damage_taken":0.0}],"is_beta":false,"boss_relics":[{"not_picked":["SlaversCollar","Sozu"],"picked":"Philosopher\u0027s Stone"}],"items_purged_floors":[],"is_endless":false,"potions_floor_spawned":[1,13,16,18,22],"killed_by":"Slavers","ascension_level":20}}