{"host":"u8f6oqzdc7r6igag","time":1613192837,"event":{"mods":["BaseMod","Minty Spire (QoL Compilation)","Relic Stats"],"gold_per_floor":[111,111,111,128,139,139,174,190,190,190,190,190],"floor_reached":11,"language":"ENG","playtime":376,"items_purged":[],"score":99,"play_id":"2cfe13d7-ce0c-41fc-b677-ac3924217cb2","local_time":"20210212230717","is_ascension_mode":true,"campfire_choices":[{"data":"Dropkick","floor":6,"key":"SMITH"},{"floor":10,"key":"REST"}],"circlet_count":0,"master_deck":["Strike_R","Strike_R","Strike_R","Strike_R","Strike_R","Defend_R","Defend_R","Defend_R","Defend_R","Bash","Burning Pact","Rupture","Dropkick+1","Limit Break","Cleave"],"relics":["Burning Blood","Blood Vial","NlothsMask","MealTicket"],"acts_visited":["Exordium"],"potions_floor_usage":[],"damage_taken":[{"damage":1,"enemies":"2 Louse","floor":1,"turns":3},{"damage":1,"enemies":"Cultist","floor":4,"turns":4},{"damage":13,"enemies":"Jaw Worm","floor":5,"turns":4},{"damage":65,"enemies":"3 Sentries","floor":7,"turns":11},{"damage":10,"enemies":"2 Fungi Beasts","floor":8,"turns":4},{"damage":56,"enemies":"Lagavulin","floor":11,"turns":7}],"seed_played":"3365858391923628054","potions_obtained":[{"floor":4,"key":"LiquidMemories"},{"floor":8,"key":"Ancient Potion"}],"is_trial":false,"path_per_floor":["M","?","?","M","M","R","E","M","T","R","E"],"character_chosen":"IRONCLAD","items_purchased":[],"campfire_rested":1,"item_purchase_floors":[],"current_hp_per_floor":[79,84,84,85,78,78,21,19,19,44,0,0],"gold":190,"neow_bonus":"RANDOM_COMMON_RELIC","is_daily":false,"chose_seed":false,"campfire_upgraded":1,"win_rate":0.0,"timestamp":1613192837,"path_taken":["M","?","?","M","M","R","E","M","T","R","E"],"items_purchased_type":[],"build_version":"2020-12-22","purchased_purges":0,"victory":false,"max_hp_per_floor":[80,85,85,85,85,85,85,85,85,85,85,85],"relic_stats":{"Blood Vial":9,"counters":[6,33],"MealTicket":0,"obtain_stats":[{"Blood Vial":0,"MealTicket":7,"Burning Blood":0,"NlothsMask":3},{"Blood Vial":0,"MealTicket":4,"Burning Blood":0,"NlothsMask":1},{"Blood Vial":0,"MealTicket":22,"Burning Blood":0,"NlothsMask":3}],"Burning Blood":25},"card_choices":[{"not_picked":["Twin Strike","Iron Wave"],"picked":"Burning Pact","floor":1},{"not_picked":["Thunderclap","Iron Wave"],"picked":"Rupture","floor":4},{"not_picked":["Flex","Sentinel"],"picked":"Dropkick","floor":5},{"not_picked":["Havoc","Heavy Blade"],"picked":"Limit Break","floor":7},{"not_picked":["Warcry","Rage"],"picked":"Cleave","floor":8}],"player_experience":183451,"relics_obtained":[{"floor":7,"key":"MealTicket"}],"event_choices":[{"damage_healed":0,"gold_gain":0,"player_choice":"Donut","damage_taken":0,"max_hp_gain":5,"max_hp_loss":0,"event_name":"Big Fish","floor":2,"gold_loss":0},{"damage_healed":0,"gold_gain":0,"player_choice":"Trade","damage_taken":0,"relics_obtained":["NlothsMask"],"max_hp_gain":0,"max_hp_loss":0,"event_name":"FaceTrader","floor":3,"gold_loss":0}],"is_beta":false,"boss_relics":[],"items_purged_floors":[],"is_endless":false,"potions_floor_spawned":[4,8],"killed_by":"Lagavulin","ascension_level":7}}