{"host":"3z9xbwjeimmg738z","time":1613245140,"event":{"mods":["100% Spire Juice","2.2 Compatiblity","Act Like it!","AlwaysNeverKeys","Arknights","Aspiration","Bard","Bartender","BaseMod","Beaked The Cultist","Better Altar","Better Match","Better Note","Better Sensory Stone","Better Skull","Better Third Choice","Bossed Relics","CapriCore","ChefMod","Colored Powertips","Defuse TimeMaze Blight","Dio Mod","Displayed Cursed Tome","Ekko","Faster Ascension Climbing","Fiend Mod","Gensokyo","GifTheSpireLib","Hallownest","Hubris","JesterMod","KinomotoSakuraMod(????)","Koishi","Mari Mod (Legacy)","Mari\u0027s V1 Patch","Marisa????????","Minty Spire (QoL Compilation)","Pale of the Ancients","Permanent Neow","Reliquary","Replay The Spire","Robot Space Explorer","Shop Mod","Smile Girya","StSLib","Stuff the Spire","The Accelerator","The Construct","The Dragonkin","The Immortal","The Marked","The Mystic","The Saiyan","The Senshi","The Servant 0.9.4","TheSurvivalist","Uncapped","Wandering Minibosses","Wide Potions","Yakumo Yukari mod"],"gold_per_floor":[115,130,141,151,151,180,194,194,194,1,1,1,1,1],"floor_reached":13,"language":"ENG","playtime":549,"items_purged":[],"score":89,"play_id":"e69fefbd-0fd0-4689-b267-69b9633134f2","local_time":"20210213113900","daily_mods":["ControlledChaos"],"is_ascension_mode":true,"campfire_choices":[{"data":"Apotheosis","floor":12.0,"key":"SMITH"}],"circlet_count":1,"master_deck":["theSenshi:SailorKick","theSenshi:SailorKick","theSenshi:SailorKick","theSenshi:SailorKick","theSenshi:SailorBlock","theSenshi:SailorBlock","theSenshi:SailorBlock","theSenshi:SailorBlock","theSenshi:RoseThrow","theSenshi:MoonPrismPowerMakeUp","theSenshi:SailorVenusAssists","theSenshi:MoonCrystalPowerMakeUp","theSenshi:UranusStrength","StuffTheSpire:Innocence","theSenshi:TuxedoMaskAssists","Apotheosis+1"],"relics":["theSenshi:TransformationBroochRelic","Frozen Eye","Circlet","theSenshi:EternalTiareRelic"],"acts_visited":["Exordium"],"potions_floor_usage":[],"damage_taken":[{"damage":0.0,"enemies":"Small Slimes","floor":1.0,"turns":4.0},{"damage":0.0,"enemies":"Jaw Worm","floor":2.0,"turns":4.0},{"damage":4.0,"enemies":"Cultist","floor":3.0,"turns":4.0},{"damage":9.0,"enemies":"Gremlin Gang","floor":4.0,"turns":6.0},{"damage":24.0,"enemies":"Gremlin Nob","floor":6.0,"turns":5.0},{"damage":3.0,"enemies":"Large Slime","floor":7.0,"turns":7.0},{"damage":0,"enemies":"Lagavulin","floor":13,"turns":1}],"seed_played":"-7456581603647559225","potions_obtained":[{"floor":3.0,"key":"Adrenaline Potion"}],"is_trial":true,"path_per_floor":["M","M","M","M","?","E","M","PTL","PTL","$","T","R","E"],"character_chosen":"THE_SENSHI","items_purchased":["Apotheosis"],"campfire_rested":0,"item_purchase_floors":[10],"current_hp_per_floor":[75,75,71,70,63,39,36,36,36,36,36,36,36,36],"gold":1,"neow_bonus":"","is_daily":false,"chose_seed":false,"campfire_upgraded":1,"win_rate":0.0,"timestamp":1613245140,"path_taken":["M","M","M","M","?","E","M","PTL","PTL","$","T","R","E"],"items_purchased_type":["Card"],"build_version":"2020-12-22","purchased_purges":0,"victory":false,"max_hp_per_floor":[75,75,75,75,75,75,75,75,75,75,75,75,75,75],"card_choices":[{"not_picked":["theSenshi:MoonKick","theSenshi:LunasBite","theSenshi:SailorVenusAssists"],"picked":"SKIP","floor":1.0},{"not_picked":["theSenshi:MoonKick","theSenshi:LunasBite"],"picked":"theSenshi:SailorVenusAssists","floor":1.0},{"not_picked":["theSenshi:LateForSchool","theSenshi:InTheNameOfTheMoon"],"picked":"theSenshi:MoonCrystalPowerMakeUp","floor":2.0},{"not_picked":["theSenshi:MoonPunch","theSenshi:SupersonicWaves"],"picked":"theSenshi:UranusStrength","floor":3.0},{"not_picked":["theSenshi:SailorMercuryAssists","theSenshi:MercurysCunning","theSenshi:SailorMarsAssists"],"picked":"SKIP","floor":4.0},{"not_picked":["theSenshi:TuxedoMaskAssists","theSenshi:SailorNeptuneAssists","theSenshi:EncouragingSpeech"],"picked":"SKIP","floor":6.0},{"not_picked":["theSenshi:MoonHealingEscalation","theSenshi:Overload","theSenshi:TuxedoMaskAssists"],"picked":"SKIP","floor":7.0},{"not_picked":["theSenshi:MoonHealingEscalation","theSenshi:Overload"],"picked":"theSenshi:TuxedoMaskAssists","floor":7.0}],"player_experience":456449,"relics_obtained":[{"floor":6.0,"key":"vexMod:FocusSash"},{"floor":11.0,"key":"theSenshi:EternalTiareRelic"}],"event_choices":[],"is_beta":false,"boss_relics":[],"items_purged_floors":[],"is_endless":true,"potions_floor_spawned":[3],"killed_by":"Lagavulin","ascension_level":1}}