{"host":"u8f6oqzdc7r6igag","time":1613195253,"event":{"mods":["BaseMod","Minty Spire (QoL Compilation)","Relic Stats"],"gold_per_floor":[112,112,112,130,148,148,178,178,178,32,46,63,75,94,94,196,196,208,41,51,51,67,67,98,98,122,122,134,153,172,198,198,294,294,309,329,379,399,399,399,434,445,445,445,455,455,465,66,66,66,66],"floor_reached":50,"language":"ENG","playtime":2401,"items_purged":["Strike_R","Bash"],"score":893,"play_id":"34c6f010-f6f7-4f06-9a76-e3e02af15fd1","local_time":"20210212234733","is_ascension_mode":true,"campfire_choices":[{"data":"Whirlwind","floor":6,"key":"SMITH"},{"data":"Jack Of All Trades","floor":8,"key":"SMITH"},{"data":"Inflame","floor":15,"key":"SMITH"},{"data":"Whirlwind","floor":23,"key":"SMITH"},{"data":"Inflame","floor":25,"key":"SMITH"},{"data":"Corruption","floor":27,"key":"SMITH"},{"data":"Feel No Pain","floor":32,"key":"SMITH"},{"data":"Strike_R","floor":40,"key":"PURGE"},{"data":"Strike_R","floor":44,"key":"PURGE"},{"data":"Fire Breathing","floor":46,"key":"PURGE"},{"data":"Strike_R","floor":49,"key":"PURGE"}],"circlet_count":0,"master_deck":["Defend_R","Defend_R","Defend_R","Defend_R","Pommel Strike","Jack Of All Trades+1","Whirlwind+1","Carnage","Seeing Red+1","Inflame+1","Whirlwind+1","Corruption+1","Feel No Pain+1","Inflame+1","Shrug It Off+1","Burning Pact+1","Ghostly+1","Ghostly+1","Ghostly+1","Ghostly+1","Ghostly+1","Spot Weakness+1","Dual Wield+1","Flex+1","Demon Form","True Grit+1"],"relics":["Burning Blood","NeowsBlessing","PreservedInsect","Vajra","Toxic Egg 2","Bronze Scales","Runic Pyramid","Lantern","Oddly Smooth Stone","Magic Flower","Busted Crown","Peace Pipe","MealTicket","FossilizedHelix"],"acts_visited":["Exordium","TheCity","TheBeyond"],"potions_floor_usage":[7,14,16,22,36,50],"damage_taken":[{"damage":0,"enemies":"Cultist","floor":1,"turns":1},{"damage":0,"enemies":"Small Slimes","floor":4,"turns":1},{"damage":0,"enemies":"2 Louse","floor":5,"turns":1},{"damage":16,"enemies":"Lagavulin","floor":7,"turns":4},{"damage":10,"enemies":"Exordium Wildlife","floor":11,"turns":3},{"damage":22,"enemies":"Exordium Thugs","floor":12,"turns":3},{"damage":16,"enemies":"Blue Slaver","floor":13,"turns":3},{"damage":0,"enemies":"2 Fungi Beasts","floor":14,"turns":1},{"damage":0,"enemies":"Slime Boss","floor":16,"turns":4},{"damage":24,"enemies":"Shell Parasite","floor":18,"turns":4},{"damage":7,"enemies":"Chosen","floor":20,"turns":4},{"damage":3,"enemies":"Centurion and Healer","floor":22,"turns":4},{"damage":0,"enemies":"Gremlin Leader","floor":24,"turns":6},{"damage":0,"enemies":"Snecko","floor":28,"turns":5},{"damage":2,"enemies":"Chosen and Byrds","floor":29,"turns":7},{"damage":0,"enemies":"Centurion and Healer","floor":30,"turns":4},{"damage":0,"enemies":"Slavers","floor":31,"turns":4},{"damage":2,"enemies":"Collector","floor":33,"turns":9},{"damage":0,"enemies":"3 Darklings","floor":35,"turns":3},{"damage":40,"enemies":"3 Shapes","floor":36,"turns":10},{"damage":0,"enemies":"Mind Bloom Boss Battle","floor":37,"turns":7},{"damage":2,"enemies":"Spire Growth","floor":38,"turns":5},{"damage":0,"enemies":"Reptomancer","floor":41,"turns":7},{"damage":3,"enemies":"Jaw Worm Horde","floor":42,"turns":5},{"damage":14,"enemies":"4 Shapes","floor":45,"turns":1},{"damage":2,"enemies":"Spire Growth","floor":47,"turns":7},{"damage":59,"enemies":"Time Eater","floor":50,"turns":6}],"seed_played":"6701930310898042576","potions_obtained":[{"floor":4,"key":"Regen Potion"},{"floor":5,"key":"SkillPotion"},{"floor":7,"key":"Fruit Juice"},{"floor":12,"key":"AttackPotion"},{"floor":14,"key":"Energy Potion"},{"floor":20,"key":"Strength Potion"},{"floor":28,"key":"SteroidPotion"},{"floor":33,"key":"DuplicationPotion"},{"floor":38,"key":"EntropicBrew"}],"is_trial":false,"path_per_floor":["M","T","?","M","M","R","E","R","T","$","M","M","M","M","R","B",null,"M","$","M","?","M","R","E","R","T","R","M","M","M","E","R","B",null,"M","M","?","M","?","R","E","M","T","R","M","R","M","$","R","B"],"character_chosen":"IRONCLAD","items_purchased":["Bronze Scales","Inflame","Shrug It Off+1","FossilizedHelix"],"campfire_rested":0,"item_purchase_floors":[10,19,19,48],"current_hp_per_floor":[78,78,78,80,80,80,70,70,70,70,66,50,40,51,51,57,78,60,60,59,42,42,42,42,42,42,42,42,42,42,42,42,42,42,42,35,42,42,42,42,42,42,42,42,37,37,42,42,42,0,0],"gold":66,"neow_bonus":"THREE_ENEMY_KILL","is_daily":false,"chose_seed":false,"campfire_upgraded":7,"win_rate":0.0,"timestamp":1613195253,"path_taken":["M","?","?","M","?","R","E","R","T","$","M","M","M","M","R","BOSS","M","$","M","?","M","R","E","R","T","R","M","M","M","E","R","BOSS","M","M","?","M","?","R","E","M","T","R","?","R","M","$","R","BOSS"],"items_purchased_type":["Relic","Card","Card","Relic"],"build_version":"2020-12-22","purchased_purges":2,"victory":false,"max_hp_per_floor":[80,80,80,80,80,80,80,80,80,80,80,80,80,85,85,85,85,85,85,85,42,42,42,42,42,42,42,42,42,42,42,42,42,42,42,42,42,42,42,42,42,42,42,42,42,42,42,42,42,42,42],"relic_stats":{"Peace Pipe":4,"Busted Crown":16,"counters":[27,119],"Bronze Scales":[308],"Magic Flower":[17],"MealTicket":0,"PreservedInsect":176,"obtain_stats":[{"Lantern":24,"NeowsBlessing":0,"Vajra":7,"Oddly Smooth Stone":26,"Magic Flower":31,"PreservedInsect":2,"Burning Blood":0,"Peace Pipe":37,"Busted Crown":34,"Bronze Scales":10,"MealTicket":41,"Toxic Egg 2":9,"FossilizedHelix":48,"Runic Pyramid":17},{"Lantern":13,"NeowsBlessing":0,"Vajra":4,"Oddly Smooth Stone":13,"Magic Flower":17,"PreservedInsect":1,"Burning Blood":0,"Peace Pipe":21,"Busted Crown":18,"Bronze Scales":4,"MealTicket":23,"Toxic Egg 2":4,"FossilizedHelix":26,"Runic Pyramid":9},{"Lantern":39,"NeowsBlessing":0,"Vajra":7,"Oddly Smooth Stone":39,"Magic Flower":59,"PreservedInsect":1,"Burning Blood":0,"Peace Pipe":88,"Busted Crown":68,"Bronze Scales":7,"MealTicket":100,"Toxic Egg 2":7,"FossilizedHelix":113,"Runic Pyramid":21}],"Burning Blood":100},"card_choices":[{"not_picked":["Wild Strike","Thunderclap"],"picked":"Pommel Strike","floor":1},{"not_picked":["Wild Strike","Clash"],"picked":"Fire Breathing","floor":4},{"not_picked":["Flex","Body Slam"],"picked":"Whirlwind","floor":5},{"not_picked":["Perfected Strike","Clash"],"picked":"Carnage","floor":7},{"not_picked":["Perfected Strike","Infernal Blade+1"],"picked":"Seeing Red+1","floor":11},{"not_picked":["Pommel Strike","Infernal Blade+1"],"picked":"Inflame","floor":12},{"not_picked":["Havoc+1","Sword Boomerang"],"picked":"Whirlwind","floor":13},{"not_picked":["Headbutt","Perfected Strike","Clothesline"],"picked":"SKIP","floor":14},{"not_picked":["Barricade","Double Tap+1"],"picked":"Corruption","floor":16},{"not_picked":["Clash","Heavy Blade"],"picked":"Feel No Pain","floor":18},{"not_picked":["Heavy Blade","Clash+1"],"picked":"Burning Pact+1","floor":20},{"not_picked":["Carnage","Combust"],"picked":"Spot Weakness+1","floor":22},{"not_picked":["Body Slam","True Grit+1"],"picked":"Dual Wield+1","floor":24},{"not_picked":["Cleave","Warcry+1","Anger"],"picked":"SKIP","floor":28},{"not_picked":["Headbutt","Flex+1","Inflame"],"picked":"SKIP","floor":29},{"not_picked":["Shrug It Off+1","Battle Trance+1","Clash"],"picked":"SKIP","floor":30},{"not_picked":["Impervious+1","Sword Boomerang+1"],"picked":"Flex+1","floor":31},{"not_picked":["Juggernaut","Corruption"],"picked":"Demon Form","floor":33},{"not_picked":["Seeing Red+1"],"picked":"SKIP","floor":35},{"not_picked":[],"picked":"True Grit+1","floor":36},{"not_picked":["Feel No Pain"],"picked":"SKIP","floor":38},{"not_picked":["Anger+1"],"picked":"SKIP","floor":41},{"not_picked":["Thunderclap"],"picked":"SKIP","floor":42},{"not_picked":["Shrug It Off+1"],"picked":"SKIP","floor":45},{"not_picked":["Cleave"],"picked":"SKIP","floor":47}],"player_experience":183827,"relics_obtained":[{"floor":2,"key":"PreservedInsect"},{"floor":7,"key":"Vajra"},{"floor":9,"key":"Toxic Egg 2"},{"floor":24,"key":"Lantern"},{"floor":26,"key":"Oddly Smooth Stone"},{"floor":31,"key":"Magic Flower"},{"floor":37,"key":"Peace Pipe"},{"floor":41,"key":"MealTicket"}],"event_choices":[{"damage_healed":0,"gold_gain":0,"player_choice":"1 cards matched","damage_taken":0,"max_hp_gain":0,"max_hp_loss":0,"event_name":"Match and Keep!","floor":3,"gold_loss":0,"cards_obtained":["Jack Of All Trades"]},{"damage_healed":0,"gold_gain":0,"player_choice":"Became a Ghost","damage_taken":0,"max_hp_gain":0,"max_hp_loss":43,"event_name":"Ghosts","floor":21,"gold_loss":0,"cards_obtained":["Ghostly","Ghostly","Ghostly","Ghostly","Ghostly"]},{"damage_healed":0,"gold_gain":0,"player_choice":"Fight","damage_taken":0,"max_hp_gain":0,"max_hp_loss":0,"event_name":"MindBloom","floor":37,"gold_loss":0},{"cards_removed":["Strike_R"],"damage_healed":0,"gold_gain":0,"player_choice":"Offered Basic","damage_taken":0,"max_hp_gain":0,"max_hp_loss":0,"event_name":"Bonfire Elementals","floor":39,"gold_loss":0}],"is_beta":false,"boss_relics":[{"not_picked":["Astrolabe","Tiny House"],"picked":"Runic Pyramid"},{"not_picked":["SacredBark","Velvet Choker"],"picked":"Busted Crown"}],"items_purged_floors":[19,48],"is_endless":false,"potions_floor_spawned":[4,5,7,12,14,20,28,29,33,38,42,45,47],"killed_by":"Time Eater","ascension_level":7}}