{"host":"nc31xc38ptxi6d4c","time":1613187045,"event":{"mods":["BaseMod","Curses Come First","Evolution","Minty Spire (QoL Compilation)","StSLib"],"gold_per_floor":[117,67,67,67,84,84,115,115,115,115,126,51,83,102,102,201,201,212,112,162,172,186,186,205,219,219,219,219,219,219,219,219,320,320,330,345,345,1344,1344,1344],"floor_reached":39,"language":"ENG","playtime":1590,"items_purged":["Defend_B","Defend_B"],"score":412,"play_id":"5a1a4f43-83f4-4d0d-819a-37257ff729a9","local_time":"20210212213045","is_ascension_mode":false,"campfire_choices":[{"floor":6,"key":"REST"},{"data":"Coolheaded","floor":8,"key":"SMITH"},{"floor":15,"key":"REST"},{"floor":23,"key":"REST"},{"floor":29,"key":"REST"},{"floor":30,"key":"REST"},{"floor":32,"key":"REST"}],"circlet_count":0,"master_deck":["Sweeping Beam","Barrage+1","Zap","Dualcast","Coolheaded+1","Ball Lightning","Loop","Electrodynamics","Ball Lightning","Self Repair"],"relics":["Cracked Core","EVO:Axolotl","Dead Branch","Nunchaku","Pantograph","Sozu","Omamori","MutagenicStrength","WingedGreaves","Enchiridion","Empty Cage"],"acts_visited":["Exordium","TheCity","TheBeyond"],"potions_floor_usage":[7,33,33],"damage_taken":[{"damage":7,"enemies":"Small Slimes","floor":1,"turns":2},{"damage":7,"enemies":"2 Louse","floor":5,"turns":2},{"damage":13,"enemies":"Gremlin Nob","floor":7,"turns":3},{"damage":0,"enemies":"Cultist","floor":11,"turns":2},{"damage":32,"enemies":"Lagavulin","floor":13,"turns":4},{"damage":10,"enemies":"Blue Slaver","floor":14,"turns":2},{"damage":52,"enemies":"The Guardian","floor":16,"turns":11},{"damage":10,"enemies":"3 Byrds","floor":18,"turns":2},{"damage":20,"enemies":"2 Thieves","floor":21,"turns":2},{"damage":9,"enemies":"Cultist and Chosen","floor":22,"turns":3},{"damage":25,"enemies":"Snake Plant","floor":24,"turns":4},{"damage":25,"enemies":"Snecko","floor":25,"turns":4},{"damage":66,"enemies":"Collector","floor":33,"turns":6},{"damage":23,"enemies":"Orb Walker","floor":35,"turns":3},{"damage":20,"enemies":"3 Shapes","floor":36,"turns":2},{"damage":44,"enemies":"Maw","floor":39,"turns":6}],"seed_played":"-1891358161533858893","potions_obtained":[{"floor":5,"key":"Fire Potion"},{"floor":13,"key":"ColorlessPotion"},{"floor":14,"key":"SteroidPotion"}],"is_trial":false,"path_per_floor":["M","?","$","?","M","R","E","R","T","?","M","$","E","M","R","B",null,"M","$","?","M","M","R","M","M","T","?","?","R","R","?","R","B",null,"M","M","?","?","M"],"character_chosen":"DEFECT","items_purchased":[],"campfire_rested":6,"item_purchase_floors":[],"current_hp_per_floor":[68,68,68,61,54,75,62,62,62,62,62,62,30,20,42,15,75,65,65,65,45,36,58,33,8,8,8,8,30,52,36,58,16,75,59,39,39,39,0,0],"gold":1344,"neow_bonus":"UPGRADE_CARD","is_daily":false,"chose_seed":false,"campfire_upgraded":1,"win_rate":0.0,"timestamp":1613187045,"path_taken":["M","?","$","?","M","R","E","R","T","?","M","?","E","?","R","BOSS","M","$","?","M","?","R","M","?","T","?","?","R","R","?","R","BOSS","M","M","?","?","M"],"items_purchased_type":[],"build_version":"2020-12-22","purchased_purges":2,"victory":false,"max_hp_per_floor":[75,75,75,75,75,75,75,75,75,75,75,75,75,75,75,75,75,75,75,75,75,75,75,75,75,75,75,75,75,75,75,75,75,75,75,75,75,75,75,75],"card_choices":[{"not_picked":["Beam Cell","Turbo","Steam"],"picked":"SKIP","floor":1},{"not_picked":["Chaos","Steam Power","Undo"],"picked":"SKIP","floor":5},{"not_picked":["Fusion","Go for the Eyes"],"picked":"Coolheaded","floor":7},{"not_picked":["Leap","Steam"],"picked":"Ball Lightning","floor":11},{"not_picked":["Seek","Gash"],"picked":"Redo","floor":13},{"not_picked":["Streamline","Aggregate"],"picked":"Loop","floor":14},{"not_picked":["Rainbow","Biased Cognition"],"picked":"Electrodynamics","floor":16},{"not_picked":["Gash+1","Consume","Storm"],"picked":"SKIP","floor":18},{"not_picked":["Coolheaded","Go for the Eyes","Conserve Battery+1"],"picked":"SKIP","floor":21},{"not_picked":["Sweeping Beam","Reprogram"],"picked":"Ball Lightning","floor":22},{"not_picked":["Lockon","Recycle","Steam+1"],"picked":"SKIP","floor":24},{"not_picked":["Coolheaded","Leap"],"picked":"Self Repair","floor":25},{"not_picked":["Stack","Fusion","Go for the Eyes+1"],"picked":"SKIP","floor":35},{"not_picked":["Redo","Coolheaded","Sweeping Beam+1"],"picked":"SKIP","floor":36}],"player_experience":147651,"relics_obtained":[{"floor":7,"key":"Dead Branch"},{"floor":9,"key":"Nunchaku"},{"floor":13,"key":"Pantograph"},{"floor":26,"key":"Omamori"},{"floor":31,"key":"Enchiridion"}],"event_choices":[{"cards_removed":["Strike_B"],"damage_healed":0,"gold_gain":0,"player_choice":"Card Removal","damage_taken":0,"max_hp_gain":0,"max_hp_loss":0,"event_name":"The Cleric","floor":2,"gold_loss":50},{"cards_removed":["Defend_B"],"damage_healed":0,"gold_gain":0,"player_choice":"Card Removal","damage_taken":7,"max_hp_gain":0,"max_hp_loss":0,"event_name":"Golden Wing","floor":4,"gold_loss":0},{"damage_healed":0,"gold_gain":0,"player_choice":"Ignored","damage_taken":0,"max_hp_gain":0,"max_hp_loss":0,"event_name":"Shining Light","floor":10,"gold_loss":0},{"damage_healed":0,"gold_gain":100,"player_choice":"Bet on Murderer","damage_taken":0,"max_hp_gain":0,"max_hp_loss":0,"event_name":"The Joust","floor":20,"gold_loss":50},{"damage_healed":0,"gold_gain":0,"player_choice":"Inject Mutagens","damage_taken":0,"relics_obtained":["MutagenicStrength"],"max_hp_gain":0,"max_hp_loss":0,"event_name":"Drug Dealer","floor":27,"gold_loss":0},{"damage_healed":0,"gold_gain":0,"player_choice":"Opened","damage_taken":0,"relics_obtained":["WingedGreaves"],"max_hp_gain":0,"max_hp_loss":0,"event_name":"The Mausoleum","floor":28,"gold_loss":0},{"damage_healed":0,"gold_gain":0,"player_choice":"Obtained Book","damage_taken":16,"max_hp_gain":0,"max_hp_loss":0,"event_name":"Cursed Tome","floor":31,"gold_loss":0},{"cards_removed":["Redo"],"damage_healed":0,"gold_gain":0,"player_choice":"Removed Skill","damage_taken":0,"max_hp_gain":0,"max_hp_loss":0,"event_name":"Falling","floor":37,"gold_loss":0},{"damage_healed":0,"gold_gain":999,"player_choice":"Gold","damage_taken":0,"max_hp_gain":0,"max_hp_loss":0,"event_name":"MindBloom","floor":38,"gold_loss":0,"cards_obtained":["Normality","Normality"]}],"is_beta":false,"boss_relics":[{"not_picked":["Black Star","SlaversCollar"],"picked":"Sozu"},{"not_picked":["Cursed Key","Nuclear Battery"],"picked":"Empty Cage"}],"items_purged_floors":[12,19],"is_endless":false,"potions_floor_spawned":[5,13,14,21,25,36],"killed_by":"Maw","ascension_level":0}}