{"host":"kh6fvhxn285ncg0o","time":1613239578,"event":{"mods":["Act Like it!","BaseMod","Colored Map","Friendly Minions","Keyboard Shortcuts","Minty Spire (QoL Compilation)","Quick Restart","Relic Stats","StSLib","SuperFastMode","UnlockEverythingMod"],"gold_per_floor":[113,123,143,143,143,143,177,196,196,207,234,234,250,175,175,247,247,266,266,276,276,47,47,77,87,113,213,239,252,275,304,304,379,379,394,406,406,121,121,121,146,146,146,161,193,210,100,110,110,110,110,110,110,21,56,56],"floor_reached":57,"language":"KOR","playtime":1916,"items_purged":["Strike_R","Brutality","Carnage"],"score":3210,"play_id":"0ea3b9be-140a-4892-aa01-95e9c7e48d89","local_time":"20210214030618","is_ascension_mode":true,"campfire_choices":[{"data":"Inflame","floor":6.0,"key":"SMITH"},{"data":"Disarm","floor":12.0,"key":"SMITH"},{"data":"Sword Boomerang","floor":15.0,"key":"SMITH"},{"data":"Rage","floor":23.0,"key":"SMITH"},{"data":"Deep Breath","floor":32.0,"key":"SMITH"},{"data":"Apotheosis","floor":40,"key":"SMITH"},{"data":"Offering","floor":42,"key":"SMITH"},{"floor":49,"key":"RECALL"},{"data":"Discovery","floor":53,"key":"SMITH"}],"circlet_count":0,"master_deck":["AscendersBane","Bash","Dark Embrace","Shrug It Off","Inflame+1","Disarm+1","Reckless Charge","Metallicize","Barricade","Carnage","Warcry+1","Offering+1","Juggernaut","Burning Pact","Rage+1","Deep Breath+1","Dual Wield","Shockwave+1","Whirlwind","Fiend Fire","Body Slam","Apotheosis+1","Discovery+1","Power Through+1","Feel No Pain"],"relics":["Burning Blood","Ancient Tea Set","Matryoshka","Omamori","Champion Belt","PreservedInsect","Pandora\u0027s Box","Necronomicon","Bag of Marbles","Potion Belt","Nunchaku","Girya","Paper Frog","StoneCalendar","Toy Ornithopter","Gambling Chip","Mark of Pain","Frozen Eye","Smiling Mask","Centennial Puzzle","Bag of Preparation"],"acts_visited":["Exordium","TheCity","TheBeyond","TheEnding"],"potions_floor_usage":[50,56,56,56],"damage_taken":[{"damage":7.0,"enemies":"Cultist","floor":1.0,"turns":4.0},{"damage":19.0,"enemies":"Small Slimes","floor":2.0,"turns":3.0},{"damage":8.0,"enemies":"Jaw Worm","floor":3.0,"turns":5.0},{"damage":32.0,"enemies":"Gremlin Nob","floor":7.0,"turns":4.0},{"damage":8.0,"enemies":"Blue Slaver","floor":8.0,"turns":5.0},{"damage":11.0,"enemies":"Exordium Wildlife","floor":10.0,"turns":3.0},{"damage":25.0,"enemies":"3 Sentries","floor":11.0,"turns":6.0},{"damage":6.0,"enemies":"Looter","floor":13.0,"turns":2.0},{"damage":0.0,"enemies":"The Guardian","floor":16.0,"turns":10.0},{"damage":6.0,"enemies":"Chosen","floor":18.0,"turns":3.0},{"damage":0.0,"enemies":"3 Byrds","floor":20.0,"turns":6.0},{"damage":15.0,"enemies":"Book of Stabbing","floor":24.0,"turns":3.0},{"damage":0.0,"enemies":"Snecko","floor":25.0,"turns":2.0},{"damage":14.0,"enemies":"Colosseum Slavers","floor":27.0,"turns":4.0},{"damage":7.0,"enemies":"Colosseum Nobs","floor":27.0,"turns":5.0},{"damage":0.0,"enemies":"Gremlin Leader","floor":28.0,"turns":2.0},{"damage":3.0,"enemies":"Snake Plant","floor":29.0,"turns":3.0},{"damage":36.0,"enemies":"Slavers","floor":31.0,"turns":3.0},{"damage":6.0,"enemies":"Collector","floor":33.0,"turns":4.0},{"damage":0.0,"enemies":"3 Darklings","floor":35.0,"turns":1.0},{"damage":0.0,"enemies":"3 Shapes","floor":36.0,"turns":7.0},{"damage":6,"enemies":"Nemesis","floor":41,"turns":3},{"damage":6,"enemies":"Maw","floor":44,"turns":1},{"damage":6,"enemies":"Giant Head","floor":45,"turns":3},{"damage":6,"enemies":"3 Darklings","floor":46,"turns":1},{"damage":6,"enemies":"Jaw Worm Horde","floor":48,"turns":2},{"damage":9,"enemies":"Time Eater","floor":50,"turns":8},{"damage":15,"enemies":"Donu and Deca","floor":51,"turns":5},{"damage":14,"enemies":"Shield and Spear","floor":55,"turns":4},{"damage":45,"enemies":"The Heart","floor":56,"turns":11}],"seed_played":"1822719403569324909","potions_obtained":[{"floor":3.0,"key":"FairyPotion"},{"floor":7.0,"key":"Explosive Potion"},{"floor":11.0,"key":"Dexterity Potion"},{"floor":13.0,"key":"AttackPotion"},{"floor":16.0,"key":"BlessingOfTheForge"},{"floor":20.0,"key":"Fire Potion"},{"floor":25.0,"key":"LiquidBronze"},{"floor":29.0,"key":"Regen Potion"},{"floor":41,"key":"BloodPotion"},{"floor":44,"key":"Block Potion"},{"floor":46,"key":"LiquidMemories"}],"is_trial":false,"path_per_floor":["M","M","M","?","?","R","E","M","T","M","E","R","M","$","R","B",null,"M","?","M","?","$","R","E","M","T","?","E","M","T","E","R","B",null,"M","M","?","$","?","R","E","R","T","M","E","M","?","M","R","B","B",null,"R","$","E","B",null],"character_chosen":"IRONCLAD","items_purchased":["Deep Breath","Dual Wield","Frozen Eye","Feel No Pain"],"campfire_rested":0,"item_purchase_floors":[22,22,38,54],"current_hp_per_floor":[67,54,52,57,57,57,31,29,29,24,30,30,30,30,30,36,69,69,48,54,54,54,54,45,51,51,42,48,51,51,35,35,35,69,75,80,70,70,70,70,70,70,70,70,70,70,70,70,70,72,63,76,76,76,68,60],"gold":56,"neow_bonus":"RANDOM_COMMON_RELIC","is_daily":false,"chose_seed":false,"campfire_upgraded":8,"win_rate":0.0,"timestamp":1613239578,"path_taken":["M","?","M","?","?","R","E","?","T","M","E","R","M","$","R","BOSS","M","?","M","?","$","R","E","M","T","?","E","?","?","E","R","BOSS","M","M","?","$","?","R","E","R","T","M","E","M","?","?","R","BOSS","BOSS","R","$","E","BOSS"],"items_purchased_type":["Card","Card","Relic","Card"],"build_version":"2020-12-22","purchased_purges":3,"victory":true,"max_hp_per_floor":[75,75,75,80,80,80,80,80,80,80,80,80,80,80,80,80,80,80,80,80,80,80,80,80,80,80,80,80,80,80,80,80,80,80,80,80,80,80,80,80,80,80,80,80,80,80,80,80,80,80,80,80,80,80,80,80],"relic_stats":{"counters":[30,123],"StoneCalendar":[104],"PreservedInsect":426,"Bag of Preparation":[2],"Smiling Mask":0,"Burning Blood":179,"Nunchaku":[12],"Centennial Puzzle":[18],"Gambling Chip":[44],"Pandora\u0027s Box":["Dark Embrace","Barricade","Carnage","Brutality","Warcry","Offering","Juggernaut","Burning Pact"],"Necronomicon":[48],"Champion Belt":[73],"obtain_stats":[{"Potion Belt":26,"Girya":27,"StoneCalendar":28,"PreservedInsect":11,"Omamori":9,"Bag of Preparation":55,"Ancient Tea Set":0,"Smiling Mask":41,"Burning Blood":0,"Frozen Eye":38,"Nunchaku":26,"Centennial Puzzle":45,"Matryoshka":7,"Gambling Chip":31,"Pandora\u0027s Box":17,"Mark of Pain":34,"Necronomicon":19,"Bag of Marbles":24,"Champion Belt":9,"Toy Ornithopter":30,"Paper Frog":27},{"Potion Belt":13,"Girya":15,"StoneCalendar":16,"PreservedInsect":7,"Omamori":5,"Bag of Preparation":29,"Ancient Tea Set":0,"Smiling Mask":22,"Burning Blood":0,"Frozen Eye":21,"Nunchaku":13,"Centennial Puzzle":24,"Matryoshka":4,"Gambling Chip":18,"Pandora\u0027s Box":9,"Mark of Pain":19,"Necronomicon":10,"Bag of Marbles":12,"Champion Belt":5,"Toy Ornithopter":17,"Paper Frog":15},{"Potion Belt":56,"Girya":65,"StoneCalendar":67,"PreservedInsect":30,"Omamori":21,"Bag of Preparation":112,"Ancient Tea Set":0,"Smiling Mask":88,"Burning Blood":0,"Frozen Eye":85,"Nunchaku":56,"Centennial Puzzle":92,"Matryoshka":16,"Gambling Chip":73,"Pandora\u0027s Box":42,"Mark of Pain":77,"Necronomicon":45,"Bag of Marbles":54,"Champion Belt":21,"Toy Ornithopter":70,"Paper Frog":65}],"Toy Ornithopter":25},"card_choices":[{"not_picked":["Cleave","Headbutt"],"picked":"Dark Embrace","floor":1.0},{"not_picked":["Clothesline","Cleave"],"picked":"Shrug It Off","floor":2.0},{"not_picked":["True Grit","Warcry"],"picked":"Inflame","floor":3.0},{"not_picked":["Impervious","Intimidate"],"picked":"Disarm","floor":7.0},{"not_picked":["Clothesline","Cleave"],"picked":"Reckless Charge","floor":8.0},{"not_picked":["Clothesline","Body Slam"],"picked":"Metallicize","floor":10.0},{"not_picked":["Bloodletting","Thunderclap","Anger"],"picked":"SKIP","floor":11.0},{"not_picked":["Warcry","Thunderclap"],"picked":"Carnage","floor":13.0},{"not_picked":["Twin Strike","Warcry","Clash+1"],"picked":"SKIP","floor":18.0},{"not_picked":["Heavy Blade","Limit Break"],"picked":"Rage","floor":20.0},{"not_picked":["Pommel Strike","Bludgeon","Flame Barrier"],"picked":"SKIP","floor":24.0},{"not_picked":["Flame Barrier","Reckless Charge"],"picked":"Shockwave+1","floor":25.0},{"not_picked":["Anger","Shrug It Off"],"picked":"Whirlwind","floor":28.0},{"not_picked":["Searing Blow","Dark Embrace","True Grit"],"picked":"SKIP","floor":29.0},{"not_picked":["Searing Blow","Dark Embrace","True Grit"],"picked":"SKIP","floor":29.0},{"not_picked":["Ghostly Armor","Sword Boomerang+1","Anger"],"picked":"SKIP","floor":31.0},{"not_picked":["Demon Form","Limit Break"],"picked":"Fiend Fire","floor":33.0},{"not_picked":["Clothesline","Anger"],"picked":"Body Slam","floor":35.0},{"not_picked":["Wild Strike","Havoc+1","Flex"],"picked":"SKIP","floor":36.0},{"not_picked":["Discovery","Dramatic Entrance"],"picked":"Apotheosis","floor":37.0},{"not_picked":["HandOfGreed","Jack Of All Trades"],"picked":"Discovery","floor":37.0},{"not_picked":["True Grit","Clothesline+1","Flex"],"picked":"SKIP","floor":41},{"not_picked":["Fire Breathing","Anger"],"picked":"Power Through+1","floor":44},{"not_picked":["Twin Strike+1","Anger","Armaments"],"picked":"SKIP","floor":45},{"not_picked":["Heavy Blade","Clash+1","Burning Pact+1"],"picked":"SKIP","floor":46},{"not_picked":["Clash+1","Body Slam","Cleave"],"picked":"SKIP","floor":48},{"not_picked":["Corruption","Offering","Warcry+1"],"picked":"SKIP","floor":55}],"player_experience":1382773,"relics_obtained":[{"floor":7.0,"key":"Matryoshka"},{"floor":9.0,"key":"Omamori"},{"floor":9.0,"key":"Champion Belt"},{"floor":11.0,"key":"PreservedInsect"},{"floor":19.0,"key":"Necronomicon"},{"floor":24.0,"key":"Bag of Marbles"},{"floor":26.0,"key":"Potion Belt"},{"floor":26.0,"key":"Nunchaku"},{"floor":27.0,"key":"Girya"},{"floor":27.0,"key":"Paper Frog"},{"floor":28.0,"key":"StoneCalendar"},{"floor":30.0,"key":"Toy Ornithopter"},{"floor":31.0,"key":"Gambling Chip"},{"floor":41,"key":"Smiling Mask"},{"floor":45,"key":"Centennial Puzzle"},{"floor":55,"key":"Bag of Preparation"}],"event_choices":[{"damage_healed":0.0,"max_hp_gain":5.0,"max_hp_loss":0.0,"gold_gain":0.0,"event_name":"Big Fish","player_choice":"Donut","floor":4.0,"gold_loss":0.0,"damage_taken":0.0},{"damage_healed":0.0,"max_hp_gain":0.0,"max_hp_loss":0.0,"gold_gain":0.0,"event_name":"Match and Keep!","player_choice":"1 cards matched","floor":5.0,"gold_loss":0.0,"damage_taken":0.0,"cards_obtained":["Sword Boomerang"]},{"damage_healed":0.0,"max_hp_gain":0.0,"max_hp_loss":0.0,"gold_gain":0.0,"event_name":"Cursed Tome","player_choice":"Obtained Book","floor":19.0,"gold_loss":0.0,"damage_taken":21.0},{"cards_removed":["Dark Embrace"],"damage_healed":0.0,"max_hp_gain":0.0,"max_hp_loss":0.0,"gold_gain":0.0,"event_name":"Back to Basics","player_choice":"Elegance","floor":21.0,"gold_loss":0.0,"damage_taken":0.0},{"damage_healed":0.0,"max_hp_gain":0.0,"max_hp_loss":0.0,"gold_gain":0.0,"event_name":"Colosseum","player_choice":"Fight","floor":27.0,"gold_loss":0.0,"damage_taken":0.0},{"damage_healed":0.0,"max_hp_gain":0.0,"max_hp_loss":0.0,"gold_gain":0.0,"event_name":"Colosseum","player_choice":"Fought Nobs","floor":27.0,"gold_loss":0.0,"damage_taken":0.0},{"damage_healed":0.0,"max_hp_gain":0.0,"max_hp_loss":0.0,"gold_gain":0.0,"event_name":"SensoryStone","player_choice":"Memory 3","floor":37.0,"gold_loss":0.0,"damage_taken":10.0},{"damage_healed":0,"gold_gain":0,"player_choice":"Ignored","damage_taken":0,"max_hp_gain":0,"max_hp_loss":0,"event_name":"Mysterious Sphere","floor":39,"gold_loss":0},{"cards_removed":["Sword Boomerang"],"damage_healed":0,"gold_gain":0,"player_choice":"Upgrade and Remove","damage_taken":0,"max_hp_gain":0,"max_hp_loss":0,"event_name":"Designer","floor":47,"gold_loss":110,"cards_upgraded":["Warcry"]}],"is_beta":false,"boss_relics":[{"not_picked":["Sozu","Busted Crown"],"picked":"Pandora\u0027s Box"},{"not_picked":["Tiny House","Runic Pyramid"],"picked":"Mark of Pain"}],"items_purged_floors":[14,22,38],"is_endless":false,"potions_floor_spawned":[3,7,11,13,16,20,25,27,29,41,44,46],"ascension_level":20}}