{"host":"f2zkc2gsfwbibc34","time":1613212246,"event":{"mods":["AchievementEnabler","BaseMod","Better Note","Colored Map","Colored Powertips","Defuse TimeMaze Blight","Minty Spire (QoL Compilation)","Permanent Neow","StSLib","SuperFastMode","The Servant 0.9.4"],"gold_per_floor":[113,113,113,38,213,213,247,247,247,266,266,14,32,32,32,131,131,145,163,143,159,21,21,47,47,47,47,47,20,39,57,57,153,153,167,179,191,36,51,51,68,68,92,104,154,167,167,42,42,42],"floor_reached":51,"language":"ENG","playtime":2032,"items_purged":["Defend_S","Doubt","Parasite"],"score":972,"play_id":"c07f94e8-0ccf-4d19-a4b8-9458c8c41a52","local_time":"20210213113046","is_ascension_mode":true,"campfire_choices":[{"data":"Exchange","floor":6.0,"key":"SMITH"},{"floor":8.0,"key":"REST"},{"data":"Hightail","floor":11.0,"key":"SMITH"},{"data":"MoonPhase","floor":15.0,"key":"SMITH"},{"data":"PendulumOfEternity","floor":23.0,"key":"SMITH"},{"data":"TimeWarp","floor":32,"key":"SMITH"},{"floor":40,"key":"REST"},{"data":"FlawlessForm","floor":42,"key":"SMITH"},{"floor":47,"key":"REST"},{"data":"KidneyShot","floor":49,"key":"SMITH"}],"circlet_count":0,"master_deck":["Strike_S","Strike_S","Strike_S","Defend_S","Defend_S","Defend_S","KidneyShot+1","Exchange+1","Comet","Ricochet+1","Hightail+1","Potential","MoonPhase+1","Unruled","DoubleEdge","PendulumOfEternity+1","DoubleEdge","InstantArmor","Comet","TimeTheft+1","TheWorld+1","TimeWarp+1","FlawlessForm+1","Revamp+1","Defy+1","SpecialFormula+1","Spin","Potential+1","BottledTime+1","DoubleEdge+1","Rewind+1"],"relics":["Uniform","Potion Belt","Meat on the Bone","Boot","StoneMask","Toxic Egg 2","Ancient Tea Set","Ginger","Busted Crown","Nunchaku","StoneCalendar"],"acts_visited":["Exordium","TheCity","TheBeyond"],"potions_floor_usage":[41,50],"damage_taken":[{"damage":1.0,"enemies":"Small Slimes","floor":1.0,"turns":4.0},{"damage":41.0,"enemies":"3 Sentries","floor":7.0,"turns":9.0},{"damage":0.0,"enemies":"2 Louse","floor":10.0,"turns":2.0},{"damage":1.0,"enemies":"Jaw Worm","floor":13.0,"turns":5.0},{"damage":0.0,"enemies":"The Guardian","floor":16.0,"turns":15.0},{"damage":7.0,"enemies":"Chosen","floor":18.0,"turns":5.0},{"damage":0.0,"enemies":"Spheric Guardian","floor":19.0,"turns":6.0},{"damage":0.0,"enemies":"Centurion and Healer","floor":21.0,"turns":7.0},{"damage":14.0,"enemies":"Slavers","floor":24.0,"turns":6.0},{"damage":0,"enemies":"3 Cultists","floor":30,"turns":5},{"damage":18,"enemies":"Snake Plant","floor":31,"turns":5},{"damage":0,"enemies":"Champ","floor":33,"turns":14},{"damage":62,"enemies":"3 Darklings","floor":35,"turns":8},{"damage":3,"enemies":"3 Shapes","floor":36,"turns":3},{"damage":0,"enemies":"Transient","floor":37,"turns":5},{"damage":24,"enemies":"4 Shapes","floor":39,"turns":6},{"damage":0,"enemies":"Writhing Mass","floor":41,"turns":7},{"damage":28,"enemies":"3 Darklings","floor":44,"turns":5},{"damage":16,"enemies":"Mind Bloom Boss Battle","floor":45,"turns":9},{"damage":1,"enemies":"Transient","floor":46,"turns":5},{"damage":0,"enemies":"Donu and Deca","floor":50,"turns":9}],"seed_played":"329762269638602891","potions_obtained":[{"floor":7.0,"key":"Energy Potion"},{"floor":10.0,"key":"Ancient Potion"},{"floor":19.0,"key":"Fire Potion"},{"floor":20.0,"key":"GamblersBrew"},{"floor":21.0,"key":"EssenceOfSteel"},{"floor":35,"key":"SteroidPotion"},{"floor":36,"key":"ColorlessPotion"},{"floor":45,"key":"Strength Potion"}],"is_trial":false,"path_per_floor":["M","?","?","$","?","R","E","R","T","M","R","$","M","$","R","B",null,"M","M","?","M","$","R","E","$","T","?","?","$","M","M","R","B",null,"M","M","M","$","M","R","M","R","T","M","?","M","R","$","R","B",null],"character_chosen":"THE_SERVANT","items_purchased":["MoonPhase","Boot","Unruled","Comet","TimeWarp","Defy+1","SpecialFormula+1","Spin"],"campfire_rested":3,"item_purchase_floors":[12,12,12,22,29,38,38,38],"current_hp_per_floor":[64,64,57,57,57,57,16,35,35,35,35,35,34,34,34,34,65,61,64,64,69,69,69,62,62,62,62,62,62,71,56,56,59,77,30,48,51,51,47,72,83,83,83,58,53,63,90,87,87,89],"gold":42,"neow_bonus":"THREE_CARDS","is_daily":false,"chose_seed":false,"campfire_upgraded":7,"win_rate":0.0,"timestamp":1613212246,"path_taken":["M","?","?","$","?","R","E","R","T","M","R","$","M","?","R","BOSS","M","M","?","?","$","R","E","?","T","?","?","?","?","M","R","BOSS","M","M","M","$","M","R","?","R","T","M","?","M","R","$","R","BOSS"],"items_purchased_type":["Card","Relic","Card","Card","Card","Card","Card","Card"],"build_version":"2020-12-22","purchased_purges":3,"victory":true,"max_hp_per_floor":[65,65,65,65,65,65,65,65,65,65,65,65,65,65,65,65,65,66,67,67,69,69,69,72,72,72,72,72,72,75,76,76,77,77,78,81,82,82,86,86,87,87,87,88,89,90,90,87,87,89],"card_choices":[{"not_picked":["Alleviate","Defy"],"picked":"Comet","floor":0.0},{"not_picked":["Shuttle","DoubleEdge"],"picked":"Ricochet","floor":1.0},{"not_picked":["FastForward","BottledTime"],"picked":"Hightail","floor":7.0},{"not_picked":["Collapse","Spin"],"picked":"Potential","floor":10.0},{"not_picked":["Ricochet","FastForward"],"picked":"DoubleEdge","floor":13.0},{"not_picked":["FloweringNight","Deny"],"picked":"PendulumOfEternity","floor":16.0},{"not_picked":["Rewind+1","Unruled"],"picked":"DoubleEdge","floor":18.0},{"not_picked":["Deadline+1","DoubleEdge","Rewind"],"picked":"SKIP","floor":19.0},{"not_picked":["Replace","Hightail"],"picked":"InstantArmor","floor":21.0},{"not_picked":["FanOfKnives","Collapse"],"picked":"TimeTheft+1","floor":24.0},{"not_picked":["Replace+1","Ricochet","Manipulate+1"],"picked":"SKIP","floor":30},{"not_picked":["Unruled+1","Ricochet","FanOfKnives"],"picked":"SKIP","floor":31},{"not_picked":["LightFlow","Embodiment"],"picked":"FlawlessForm","floor":33},{"not_picked":["Deadline+1"],"picked":"SKIP","floor":35},{"not_picked":["Ricochet"],"picked":"SKIP","floor":36},{"not_picked":[],"picked":"Revamp+1","floor":37},{"not_picked":[],"picked":"Potential+1","floor":39},{"not_picked":["Starlight+1"],"picked":"SKIP","floor":41},{"not_picked":["BottledTime+1"],"picked":"SKIP","floor":44},{"not_picked":[],"picked":"BottledTime+1","floor":44},{"not_picked":[],"picked":"DoubleEdge+1","floor":45},{"not_picked":[],"picked":"Rewind+1","floor":46}],"player_experience":105907,"relics_obtained":[{"floor":7.0,"key":"Potion Belt"},{"floor":9.0,"key":"Meat on the Bone"},{"floor":24.0,"key":"Toxic Egg 2"},{"floor":26.0,"key":"Ancient Tea Set"},{"floor":43,"key":"Nunchaku"},{"floor":45,"key":"StoneCalendar"}],"event_choices":[{"damage_healed":0.0,"max_hp_gain":0.0,"max_hp_loss":0.0,"gold_gain":0.0,"event_name":"Living Wall","player_choice":"Grow","floor":2.0,"gold_loss":0.0,"damage_taken":0.0,"cards_upgraded":["Ricochet"]},{"cards_removed":["Strike_S"],"damage_healed":0.0,"max_hp_gain":0.0,"max_hp_loss":0.0,"gold_gain":0.0,"event_name":"Golden Wing","player_choice":"Card Removal","floor":3.0,"gold_loss":0.0,"damage_taken":7.0},{"damage_healed":0.0,"max_hp_gain":0.0,"max_hp_loss":0.0,"gold_gain":175.0,"event_name":"Liars Game","player_choice":"AGREE","floor":5.0,"gold_loss":0.0,"damage_taken":0.0,"cards_obtained":["Doubt"]},{"damage_healed":0.0,"max_hp_gain":0.0,"max_hp_loss":0.0,"gold_gain":0.0,"event_name":"The Woman in Blue","player_choice":"Bought 1 Potion","floor":20.0,"gold_loss":0.0,"damage_taken":0.0},{"damage_healed":0.0,"max_hp_gain":0.0,"max_hp_loss":0.0,"gold_gain":0.0,"event_name":"Match and Keep!","player_choice":"1 cards matched","floor":27.0,"gold_loss":0.0,"damage_taken":0.0,"cards_obtained":["TheWorld"]},{"damage_healed":0,"gold_gain":0,"player_choice":"Gave Potion","damage_taken":0,"relics_obtained":["Ginger"],"max_hp_gain":0,"max_hp_loss":0,"event_name":"WeMeetAgain","floor":28,"gold_loss":0},{"damage_healed":0,"gold_gain":0,"player_choice":"Fight","damage_taken":0,"max_hp_gain":0,"max_hp_loss":0,"event_name":"MindBloom","floor":45,"gold_loss":0}],"is_beta":false,"boss_relics":[{"not_picked":["SacredBark","Black Star"],"picked":"StoneMask"},{"not_picked":["Pandora\u0027s Box","Philosopher\u0027s Stone"],"picked":"Busted Crown"}],"items_purged_floors":[4,22,48],"is_endless":false,"potions_floor_spawned":[7,10,19,21,35,36,45],"ascension_level":2}}