{"host":"y087t2reloz9bi43","time":1613228921,"event":{"mods":["2.2 Compatiblity","AchievementEnabler","Aspiration","BaseMod","Beaked The Cultist","Bestiary","Better Note","Better Vampires","BetterRewards","ChefMod","Clockwork Mod","Colored Map","Colored Powertips","Conspire","Downfall","Ekko","Fireblade Mod","Friendly Minions","GifTheSpireLib","Gold Saver","Gremlin Mod","Halation","Hermit","Hubris","Infinite Spire","Jedi Mod","JesterMod","Jorbs\u0027s Wanderer Trilogy","Mad Scientist","Marisa????????","Mimic Mod","Minty Spire (QoL Compilation)","Permanent Neow","Potionbrewer","Rare Cards Sparkle","Relic Stats","Reliquary","Replay The Spire","Robot Space Explorer","Shade Mod","Shop Mod","StSLib","The Alterego","The Blackbeard","The Bug Knight","The Construct","The Cursed","The Disciple","The Exalted","The Hierophant","The Marked","The Mystic","The Necromancer","The Runesmith","The Senshi","The Servant 0.9.4","TheBandit","TheFirefly","TheHero","TheVacant","Transform Curses","Uncapped","everything is the same but u backflip on backflip","thorton"],"gold_per_floor":[604,623,623,633,653,653,653],"floor_reached":6,"language":"ENG","playtime":787,"items_purged":[],"score":38,"play_id":"e38af149-7079-430b-8f92-24b3e5b7fe4b","local_time":"20210213150841","is_ascension_mode":false,"campfire_choices":[],"circlet_count":0,"master_deck":["thefirefly:Strike","thefirefly:Strike","thefirefly:Strike","thefirefly:Strike","thefirefly:Defend","thefirefly:Defend","thefirefly:Defend","thefirefly:Defend","thefirefly:StealthMode+1","thefirefly:PhotonBlast+1","thefirefly:Reposition","thefirefly:Flight","thefirefly:Quine"],"relics":["thefirefly:StealthSystem"],"acts_visited":["Exordium"],"potions_floor_usage":[6,6],"damage_taken":[{"damage":0,"enemies":"Small Slimes","floor":1,"turns":6},{"damage":5,"enemies":"2 Louse","floor":2,"turns":7},{"damage":0,"enemies":"Jaw Worm","floor":4,"turns":8},{"damage":6,"enemies":"Exordium Wildlife","floor":5,"turns":5},{"damage":93,"enemies":"Gremlin Nob","floor":6,"turns":9}],"seed_played":"8379057390642402067","potions_obtained":[{"floor":2,"key":"potionbrewer:CleansingPotion"},{"floor":5,"key":"BlessingOfTheForge"}],"is_trial":false,"path_per_floor":["M","M","?","M","M","E"],"character_chosen":"THE_FIREFLY","items_purchased":[],"campfire_rested":0,"item_purchase_floors":[],"current_hp_per_floor":[55,50,50,50,44,0,0],"gold":653,"neow_bonus":"UPGRADE_CARD","is_daily":false,"chose_seed":false,"campfire_upgraded":0,"win_rate":0.0,"timestamp":1613228921,"path_taken":["M","M","?","M","M","E"],"items_purchased_type":[],"build_version":"2020-12-22","purchased_purges":0,"victory":false,"max_hp_per_floor":[55,55,55,55,55,55,55],"relic_stats":{"counters":[5,35],"obtain_stats":[{"thefirefly:StealthSystem":0},{"thefirefly:StealthSystem":0},{"thefirefly:StealthSystem":0}]},"card_choices":[{"not_picked":["thefirefly:Pacify","thefirefly:Bombardment"],"picked":"thefirefly:Reposition","floor":1},{"not_picked":["thefirefly:EnergyShield","thefirefly:InterceptingShot"],"picked":"thefirefly:Flight","floor":2},{"not_picked":["thefirefly:Pacify","thefirefly:FlakCannon","thefirefly:Kugelblitz"],"picked":"SKIP","floor":4},{"not_picked":["thefirefly:DataMiner","thefirefly:FlareScreen"],"picked":"thefirefly:Quine","floor":5}],"player_experience":488741,"relics_obtained":[],"event_choices":[{"damage_healed":0,"gold_gain":0,"player_choice":"Grow","damage_taken":0,"max_hp_gain":0,"max_hp_loss":0,"event_name":"Living Wall","floor":3,"gold_loss":0,"cards_upgraded":["thefirefly:PhotonBlast"]}],"is_beta":false,"boss_relics":[],"items_purged_floors":[],"is_endless":false,"potions_floor_spawned":[2,5],"killed_by":"Gremlin Nob","ascension_level":0}}