{"host":"x52zk6e1f2bye2h7","time":1613232141,"event":{"mods":["AchievementEnabler","BaseMod","Highlight Path","Minty Spire (QoL Compilation)","everything is the same but u backflip on backflip"],"gold_per_floor":[115,115,126,140,155,155,188,188,188,188,199,218,218,32,32,134,134,147,67,47,61,72,72,72],"floor_reached":23,"language":"ENG","playtime":1778,"items_purged":["Defend_G","Strike_G"],"score":205,"play_id":"884a3fb8-1a16-4fd1-916a-c0d91d0c5fd9","local_time":"20210213160221","is_ascension_mode":true,"campfire_choices":[{"data":"Footwork","floor":6,"key":"SMITH"},{"data":"Footwork","floor":8,"key":"SMITH"},{"data":"Dodge and Roll","floor":10,"key":"SMITH"},{"data":"Calculated Gamble","floor":13,"key":"SMITH"},{"data":"Noxious Fumes","floor":15,"key":"SMITH"}],"circlet_count":0,"master_deck":["Strike_G","Strike_G","Strike_G","Strike_G","Defend_G","Defend_G","Defend_G","Defend_G","Survivor","Neutralize","Footwork+1","Calculated Gamble+1","Footwork+1","Dodge and Roll+1","Quick Slash","Infinite Blades","Noxious Fumes+1","Envenom","Reflex","Dagger Throw"],"relics":["Ring of the Snake","The Courier","Bottled Tornado","WristBlade"],"acts_visited":["Exordium","TheCity"],"potions_floor_usage":[11,16,21,23],"damage_taken":[{"damage":0,"enemies":"2 Louse","floor":1,"turns":4},{"damage":1,"enemies":"Jaw Worm","floor":3,"turns":6},{"damage":0,"enemies":"Cultist","floor":4,"turns":4},{"damage":1,"enemies":"2 Fungi Beasts","floor":5,"turns":5},{"damage":35,"enemies":"3 Sentries","floor":7,"turns":16},{"damage":1,"enemies":"Looter","floor":11,"turns":5},{"damage":0,"enemies":"Exordium Wildlife","floor":12,"turns":8},{"damage":2,"enemies":"Hexaghost","floor":16,"turns":10},{"damage":17,"enemies":"Spheric Guardian","floor":18,"turns":7},{"damage":16,"enemies":"2 Thieves","floor":20,"turns":4},{"damage":9,"enemies":"Snake Plant","floor":21,"turns":8},{"damage":22,"enemies":"Snecko","floor":22,"turns":5},{"damage":18,"enemies":"Slavers","floor":23,"turns":2}],"seed_played":"-849927148239718780","potions_obtained":[{"floor":1,"key":"LiquidMemories"},{"floor":4,"key":"Dexterity Potion"},{"floor":5,"key":"DuplicationPotion"},{"floor":12,"key":"SpeedPotion"},{"floor":16,"key":"Weak Potion"},{"floor":20,"key":"SteroidPotion"},{"floor":22,"key":"Fire Potion"}],"is_trial":false,"path_per_floor":["M","?","M","M","M","R","E","R","T","R","M","M","R","$","R","B",null,"M","$","M","M","M","E"],"character_chosen":"THE_SILENT","items_purchased":["Infinite Blades","Noxious Fumes"],"campfire_rested":0,"item_purchase_floors":[14,14],"current_hp_per_floor":[77,77,76,76,75,75,40,40,40,40,39,39,39,39,39,37,77,60,60,44,35,13,0,0],"gold":72,"neow_bonus":"TEN_PERCENT_HP_BONUS","is_daily":false,"chose_seed":false,"campfire_upgraded":5,"win_rate":0.0,"timestamp":1613232141,"path_taken":["M","?","M","M","M","R","E","R","T","R","M","M","R","$","R","BOSS","M","$","M","M","M","E"],"items_purchased_type":["Card","Card"],"build_version":"2020-12-22","purchased_purges":2,"victory":false,"max_hp_per_floor":[77,77,77,77,77,77,77,77,77,77,77,77,77,77,77,77,77,77,77,77,77,77,77,77],"card_choices":[{"not_picked":["Endless Agony","Dagger Spray"],"picked":"Footwork","floor":1},{"not_picked":["Distraction","Dash","Deadly Poison"],"picked":"SKIP","floor":3},{"not_picked":["Choke","Slice"],"picked":"Calculated Gamble","floor":4},{"not_picked":["Backflip","Prepared"],"picked":"Footwork","floor":5},{"not_picked":["Blur","Flying Knee"],"picked":"Dodge and Roll","floor":7},{"not_picked":["Outmaneuver","Leg Sweep","Riddle With Holes"],"picked":"SKIP","floor":11},{"not_picked":["Cloak And Dagger","Calculated Gamble"],"picked":"Quick Slash","floor":12},{"not_picked":["Corpse Explosion","Tools of the Trade"],"picked":"Envenom","floor":16},{"not_picked":["Flying Knee","Caltrops","Catalyst"],"picked":"SKIP","floor":18},{"not_picked":["Deadly Poison","Heel Hook+1"],"picked":"Reflex","floor":20},{"not_picked":["Calculated Gamble","Skewer"],"picked":"Dagger Throw","floor":21},{"not_picked":["Dash","PiercingWail","Sucker Punch"],"picked":"SKIP","floor":22}],"player_experience":107475,"relics_obtained":[{"floor":7,"key":"The Courier"},{"floor":9,"key":"Bottled Tornado"}],"event_choices":[{"damage_healed":0,"gold_gain":0,"player_choice":"Ignored","damage_taken":0,"max_hp_gain":0,"max_hp_loss":0,"event_name":"Liars Game","floor":2,"gold_loss":0}],"is_beta":false,"boss_relics":[{"not_picked":["Busted Crown","Black Star"],"picked":"WristBlade"}],"items_purged_floors":[14,19],"is_endless":false,"potions_floor_spawned":[1,4,5,12,16,18,20,22],"killed_by":"Slavers","ascension_level":1}}