{"host":"oqv3vxnsjitmn8w8","time":1613194065,"event":{"mods":["BaseMod","DeckTracker","Minty Spire (QoL Compilation)","StSLib","WarShipGirlsR/??á´Ò³R mod"],"gold_per_floor":[118,131,151,151,171,190,190,209,209,209,221,253,265,285,285,381,381,392,392,15,5,95,95,111,111,111,111,26,39,57,57,57,57,57],"floor_reached":33,"language":"KOR","playtime":1485,"items_purged":[],"score":251,"play_id":"577868af-cfbb-4f57-b548-118620ba6b4c","local_time":"20210213142745","is_ascension_mode":false,"campfire_choices":[{"data":"rmod:ammunitionsupply","floor":7,"key":"SMITH"},{"floor":15,"key":"REST"},{"data":"Jack Of All Trades","floor":23,"key":"SMITH"},{"floor":25,"key":"REST"},{"floor":27,"key":"REST"},{"floor":32,"key":"REST"}],"circlet_count":0,"master_deck":["rmod:strick+1","rmod:strick","rmod:strick","rmod:strick","rmod:defend","rmod:defend","rmod:defend","rmod:defend","rmod:basicallowance","rmod:maingunfire","rmod:fletcherpendant+1","rmod:ammunitionsupply+1","rmod:tearstotiara+1","rmod:aggressivemary","rmod:aggressivemary","rmod:fuelsupply","rmod:luckystar","rmod:heivgo","rmod:overbreakdown","rmod:stealaluminum","rmod:abidefaith","rmod:supportaircraftcarrier","Jack Of All Trades+1","rmod:victimresponsibility","rmod:aluminumsupply","Forethought","rmod:supportescort+1","rmod:ammunitionsupply","rmod:mineteam"],"relics":["rmod:firstchargereward","Matryoshka","Nunchaku","Black Star","Juzu Bracelet","Membership Card","Torii","Smiling Mask","Mummified Hand","Lizard Tail"],"acts_visited":["Exordium","TheCity"],"potions_floor_usage":[5,16,16,16,33,33],"damage_taken":[{"damage":7,"enemies":"2 Louse","floor":1,"turns":3},{"damage":0,"enemies":"Jaw Worm","floor":2,"turns":3},{"damage":0,"enemies":"Cultist","floor":3,"turns":3},{"damage":3,"enemies":"Large Slime","floor":5,"turns":4},{"damage":0,"enemies":"2 Fungi Beasts","floor":6,"turns":2},{"damage":10,"enemies":"Looter","floor":8,"turns":2},{"damage":14,"enemies":"Exordium Thugs","floor":11,"turns":3},{"damage":12,"enemies":"3 Sentries","floor":12,"turns":4},{"damage":15,"enemies":"Lots of Slimes","floor":13,"turns":4},{"damage":1,"enemies":"Looter","floor":14,"turns":2},{"damage":25,"enemies":"Hexaghost","floor":16,"turns":6},{"damage":19,"enemies":"2 Thieves","floor":18,"turns":4},{"damage":36,"enemies":"3 Byrds","floor":24,"turns":7},{"damage":10,"enemies":"Snecko","floor":29,"turns":5},{"damage":20,"enemies":"Centurion and Healer","floor":30,"turns":5},{"damage":31,"enemies":"Colosseum Slavers","floor":31,"turns":7},{"damage":88,"enemies":"Automaton","floor":33,"turns":6}],"seed_played":"9201443911114242606","potions_obtained":[{"floor":3,"key":"FearPotion"},{"floor":5,"key":"Fruit Juice"},{"floor":11,"key":"DuplicationPotion"},{"floor":12,"key":"FearPotion"},{"floor":30,"key":"Strength Potion"}],"is_trial":false,"path_per_floor":["M","M","M","?","M","M","R","M","T","?","M","E","M","M","R","B",null,"M","?","$","?","?","R","M","R","T","R","?","M","M","?","R","B"],"character_chosen":"PRAEFECT","items_purchased":["Membership Card","Torii","Jack Of All Trades","Block Potion"],"campfire_rested":4,"item_purchase_floors":[20,20,20,20],"current_hp_per_floor":[75,75,75,59,61,61,61,51,51,51,37,25,10,9,35,10,87,68,68,68,68,50,50,14,40,40,66,66,56,36,5,31,0,0],"gold":57,"neow_bonus":"TEN_PERCENT_HP_BONUS","is_daily":false,"chose_seed":false,"campfire_upgraded":2,"win_rate":0.0,"timestamp":1613194065,"path_taken":["M","M","M","?","M","M","R","M","T","?","?","E","M","M","R","BOSS","M","?","$","?","?","R","M","R","T","R","?","M","M","?","R","BOSS"],"items_purchased_type":["Relic","Relic","Card","Potion"],"build_version":"2020-12-22","purchased_purges":0,"victory":false,"max_hp_per_floor":[82,82,82,82,87,87,87,87,87,87,87,87,87,87,87,87,87,87,87,87,87,87,87,87,87,87,87,87,87,87,87,87,87,87],"card_choices":[{"not_picked":["rmod:diamondstrike","rmod:wife"],"picked":"rmod:fletcherpendant","floor":1},{"not_picked":["rmod:rockthrower","rmod:sl"],"picked":"rmod:ammunitionsupply","floor":2},{"not_picked":["rmod:u235","rmod:shuttlebombing"],"picked":"rmod:tearstotiara","floor":3},{"not_picked":["rmod:guardianhero","rmod:intelligenceanalysis"],"picked":"rmod:aggressivemary","floor":5},{"not_picked":["rmod:chargemoney","rmod:heivgo"],"picked":"rmod:aggressivemary","floor":6},{"not_picked":["rmod:launchingtorpedo","rmod:wife"],"picked":"rmod:fuelsupply","floor":8},{"not_picked":["rmod:fletcherpendant","rmod:aluminumsupply"],"picked":"rmod:luckystar","floor":11},{"not_picked":["rmod:wolves","rmod:tearstotiara"],"picked":"rmod:heivgo","floor":12},{"not_picked":["rmod:unsinkable","rmod:combined"],"picked":"rmod:overbreakdown","floor":13},{"not_picked":["rmod:diamondstrike","rmod:victimresponsibility"],"picked":"rmod:stealaluminum","floor":14},{"not_picked":["rmod:fletcher","rmod:ridicule"],"picked":"rmod:abidefaith","floor":16},{"not_picked":["rmod:tearstotiara","rmod:openingtorpedo"],"picked":"rmod:supportaircraftcarrier","floor":18},{"not_picked":[],"picked":"rmod:victimresponsibility","floor":21},{"not_picked":[],"picked":"rmod:aluminumsupply","floor":21},{"not_picked":["rmod:fuelsupply+1","rmod:circuitoustactics"],"picked":"rmod:supportescort+1","floor":24},{"not_picked":["rmod:supportescort","rmod:circuitoustactics"],"picked":"rmod:ammunitionsupply","floor":29},{"not_picked":["rmod:generalist+1","rmod:firesupport"],"picked":"rmod:mineteam","floor":30}],"player_experience":103826,"relics_obtained":[{"floor":9,"key":"Matryoshka"},{"floor":12,"key":"Nunchaku"},{"floor":26,"key":"Smiling Mask"},{"floor":26,"key":"Mummified Hand"}],"event_choices":[{"damage_healed":0,"gold_gain":0,"player_choice":"Entered Light","damage_taken":16,"max_hp_gain":0,"max_hp_loss":0,"event_name":"Shining Light","floor":4,"gold_loss":0,"cards_upgraded":["rmod:fletcherpendant","rmod:strick"]},{"damage_healed":0,"gold_gain":0,"player_choice":"Forge","damage_taken":0,"max_hp_gain":0,"max_hp_loss":0,"event_name":"Accursed Blacksmith","floor":10,"gold_loss":0,"cards_upgraded":["rmod:tearstotiara"]},{"damage_healed":0,"gold_gain":0,"player_choice":"Opened","damage_taken":0,"relics_obtained":["Juzu Bracelet"],"max_hp_gain":0,"max_hp_loss":0,"event_name":"The Mausoleum","floor":19,"gold_loss":0},{"damage_healed":0,"gold_gain":90,"player_choice":"GOLD CARD ","damage_taken":18,"max_hp_gain":0,"max_hp_loss":0,"event_name":"Knowing Skull","floor":22,"potions_obtained":[],"gold_loss":0,"cards_obtained":["Forethought"]},{"damage_healed":0,"gold_gain":0,"player_choice":"Obtained Relic","damage_taken":0,"relics_obtained":["Lizard Tail"],"max_hp_gain":0,"max_hp_loss":0,"event_name":"Addict","floor":28,"gold_loss":85},{"damage_healed":0,"gold_gain":0,"player_choice":"Fight","damage_taken":0,"max_hp_gain":0,"max_hp_loss":0,"event_name":"Colosseum","floor":31,"gold_loss":0},{"damage_healed":0,"gold_gain":0,"player_choice":"Fled From Nobs","damage_taken":0,"max_hp_gain":0,"max_hp_loss":0,"event_name":"Colosseum","floor":31,"gold_loss":0}],"is_beta":false,"boss_relics":[{"not_picked":["SacredBark","Cursed Key"],"picked":"Black Star"}],"items_purged_floors":[],"is_endless":false,"potions_floor_spawned":[3,5,11,12,30,31],"killed_by":"Automaton","ascension_level":0}}