{"host":"lg1lbglystyxcosi","time":1613227205,"event":{"mods":["AchievementEnabler","BaseMod","Better Third Choice","BetterRewards","Colored Powertips","Minty Spire (QoL Compilation)","Quick Restart","Shop Mod","StSLib","¡¾ÒÅÎï¿¨ÅÆ¡¿REMEMod"],"gold_per_floor":[115,115,70,89,106,137,137,148,148,159,159,109,109,34,34,137,137,137,137],"floor_reached":18,"language":"ZHS","playtime":598,"items_purged":["Defend_G"],"score":200,"play_id":"73664b51-0cbb-486f-9bae-44c2052959c0","local_time":"20210213224005","is_ascension_mode":true,"campfire_choices":[{"floor":7.0,"key":"REST"},{"data":"Quick Slash","floor":11,"key":"SMITH"},{"data":"Flying Knee","floor":13,"key":"SMITH"},{"data":"Strike_G","floor":15,"key":"SMITH"}],"circlet_count":0,"master_deck":["Strike_G+1","Strike_G+1","Strike_G+1","Defend_G+1","Defend_G","Defend_G+1","Defend_G+1","Survivor","Neutralize+1","LessonLearned+1","Flying Knee+1","Flying Knee","Quick Slash+1","Flying Knee+1","REME_LeechingPoison"],"relics":["Ring of the Snake","REME_ComplimentaryCards","Bird Faced Urn","Thread and Needle","SacredBark"],"acts_visited":["TheCity"],"potions_floor_usage":[10,16],"damage_taken":[{"damage":1.0,"enemies":"2 Louse","floor":1.0,"turns":2.0},{"damage":2.0,"enemies":"Cultist","floor":4.0,"turns":5.0},{"damage":4.0,"enemies":"Small Slimes","floor":5.0,"turns":5.0},{"damage":24.0,"enemies":"Lagavulin","floor":6.0,"turns":7.0},{"damage":0.0,"enemies":"Exordium Wildlife","floor":8.0,"turns":5.0},{"damage":6,"enemies":"Gremlin Gang","floor":10,"turns":3},{"damage":11,"enemies":"The Guardian","floor":16,"turns":14},{"damage":0,"enemies":"3 Byrds","floor":18,"turns":1}],"seed_played":"2806366878137762121","potions_obtained":[{"floor":1.0,"key":"SkillPotion"},{"floor":5.0,"key":"Dexterity Potion"},{"floor":6.0,"key":"AttackPotion"}],"is_trial":false,"path_per_floor":["M","?","$","M","M","E","R","M","T","M","R","?","R","$","R","B",null,"M"],"character_chosen":"THE_SILENT","items_purchased":["Flying Knee"],"campfire_rested":1,"item_purchase_floors":[3],"current_hp_per_floor":[69,69,69,67,63,39,60,60,60,54,54,54,54,54,54,43,63,63,63],"gold":137,"neow_bonus":"UPGRADE_CARD","is_daily":false,"chose_seed":false,"campfire_upgraded":3,"win_rate":0.0,"timestamp":1613227205,"path_taken":["M","?","$","M","?","E","R","?","T","M","R","?","R","?","R","BOSS","M"],"items_purchased_type":["Card"],"build_version":"2020-12-22","purchased_purges":1,"victory":false,"max_hp_per_floor":[70,70,70,70,70,70,70,70,70,70,70,70,70,70,70,70,70,70,70],"card_choices":[{"not_picked":["Acrobatics","Backstab","REME_GreenPollution"],"picked":"SKIP","floor":1.0},{"not_picked":["Prepared","Cloak And Dagger","Underhanded Strike"],"picked":"SKIP","floor":4.0},{"not_picked":["Slice","Prepared"],"picked":"Flying Knee","floor":5.0},{"not_picked":["Dagger Spray","Bane"],"picked":"Quick Slash","floor":6.0},{"not_picked":["Masterful Stab","Backstab","Setup"],"picked":"SKIP","floor":8.0},{"not_picked":["PiercingWail","Accuracy"],"picked":"Flying Knee","floor":10},{"not_picked":["Venomology","Malaise"],"picked":"REME_LeechingPoison","floor":16}],"player_experience":127793,"relics_obtained":[{"floor":6.0,"key":"Bird Faced Urn"},{"floor":9.0,"key":"Thread and Needle"}],"event_choices":[{"cards_removed":["Strike_G"],"damage_healed":0.0,"max_hp_gain":0.0,"max_hp_loss":0.0,"gold_gain":0.0,"event_name":"Purifier","player_choice":"Purged","floor":2.0,"gold_loss":0.0,"damage_taken":0.0},{"cards_removed":["Strike_G"],"damage_healed":0,"gold_gain":0,"player_choice":"Card Removal","damage_taken":0,"max_hp_gain":0,"max_hp_loss":0,"event_name":"The Cleric","floor":12,"gold_loss":50}],"is_beta":false,"boss_relics":[{"not_picked":["HoveringKite","Sozu"],"picked":"SacredBark"}],"items_purged_floors":[14],"is_endless":false,"potions_floor_spawned":[1,5,6],"killed_by":"3 Byrds","ascension_level":5}}