{"host":"tr12w2fixbnujl15","time":1613242670,"event":{"mods":["100% Spire Juice","2.2 Compatiblity","A Penny For Your Troubles","BaseMod","Better Skull","Better Vampires","BetterRewards","CapriCore","Clockwork Mod","Colored Powertips","Evolution","Gremlin Skip","Hermit","Hubris","Infinite Spire","JesterMod","Kalas","KinomotoSakuraMod(????)","Koishi","Mad Scientist","Magitek Elite","Mathematician","Minty Spire (QoL Compilation)","Permanent Neow","Quick Restart","Reimu??????","Relic Filter","Remilia_Scarlet Moed?????·?????3.3.5","Replay The Spire","Shop Mod","StSLib","SuperFastMode","The Accelerator","The Bug Knight","The Construct","The Cursed","The Hayseed","The Hierophant","The Immortal","The Mystic","The Necromancer","The Runesmith","The Sage","The Senshi","The Servant 0.9.4","The Spell Scribe","The Vixen","TheFirefly","TheSwordswoman","TheVelvet","Transform Curses","WarShipGirlsR/????R mod","Yakumo Yukari mod","[IsaacMod]????"],"gold_per_floor":[214,314,324,337,337,337,352,352,403,403,184,201,1,20,20,116,116,116],"floor_reached":17,"language":"ENG","playtime":454,"items_purged":[],"score":172,"play_id":"ac777726-9306-4ac8-a111-d7239e85afa8","local_time":"20210213135750","is_ascension_mode":false,"campfire_choices":[{"floor":6,"key":"REST"},{"data":"DoctorFetus","floor":8,"key":"SMITH"},{"floor":15,"key":"REST"}],"circlet_count":0,"master_deck":["Aero","Aero","Aero","Strike_L","Defend_L","Defend_L","Defend_L","Defend_L","Defend_L","Fire2","Cure","DoctorFetus+1","Blood_Hilt","Gladius","Tornado","Quick","Magnus_Hat","Bravery","Bravery","Replay:Dark Deal","Shell","Trance","Ultima"],"relics":["Pendant","EVO:Axolotl","HushsDoor","SteamSale","BelialBook","MerchantsRug","theSenshi:FeatherClipsRelic","ReplayTheSpireMod:TigerMarble","Replay:Grab Bag","Busted Crown"],"acts_visited":["Exordium","TheCity"],"potions_floor_usage":[],"damage_taken":[{"damage":20,"enemies":"Small Slimes","floor":1,"turns":6},{"damage":11,"enemies":"infinitespire:Voidling","floor":3,"turns":5},{"damage":0,"enemies":"Cultist","floor":4,"turns":2},{"damage":16,"enemies":"2 Fungi Beasts","floor":7,"turns":4},{"damage":33,"enemies":"Lots of Slimes","floor":12,"turns":5},{"damage":0,"enemies":"Gremlin Gang","floor":14,"turns":1},{"damage":35,"enemies":"Slime Boss","floor":16,"turns":4}],"seed_played":"2060115162738329271","potions_obtained":[{"floor":7,"key":"Strength Potion"},{"floor":12,"key":"DistilledChaos"},{"floor":16,"key":"SneckoOil"}],"is_trial":false,"path_per_floor":["M","?","M","M","?","R","M","R","T","?","$","M","$","M","R","B",null],"character_chosen":"MAGITEKELITE","items_purchased":["MerchantsRug","Bravery","theSenshi:FeatherClipsRelic","Replay:Dark Deal","ReplayTheSpireMod:TigerMarble","Shell"],"campfire_rested":2,"item_purchase_floors":[11,11,11,13,13,13],"current_hp_per_floor":[49,49,44,44,44,62,55,55,55,55,55,41,41,47,63,34,63,63],"gold":116,"neow_bonus":"HUNDRED_GOLD","is_daily":false,"chose_seed":false,"campfire_upgraded":1,"win_rate":0.0,"timestamp":1613242670,"path_taken":["M","?","?","?","?","R","M","R","T","?","$","M","$","?","R","BOSS"],"items_purchased_type":["Relic","Card","Relic","Card","Relic","Card"],"build_version":"2020-12-22","purchased_purges":0,"victory":false,"max_hp_per_floor":[63,63,63,63,63,63,63,63,63,63,63,63,63,63,63,63,63,63],"card_choices":[{"not_picked":[],"picked":"DoctorFetus","floor":0},{"not_picked":["Flare","Circlet"],"picked":"Blood_Hilt","floor":1},{"not_picked":["Aero","Falchion"],"picked":"Gladius","floor":2},{"not_picked":["Focus","Crystal_Sword"],"picked":"Bomb","floor":3},{"not_picked":["Cursed_Shield","Slow"],"picked":"Tornado","floor":4},{"not_picked":[],"picked":"Quick","floor":5},{"not_picked":["Cursed_Shield","Throw"],"picked":"Magnus_Hat","floor":7},{"not_picked":["Flametongue","Barrier"],"picked":"Bravery","floor":12},{"not_picked":["Thornlet","Throw"],"picked":"Trance","floor":14},{"not_picked":["Valor","Mama"],"picked":"Ultima","floor":16}],"player_experience":106112,"relics_obtained":[{"floor":9,"key":"BelialBook"}],"event_choices":[],"is_beta":false,"boss_relics":[{"not_picked":["hubris:CrackedHourglass","jesterMod:MachoBrace"],"picked":"Replay:Grab Bag"},{"not_picked":["hubris:VirtuousBlindfold","Velvet Choker"],"picked":"Busted Crown"},{"not_picked":[]}],"items_purged_floors":[],"is_endless":false,"potions_floor_spawned":[7,12,16],"ascension_level":0}}