{"host":"2q4w55ev63ot6isg","time":1613194391,"event":{"mods":["Aspiration","BaseMod","Downfall","Hubris","Marisa????????","Minty Spire (QoL Compilation)","Replay The Spire","StSLib","The Cursed","The Jungle","The Servant 0.9.4"],"gold_per_floor":[99,111,122,145,145,245,245,54,3,34,34,47,47,62,72,167,167,167,181,181,181,201,201,201,201],"floor_reached":23,"language":"ENG","playtime":981,"items_purged":[],"score":208,"play_id":"d88d522c-9b43-4feb-b8df-0c4865a96a9b","local_time":"20210212213311","is_ascension_mode":true,"campfire_choices":[{"data":"bronze:Goto","floor":1,"key":"SMITH"},{"data":"Magnetism","floor":11,"key":"SMITH"},{"data":"bronze:BronzeOrb","floor":13,"key":"SMITH"},{"data":"Barricade","floor":18,"key":"SMITH"}],"circlet_count":0,"master_deck":["bronze:Replicate","bronze:Goto+1","Metallicize","bronze:Fortify","Havoc","Magnetism+1","bronze:DelayedGuard","bronze:BronzeOrb+1","bronze:Frontload","bronze:ClassDefault","Flame Barrier","Barricade+1","Ghostly Armor","bronze:Invalidate","bronze:Turbo","Feed","hubris:SharpeningStone","bronze:Constructor","bronze:Separator","Entrench","Necronomicurse","ReplayTheSpireMod:Limb From Limb"],"relics":["aspiration:IroncladSkillbook","Bag of Preparation","Replay:Bottled Steam","Toy Ornithopter","Pandora\u0027s Box","Necronomicon","aspiration:RitualStick"],"acts_visited":["Exordium","TheCity"],"potions_floor_usage":[16,16,23],"damage_taken":[{"damage":1,"enemies":"Cultist","floor":2,"turns":4},{"damage":2,"enemies":"Jaw Worm","floor":3,"turns":3},{"damage":0,"enemies":"downfall:FleeingMerchant","floor":8,"turns":4},{"damage":12,"enemies":"downfall:FleeingMerchant","floor":9,"turns":4},{"damage":16,"enemies":"Replay:BlueRogue","floor":10,"turns":7},{"damage":8,"enemies":"2 Louse","floor":12,"turns":3},{"damage":0,"enemies":"Blue Slaver","floor":14,"turns":4},{"damage":0,"enemies":"Exordium Thugs","floor":15,"turns":6},{"damage":44,"enemies":"IC_STATUS_ARCHETYPE","floor":16,"turns":11},{"damage":7,"enemies":"Chosen","floor":19,"turns":6},{"damage":3,"enemies":"3 Byrds","floor":22,"turns":5},{"damage":49,"enemies":"Book of Stabbing","floor":23,"turns":4}],"seed_played":"-7966911541050458032","potions_obtained":[{"floor":10,"key":"Weak Potion"},{"floor":15,"key":"Swift Potion"},{"floor":16,"key":"AttackPotion"}],"is_trial":false,"path_per_floor":["R","M","M","T","?","?","T","$","$","E","R","M","R","M","M","B",null,"R","M","?","?","M","E"],"character_chosen":"THE_AUTOMATON","items_purchased":["Magnetism","bronze:BronzeOrb"],"campfire_rested":0,"item_purchase_floors":[8,9],"current_hp_per_floor":[70,70,70,70,70,70,70,70,62,50,50,46,46,50,54,24,70,70,67,51,37,41,0,0,0],"gold":201,"neow_bonus":"BOSS_RELIC","is_daily":false,"chose_seed":false,"campfire_upgraded":4,"win_rate":0.0,"timestamp":1613194391,"path_taken":["R","M","M","?","?","?","T","?","$","E","R","M","R","M","M","BOSS","R","M","?","?","M","E"],"items_purchased_type":["Card","Card"],"build_version":"2020-12-22","purchased_purges":0,"victory":false,"max_hp_per_floor":[70,70,70,70,70,70,70,70,70,70,70,70,70,70,70,70,70,70,70,70,70,73,73,73,73],"card_choices":[{"not_picked":["Iron Wave","ReplayTheSpireMod:Limb From Limb","Perfected Strike"],"picked":"Metallicize","floor":2},{"not_picked":["Wild Strike","Pommel Strike","bronze:Invalidate"],"picked":"bronze:Fortify","floor":3},{"not_picked":["bronze:Allocate","bronze:ForLoop","True Grit"],"picked":"Havoc","floor":8},{"not_picked":["bronze:CleanCode","bronze:Shield","Anger"],"picked":"bronze:DelayedGuard","floor":9},{"not_picked":["Combust","Pommel Strike","Perfected Strike","Clash"],"picked":"SKIP","floor":10},{"not_picked":["Twin Strike","bronze:Deprecate","bronze:BurnOut"],"picked":"bronze:Frontload","floor":12},{"not_picked":["Massacre","bronze:InfiniteBeams","Headbutt"],"picked":"bronze:ClassDefault","floor":14},{"not_picked":["Cleave","bronze:InfiniteBeams","Fire Breathing"],"picked":"Flame Barrier","floor":15},{"not_picked":["bronze:TinkerersToolbox","bronze:ShipIt","bronze:AlphaBuild"],"picked":"Barricade","floor":16},{"not_picked":["hubris:SharpeningStone+1","Thunderclap","bronze:Frontload"],"picked":"Entrench","floor":19},{"not_picked":["bronze:FineTuning","Defy Death","bronze:CutThrough"],"picked":"ReplayTheSpireMod:Limb From Limb","floor":22}],"player_experience":248155,"relics_obtained":[{"floor":4,"key":"Bag of Preparation"},{"floor":7,"key":"Replay:Bottled Steam"},{"floor":10,"key":"Toy Ornithopter"},{"floor":20,"key":"Necronomicon"}],"event_choices":[{"cards_removed":["bronze:Strike"],"damage_healed":0,"gold_gain":0,"player_choice":"Card Removal","damage_taken":0,"max_hp_gain":0,"max_hp_loss":0,"event_name":"The Cleric","floor":5,"gold_loss":0}],"is_beta":false,"boss_relics":[{"not_picked":["hubris:CrackedHourglass","aspiration:RunicSpoon"],"picked":"Pandora\u0027s Box"}],"items_purged_floors":[],"is_endless":false,"potions_floor_spawned":[10,15,16],"killed_by":"Book of Stabbing","ascension_level":2}}