{"host":"6cobn2zu43e930v9","time":1613226611,"event":{"mods":["100% Spire Juice","Act Like it!","BaseMod","Colored Map","Gensokyo","Hubris","Marisa£¨ìFÓê¡¡Ä§ÀíÉ³£©","Minty Spire (QoL Compilation)","MostiFishMod","Reimu£¨²©ÀöÁéÃÎ£©","Remilia£¨ÀÙÃ×ÀòÑÇ£©","Replay The Spire","RumiaBox-Â¶Ã×æ«µÄÉñÃØºÐ×Ó","Shop Mod","StSLib","SuperFastMode","TestMod","Waifu the Spire","[IsaacMod]ÒÔÈö¼âËþ"],"gold_per_floor":[112,125,125,135,146,146,156,207,207,222,222,229,286,321,321,429,429,448,253,283,327,75,122,132,160,160,160,176,204,604,625,625,722,722,742,761,703,703,722,722,735,768,768,768,786,803,692,724,724,724,724],"floor_reached":50,"language":"ZHS","playtime":1666,"items_purged":["Strike_G","Strike_G","A Thousand Cuts","Burst"],"score":1078,"play_id":"5be35b09-c4db-4d5e-8e5d-ecd9b596e2e9","local_time":"20210213223010","is_ascension_mode":true,"campfire_choices":[{"floor":6.0,"key":"RECALL"},{"data":"MostiFishMod:WinterMarkForm","floor":11.0,"key":"SMITH"},{"floor":15.0,"key":"DIG"},{"floor":32.0,"key":"DIG"},{"data":"Concentrate","floor":40.0,"key":"SMITH"},{"data":"MostiFishMod:Neurotoxin","floor":49.0,"key":"SMITH"}],"circlet_count":0,"master_deck":["MostiFishMod:FrostNova","MostiFishMod:WinterMarkForm+1","MostiFishMod:Dislodge","Acrobatics","Dagger Spray","MostiFishMod:Wind","Blade Dance","PiercingWail","MostiFishMod:PerfectParry","Tools of the Trade","Concentrate+1","Blade Dance+1","MostiFishMod:Wind","MostiFishMod:Neurotoxin+1","MostiFishMod:WinterMarkForm","Escape Plan+1","Tactician+1","Blade Dance+1","Blade Dance+1","Tactician+1","Calculated Gamble+1","Acrobatics+1"],"relics":["Ring of the Snake","DaveBox","testmod-TestBox","NeowsBlessing","FrostBlade","testmod-InjuryResistance","SalivaCoin","SynthV:TestCard","testmod-BalancedPeriapt","Meat on the Bone","Omamori","PatriotShield","MerchantsRug","Strange Spoon","MagicDraw3","Eternal Feather","Gremlin Horn","Toxic Egg 2","MagicMushroom","testmod-Fortitude","testmod-LifeArmor","Replay:Bottled Flurry","testmod-InfectionSource"],"acts_visited":["Exordium","Gensokyo:Gensokyo","Gensokyo:Gensokyoer"],"potions_floor_usage":[],"damage_taken":[{"damage":0.0,"enemies":"Gensokyo:Python","floor":1.0,"turns":1.0},{"damage":0.0,"enemies":"Gensokyo:3_Fairies","floor":2.0,"turns":2.0},{"damage":0.0,"enemies":"Gensokyo:2_Kodama","floor":4.0,"turns":1.0},{"damage":0.0,"enemies":"Gensokyo:LivingMonolith","floor":5.0,"turns":3.0},{"damage":0.0,"enemies":"Gensokyo:VengefulSpirit","floor":7.0,"turns":3.0},{"damage":5.0,"enemies":"Gensokyo:Cirno","floor":8.0,"turns":5.0},{"damage":0.0,"enemies":"Gensokyo:Python_and_Kodama","floor":10.0,"turns":3.0},{"damage":4.0,"enemies":"Hiden Room Battle","floor":13.0,"turns":4.0},{"damage":0.0,"enemies":"Gensokyo:Aya","floor":14.0,"turns":3.0},{"damage":7.0,"enemies":"Gensokyo:Yukari","floor":16.0,"turns":6.0},{"damage":0.0,"enemies":"Gensokyo:Chomper","floor":18.0,"turns":2.0},{"damage":7.0,"enemies":"Gensokyo:3_Dogs","floor":20.0,"turns":3.0},{"damage":23.0,"enemies":"Gensokyo:Tenshi","floor":23.0,"turns":2.0},{"damage":0.0,"enemies":"Gensokyo:3_Gloops","floor":24.0,"turns":1.0},{"damage":0.0,"enemies":"Gensokyo:Koishi","floor":25.0,"turns":3.0},{"damage":0.0,"enemies":"Gensokyo:Monolith_and_Dog","floor":28.0,"turns":2.0},{"damage":0.0,"enemies":"Gensokyo:Tenshi","floor":29.0,"turns":2.0},{"damage":1.0,"enemies":"Gensokyo:Mirror_and_Dog","floor":31.0,"turns":1.0},{"damage":0.0,"enemies":"Gensokyo:Eiki","floor":33.0,"turns":4.0},{"damage":0.0,"enemies":"Gensokyo:3_Boulders","floor":35.0,"turns":1.0},{"damage":0.0,"enemies":"Gensokyo:AncientGuardian","floor":36.0,"turns":1.0},{"damage":0.0,"enemies":"Gensokyo:AtlasGolem","floor":39.0,"turns":2.0},{"damage":0.0,"enemies":"Gensokyo:SeedOfUnknown","floor":41.0,"turns":1.0},{"damage":0.0,"enemies":"Gensokyo:Marisa","floor":42.0,"turns":1.0},{"damage":0.0,"enemies":"Gensokyo:3_Boulders","floor":45.0,"turns":2.0},{"damage":0.0,"enemies":"Gensokyo:Rafflesia","floor":46.0,"turns":2.0},{"damage":0.0,"enemies":"Gensokyo:Kasen","floor":48.0,"turns":1.0},{"damage":0,"enemies":"Gensokyo:Shinki","floor":50,"turns":1}],"seed_played":"-5811352016870067058","potions_obtained":[{"floor":2.0,"key":"Energy Potion"},{"floor":5.0,"key":"Dexterity Potion"},{"floor":7.0,"key":"AttackPotion"},{"floor":10.0,"key":"Venom Potion"},{"floor":16.0,"key":"GrandPatriotsElixir:ReiMu"},{"floor":21.0,"key":"Reflective Coating"},{"floor":21.0,"key":"Explosive Potion"},{"floor":21.0,"key":"GamblersBrew"},{"floor":23.0,"key":"Weak Potion"},{"floor":33.0,"key":"Strength Potion"},{"floor":35.0,"key":"Adrenaline Potion"}],"is_trial":false,"path_per_floor":["M","M","?","M","M","R","M","E","T","M","R","?","?","E","R_BF","B",null,"M","$","M","?","$","E","M","E","T","T","M","E","?","M","R_BF","B",null,"M","M","$","?","M","R","M","E","T","T","M","M","$","E","R","B"],"character_chosen":"THE_SILENT","items_purchased":["MerchantsRug","Strange Spoon","Blade Dance+1"],"campfire_rested":0,"item_purchase_floors":[19,22,37],"current_hp_per_floor":[63,63,63,63,63,63,63,58,58,58,58,31,34,34,34,39,68,68,68,61,61,61,50,50,50,50,50,50,50,50,49,61,61,77,77,77,77,77,77,77,77,77,77,77,77,77,77,77,77,77,77],"gold":724,"neow_bonus":"THREE_ENEMY_KILL","is_daily":false,"chose_seed":false,"campfire_upgraded":3,"win_rate":0.0,"timestamp":1613226610,"path_taken":["M","M","?","M","?","R","M","E","T","M","R","?","?","E","R_BF","BOSS","M","$","M","?","$","E","M","E","T","?","M","E","?","?","R_BF","BOSS","M","M","$","?","M","R","M","E","T","?","M","M","$","E","R","BOSS"],"items_purchased_type":["Relic","Relic","Card"],"build_version":"2020-12-22","purchased_purges":4,"victory":false,"max_hp_per_floor":[70,70,70,70,70,70,70,70,70,70,70,70,77,77,77,77,77,77,77,77,77,77,77,77,77,77,77,77,77,77,77,77,77,77,77,77,77,77,77,77,77,77,77,77,77,77,77,77,77,77,77],"card_choices":[{"not_picked":[],"picked":"Bomb","floor":0.0},{"not_picked":["Deadly Poison","Flying Knee","Terror"],"picked":"SKIP","floor":1.0},{"not_picked":["Slice","MostiFishMod:ThornCasing","Phantasmal Killer","Poisoned Stab","Dodge and Roll"],"picked":"SKIP","floor":2.0},{"not_picked":["Flying Knee","Bane","Acrobatics","PiercingWail"],"picked":"MostiFishMod:Dislodge","floor":4.0},{"not_picked":["hubris:SlightOfHand","Finisher","Poisoned Stab","Underhanded Strike"],"picked":"Acrobatics","floor":5.0},{"not_picked":["Poisoned Stab","Sucker Punch","Bane","hubris:SlightOfHand"],"picked":"Dagger Spray","floor":7.0},{"not_picked":["hubris:Counter","Blade Dance","Flying Knee","Sucker Punch"],"picked":"MostiFishMod:Wind","floor":8.0},{"not_picked":["MostiFishMod:PerfectParry","Quick Slash","Backflip","Distraction"],"picked":"Blade Dance","floor":10.0},{"not_picked":["Sucker Punch","Riddle With Holes","Dash","Flying Knee"],"picked":"PiercingWail","floor":13.0},{"not_picked":["Leg Sweep","Acrobatics","Backflip","After Image"],"picked":"MostiFishMod:PerfectParry","floor":14.0},{"not_picked":["Glass Knife","Malaise","Phantasmal Killer","Wraith Form v2"],"picked":"Tools of the Trade","floor":16.0},{"not_picked":["Acrobatics","Blur","Prepared","Deadly Poison","PiercingWail"],"picked":"SKIP","floor":18.0},{"not_picked":["Sucker Punch+1","Dagger Throw+1","Outmaneuver","Prepared+1"],"picked":"Concentrate","floor":20.0},{"not_picked":["Deflect","Quick Slash","Blur","All Out Attack"],"picked":"Blade Dance","floor":21.0},{"not_picked":["MostiFishMod:WinterMarkForm","Backflip","Leg Sweep","Dodge and Roll+1","Caltrops"],"picked":"SKIP","floor":23.0},{"not_picked":["Heel Hook","Caltrops","ReplayTheSpireMod:Exploit Weakness","Deadly Poison","Slice+1"],"picked":"SKIP","floor":24.0},{"not_picked":["Terror","MostiFishMod:VineMother","ReplayTheSpireMod:Exploit Weakness","Slice","Deflect"],"picked":"SKIP","floor":25.0},{"not_picked":["Terror","MostiFishMod:VineMother","ReplayTheSpireMod:Exploit Weakness","Slice","Deflect"],"picked":"SKIP","floor":25.0},{"not_picked":["Eviscerate","Backstab+1","MostiFishMod:FrostNova+1","ReplayTheSpireMod:The Works","Dagger Spray"],"picked":"SKIP","floor":28.0},{"not_picked":["Poisoned Stab","ReplayTheSpireMod:From All Sides","Well Laid Plans+1","MostiFishMod:FrostNova+1"],"picked":"Escape Plan+1","floor":29.0},{"not_picked":["Choke","Flying Knee","Bane","Leg Sweep+1","hubris:TrickCloak+1"],"picked":"SKIP","floor":31.0},{"not_picked":["Deadly Poison+1","Accuracy","Dagger Spray","Slice","Dodge and Roll+1"],"picked":"SKIP","floor":35.0},{"not_picked":["MostiFishMod:InvigoratingSolution+1","PiercingWail+1","Blade Dance+1","Quick Slash+1"],"picked":"Tactician+1","floor":36.0},{"not_picked":["MostiFishMod:PerfectParry+1","Underhanded Strike","Leg Sweep+1","Finisher+1","ReplayTheSpireMod:The Works+1"],"picked":"SKIP","floor":39.0},{"not_picked":["Expertise+1","Deadly Poison+1","Deflect+1","hubris:Counter+1"],"picked":"Blade Dance+1","floor":41.0},{"not_picked":["MostiFishMod:ThornCasing","Caltrops","Deflect+1","Backflip+1"],"picked":"Tactician+1","floor":42.0},{"not_picked":["Backflip+1","MostiFishMod:GrandStart","Sucker Punch","PiercingWail+1"],"picked":"Calculated Gamble+1","floor":45.0},{"not_picked":["MostiFishMod:VineMother","Flechettes","Slice+1","MostiFishMod:Confrontation+1"],"picked":"Acrobatics+1","floor":46.0},{"not_picked":["Finisher","Bane","Cloak And Dagger+1","Heel Hook","Masterful Stab+1"],"picked":"SKIP","floor":48.0}],"player_experience":345518,"relics_obtained":[{"floor":1.0,"key":"SynthV:TestCard"},{"floor":8.0,"key":"Tiny Chest"},{"floor":13.0,"key":"Strawberry"},{"floor":13.0,"key":"testmod-BalancedPeriapt"},{"floor":14.0,"key":"Meat on the Bone"},{"floor":15.0,"key":"Omamori"},{"floor":23.0,"key":"MagicDraw3"},{"floor":25.0,"key":"SumBook"},{"floor":26.0,"key":"Eternal Feather"},{"floor":27.0,"key":"Gremlin Horn"},{"floor":29.0,"key":"Toxic Egg 2"},{"floor":32.0,"key":"hubris:DuctTape"},{"floor":42.0,"key":"testmod-Fortitude"},{"floor":43.0,"key":"testmod-LifeArmor"},{"floor":44.0,"key":"Replay:Bottled Flurry"},{"floor":48.0,"key":"testmod-InfectionSource"}],"event_choices":[{"damage_healed":0.0,"max_hp_gain":0.0,"max_hp_loss":0.0,"gold_gain":0.0,"event_name":"HidenRoomEvent","player_choice":"Fight","floor":13.0,"gold_loss":0.0,"damage_taken":0.0},{"damage_healed":0.0,"max_hp_gain":0.0,"max_hp_loss":0.0,"gold_gain":400.0,"event_name":"¶÷ÂåË¹µÄÅÌ×Ó","player_choice":"Sell","floor":30.0,"relics_lost":["HushsDoor"],"gold_loss":0.0,"damage_taken":0.0}],"is_beta":false,"boss_relics":[{"not_picked":["testmod-Fanaticism","ChiXiaoBlade"],"picked":"PatriotShield"},{"not_picked":[]},{"not_picked":["Snecko Heart","Sozu"],"picked":"MagicMushroom"}],"items_purged_floors":[19,22,37,47],"is_endless":false,"potions_floor_spawned":[2,5,7,10,16,23,24,25,33,35,42,45],"killed_by":"Gensokyo:Shinki","ascension_level":8}}