{"host":"121m0oxswv9tg9hk","time":1613223184,"event":{"mods":["AchievementEnabler","BaseMod","Better Third Choice","Hermit","Hubris","MarisaÅiñ∂âJÅ@ñÇóùçπÅj","Minty Spire (QoL Compilation)","Replay The Spire","Shade Mod","StSLib","The Cursed"],"gold_per_floor":[110,110,126,126,126,160,160,192,192,205,222,249,249,266,266,361,361,371,371,371],"floor_reached":19,"language":"ENG","playtime":1667,"items_purged":[],"score":254,"play_id":"eba0fd41-f6da-48b1-b4b1-47ecc48f88d3","local_time":"20210213143304","is_ascension_mode":true,"campfire_choices":[{"floor":7,"key":"REST"},{"data":"hermit:Adapt","floor":13,"key":"SMITH"},{"floor":15,"key":"REST"}],"circlet_count":0,"master_deck":["hermit:Strike_Hermit","hermit:Strike_Hermit","hermit:Strike_Hermit","hermit:Strike_Hermit","hermit:Defend_Hermit","hermit:Defend_Hermit","hermit:Defend_Hermit","hermit:Defend_Hermit","hermit:Snapshot","hermit:Covet","Strike_B","Shade:Defend_Shade","hermit:Spite","Replay:Hysterical Blindness","hermit:TakeAim","Pain","hermit:Adapt+1","hermit:EyeOfTheStorm","hermit:Reprieve","hermit:ShadowCloak","hermit:FatalDesire","hermit:Glare","hermit:TakeCover"],"relics":["hermit:Momento","Replay:Multitool","hubris:Towel","WarpedTongs","Tiny Chest","Unceasing Top","Matryoshka","Vajra","ChewingGum"],"acts_visited":["Exordium","TheCity"],"potions_floor_usage":[6,8,16,18,19],"damage_taken":[{"damage":8,"enemies":"Jaw Worm","floor":1,"turns":4},{"damage":1,"enemies":"2 Louse","floor":3,"turns":2},{"damage":46,"enemies":"Lagavulin","floor":6,"turns":8},{"damage":16,"enemies":"Gremlin Nob","floor":8,"turns":5},{"damage":3,"enemies":"Small Slimes","floor":10,"turns":2},{"damage":7,"enemies":"Exordium Thugs","floor":11,"turns":5},{"damage":0,"enemies":"3 Sentries","floor":12,"turns":12},{"damage":6,"enemies":"Blue Slaver","floor":14,"turns":5},{"damage":14,"enemies":"The Guardian","floor":16,"turns":11},{"damage":9,"enemies":"Shell Parasite","floor":18,"turns":6},{"damage":84,"enemies":"Masked Bandits","floor":19,"turns":7}],"seed_played":"2889044036808593384","potions_obtained":[{"floor":1,"key":"DuplicationPotion"},{"floor":6,"key":"FearPotion"},{"floor":14,"key":"Block Potion"},{"floor":16,"key":"GamblersBrew"},{"floor":18,"key":"Languid Potion"}],"is_trial":false,"path_per_floor":["M","?","M","?","?","E","R","E","T","M","M","E","R","M","R","B",null,"M","?"],"character_chosen":"HERMIT","items_purchased":[],"campfire_rested":2,"item_purchase_floors":[],"current_hp_per_floor":[67,67,66,66,66,20,42,26,26,23,20,24,24,22,44,38,75,74,0,0],"gold":371,"neow_bonus":"ONE_RARE_RELIC","is_daily":false,"chose_seed":false,"campfire_upgraded":1,"win_rate":0.0,"timestamp":1613223184,"path_taken":["M","?","M","?","?","E","R","E","T","M","M","E","R","?","R","BOSS","M","?"],"items_purchased_type":[],"build_version":"2020-12-22","purchased_purges":0,"victory":false,"max_hp_per_floor":[75,75,75,75,75,75,75,75,75,75,75,75,75,75,75,75,75,75,75,75],"card_choices":[{"not_picked":["hermit:Deadeye","hermit:Snipe"],"picked":"hermit:Spite","floor":1},{"not_picked":["hermit:Dive","hermit:Feint"],"picked":"hermit:TakeAim","floor":3},{"not_picked":["hermit:BodyArmor","hermit:Feint"],"picked":"hermit:Adapt","floor":6},{"not_picked":["hermit:Malice","hermit:ItchyTrigger"],"picked":"hermit:EyeOfTheStorm","floor":8},{"not_picked":["hermit:Headshot","hermit:Misfire"],"picked":"hermit:Reprieve","floor":10},{"not_picked":["hermit:Malice","hermit:BodyArmor"],"picked":"hermit:ShadowCloak","floor":11},{"not_picked":["hermit:ItchyTrigger","hermit:Midnight"],"picked":"hermit:FatalDesire","floor":12},{"not_picked":["hermit:WideOpen","hermit:Coalescence"],"picked":"hermit:Glare","floor":14},{"not_picked":["hermit:Dive","hermit:Spite+1"],"picked":"hermit:TakeCover","floor":18}],"player_experience":2452467,"relics_obtained":[{"floor":6,"key":"Tiny Chest"},{"floor":8,"key":"Unceasing Top"},{"floor":9,"key":"Matryoshka"},{"floor":12,"key":"Vajra"}],"event_choices":[{"damage_healed":0,"gold_gain":0,"player_choice":"Rummage","damage_taken":0,"relics_obtained":["WarpedTongs"],"max_hp_gain":0,"max_hp_loss":0,"event_name":"Accursed Blacksmith","floor":5,"gold_loss":0,"cards_obtained":["Pain"]},{"damage_healed":0,"gold_gain":0,"player_choice":"Fought Bandits","damage_taken":0,"max_hp_gain":0,"max_hp_loss":0,"event_name":"Masked Bandits","floor":19,"gold_loss":0}],"is_beta":false,"boss_relics":[{"not_picked":["hermit:BartenderGlass","Replay:Drink Me"],"picked":"ChewingGum"}],"items_purged_floors":[],"is_endless":false,"potions_floor_spawned":[1,6,14,16,18],"killed_by":"Masked Bandits","ascension_level":4}}