{"host":"g907ck67u7c3hrs6","time":1613204769,"event":{"mods":["BaseMod","Colored Map","DeckTracker","Force Act Four","Highlight Path","Keyboard Shortcuts","Minty Spire (QoL Compilation)","Permanent Neow","Say the Spire","SuperFastMode"],"gold_per_floor":[114,134,147,157,175,175,204,236,236,263,275,308,308,321,321,395,395,408,420,345,54,74,109,135,135,190,221,253,283,314,341,341,420,420,434,452,303,303,328,362,362,390,390,426,29,29,65,95,95,104,113,113,113,2,31,40],"floor_reached":57,"language":"KOR","playtime":2548,"items_purged":["Doubt","Pain","Decay"],"score":4378,"play_id":"e6a09226-cf58-45ba-85fe-26748c2bb64c","local_time":"20210213172609","daily_mods":["SealedDeck","Heirloom","Time Dilation","Flight","DeadlyEvents","Cursed Run","Elite Swarm"],"is_ascension_mode":true,"campfire_choices":[{"data":"Accuracy","floor":6,"key":"SMITH"},{"data":"A Thousand Cuts","floor":13,"key":"SMITH"},{"data":"Bullet Time","floor":15,"key":"SMITH"},{"data":"Apotheosis","floor":25,"key":"SMITH"},{"data":"After Image","floor":32,"key":"SMITH"},{"data":"Envenom","floor":41,"key":"SMITH"},{"data":"After Image","floor":46,"key":"SMITH"},{"floor":49,"key":"RECALL"},{"data":"Infinite Blades","floor":53,"key":"SMITH"}],"circlet_count":0,"master_deck":["AscendersBane","Dagger Spray+1","PiercingWail","Dodge and Roll","PiercingWail","PiercingWail","Backflip","Expertise","Terror","Cloak And Dagger","Accuracy+1","Escape Plan","Infinite Blades+1","Acrobatics","Blur","Envenom+1","Phantasmal Killer","A Thousand Cuts+1","Crippling Poison","Bullet Time+1","After Image+1","Blade Dance+1","Apotheosis+1","Choke+1","Venomology","After Image+1","Injury","Burst","Malaise","A Thousand Cuts+1","Adrenaline+1","Envenom+1","Cloak And Dagger+1","Footwork+1","Clumsy","After Image+1","Burst+1","Clumsy","Adrenaline+1","Leg Sweep+1","Night Terror+1","Parasite","Regret","Decay"],"relics":["Cursed Key","Darkstone Periapt","Du-Vu Doll","CaptainsWheel","Tiny Chest","Gambling Chip","Blood Vial","Paper Crane","FossilizedHelix","Black Star","Smiling Mask","StoneCalendar","Shuriken","Orichalcum","Happy Flower","Lantern","Art of War","Molten Egg 2","Sundial","Toxic Egg 2","Frozen Egg 2","Dream Catcher","Pear","Bag of Marbles","Whetstone","Coffee Dripper","Nunchaku","Bottled Flame","Thread and Needle","Regal Pillow","Question Card","Tough Bandages","CeramicFish","Bottled Lightning","White Beast Statue","Bronze Scales","Singing Bowl","Kunai","Gremlin Horn","HornCleat"],"acts_visited":["Exordium","TheCity","TheBeyond","TheEnding"],"potions_floor_usage":[23,27,29,33,44,50,56,56,56,56,56,56],"damage_taken":[{"damage":2,"enemies":"Small Slimes","floor":1,"turns":3},{"damage":0,"enemies":"Jaw Worm","floor":2,"turns":3},{"damage":0,"enemies":"Cultist","floor":3,"turns":3},{"damage":0,"enemies":"3 Louse","floor":4,"turns":3},{"damage":0,"enemies":"Lots of Slimes","floor":5,"turns":3},{"damage":0,"enemies":"Lagavulin","floor":7,"turns":5},{"damage":8,"enemies":"3 Sentries","floor":8,"turns":7},{"damage":0,"enemies":"Lagavulin","floor":10,"turns":4},{"damage":17,"enemies":"2 Fungi Beasts","floor":11,"turns":4},{"damage":7,"enemies":"3 Sentries","floor":12,"turns":7},{"damage":0,"enemies":"Blue Slaver","floor":14,"turns":2},{"damage":0,"enemies":"The Guardian","floor":16,"turns":5},{"damage":21,"enemies":"Shell Parasite","floor":18,"turns":5},{"damage":9,"enemies":"2 Thieves","floor":19,"turns":3},{"damage":0,"enemies":"Cultist and Chosen","floor":22,"turns":4},{"damage":2,"enemies":"Slavers","floor":23,"turns":4},{"damage":0,"enemies":"Book of Stabbing","floor":24,"turns":5},{"damage":0,"enemies":"Slavers","floor":27,"turns":2},{"damage":0,"enemies":"Gremlin Leader","floor":28,"turns":3},{"damage":0,"enemies":"Book of Stabbing","floor":29,"turns":4},{"damage":0,"enemies":"Slavers","floor":30,"turns":3},{"damage":0,"enemies":"Book of Stabbing","floor":31,"turns":3},{"damage":0,"enemies":"Collector","floor":33,"turns":5},{"damage":0,"enemies":"3 Shapes","floor":35,"turns":3},{"damage":0,"enemies":"Orb Walker","floor":36,"turns":2},{"damage":0,"enemies":"Reptomancer","floor":40,"turns":5},{"damage":0,"enemies":"Nemesis","floor":42,"turns":3},{"damage":0,"enemies":"Giant Head","floor":44,"turns":6},{"damage":7,"enemies":"Nemesis","floor":47,"turns":3},{"damage":0,"enemies":"Reptomancer","floor":48,"turns":3},{"damage":8,"enemies":"Awakened One","floor":50,"turns":7},{"damage":0,"enemies":"Donu and Deca","floor":51,"turns":5},{"damage":10,"enemies":"Shield and Spear","floor":55,"turns":6},{"damage":17,"enemies":"The Heart","floor":56,"turns":7}],"seed_played":"-5590540118159747833","potions_obtained":[{"floor":1,"key":"PowerPotion"},{"floor":3,"key":"BlessingOfTheForge"},{"floor":19,"key":"DuplicationPotion"},{"floor":27,"key":"Dexterity Potion"},{"floor":30,"key":"Swift Potion"}],"is_trial":true,"path_per_floor":["M","M","M","M","M","R","E","E","T","E","M","E","R","M","R","B",null,"M","M","?","$","M","E","E","R","T","E","E","E","E","E","R","B",null,"M","M","$","?","T","E","R","E","T","E","$","R","E","E","R","B","B",null,"R","$","E","B",null],"character_chosen":"THE_SILENT","items_purchased":["Apotheosis","Cloak And Dagger+1","Footwork+1","Leg Sweep+1","Bottled Lightning","EntropicBrew"],"campfire_rested":0,"item_purchase_floors":[21,37,37,45,45,54],"current_hp_per_floor":[57,57,57,57,57,57,57,49,55,57,42,37,37,39,39,47,70,51,44,44,44,46,46,48,48,54,56,58,60,72,74,74,82,96,98,100,100,106,112,112,112,112,118,118,118,118,111,115,115,115,123,130,130,130,124,130],"gold":40,"neow_bonus":"","is_daily":false,"chose_seed":false,"campfire_upgraded":8,"win_rate":0.0,"timestamp":1613204769,"path_taken":["M","M","M","M","M","R","E","E","T","E","M","E","R","M","R","BOSS","M","M","?","$","?","E","E","R","T","E","E","E","E","E","R","BOSS","M","M","$","?","?","E","R","E","T","E","$","R","E","E","R","BOSS","BOSS","R","$","E","BOSS"],"items_purchased_type":["Card","Card","Card","Card","Relic","Potion"],"build_version":"2020-12-22","purchased_purges":3,"victory":true,"max_hp_per_floor":[66,66,66,66,66,66,66,66,72,72,72,72,72,72,72,78,78,78,78,78,78,78,78,78,78,84,84,84,84,94,94,94,100,100,100,100,100,106,112,112,112,112,118,118,118,118,118,120,120,126,132,132,132,132,134,140],"card_choices":[{"not_picked":["Infinite Blades","Flying Knee"],"picked":"Escape Plan","floor":1},{"not_picked":["Quick Slash","Dagger Throw","Well Laid Plans"],"picked":"SKIP","floor":2},{"not_picked":["Catalyst","Dodge and Roll"],"picked":"Infinite Blades","floor":3},{"not_picked":["Dagger Spray","Sucker Punch"],"picked":"Acrobatics","floor":4},{"not_picked":["Expertise","Outmaneuver"],"picked":"Blur","floor":5},{"not_picked":["Glass Knife","Doppelganger"],"picked":"Envenom","floor":7},{"not_picked":["Burst","Bullet Time"],"picked":"Phantasmal Killer","floor":8},{"not_picked":["Envenom","Burst"],"picked":"A Thousand Cuts","floor":10},{"not_picked":["Quick Slash","Bouncing Flask"],"picked":"Crippling Poison","floor":11},{"not_picked":["Storm of Steel","Grand Finale"],"picked":"Bullet Time","floor":12},{"not_picked":["Endless Agony","Skewer","Prepared"],"picked":"SKIP","floor":14},{"not_picked":["Malaise","A Thousand Cuts"],"picked":"After Image","floor":16},{"not_picked":["Underhanded Strike","Dagger Spray"],"picked":"Blade Dance+1","floor":18},{"not_picked":["Deadly Poison","Dodge and Roll","Poisoned Stab"],"picked":"SKIP","floor":19},{"not_picked":["Deadly Poison","Predator+1"],"picked":"Choke","floor":22},{"not_picked":["Envenom","Doppelganger"],"picked":"Venomology","floor":23},{"not_picked":["A Thousand Cuts","Night Terror"],"picked":"After Image","floor":24},{"not_picked":["A Thousand Cuts","Wraith Form v2"],"picked":"Burst","floor":27},{"not_picked":["Corpse Explosion","Phantasmal Killer"],"picked":"Malaise","floor":28},{"not_picked":["Die Die Die+1","Tools of the Trade+1"],"picked":"A Thousand Cuts+1","floor":29},{"not_picked":["Doppelganger+1","Envenom+1"],"picked":"Adrenaline+1","floor":30},{"not_picked":["Bullet Time+1","Glass Knife+1"],"picked":"Envenom+1","floor":31},{"not_picked":["Slice+1","Quick Slash+1","Poisoned Stab+1"],"picked":"SKIP","floor":35},{"not_picked":["Flying Knee+1","Riddle With Holes+1","Well Laid Plans+1"],"picked":"SKIP","floor":36},{"not_picked":["Tools of the Trade+1","Burst+1"],"picked":"After Image+1","floor":40},{"not_picked":["Tools of the Trade+1","Phantasmal Killer+1"],"picked":"Burst+1","floor":42},{"not_picked":["Storm of Steel+1","Grand Finale+1","Bullet Time+1"],"picked":"Adrenaline+1","floor":44},{"not_picked":["Tools of the Trade+1","Venomology+1","Doppelganger+1"],"picked":"Night Terror+1","floor":47},{"not_picked":["A Thousand Cuts+1","Phantasmal Killer+1","Envenom+1","Grand Finale+1"],"picked":"Singing Bowl","floor":48},{"not_picked":["Storm of Steel+1","Bullet Time+1","Phantasmal Killer+1","Burst+1"],"picked":"Singing Bowl","floor":55}],"player_experience":297622,"relics_obtained":[{"floor":7,"key":"Tiny Chest"},{"floor":8,"key":"Gambling Chip"},{"floor":9,"key":"Blood Vial"},{"floor":10,"key":"Paper Crane"},{"floor":12,"key":"FossilizedHelix"},{"floor":23,"key":"Smiling Mask"},{"floor":23,"key":"StoneCalendar"},{"floor":24,"key":"Shuriken"},{"floor":24,"key":"Orichalcum"},{"floor":26,"key":"Happy Flower"},{"floor":27,"key":"Lantern"},{"floor":27,"key":"Art of War"},{"floor":28,"key":"Molten Egg 2"},{"floor":28,"key":"Sundial"},{"floor":29,"key":"Toxic Egg 2"},{"floor":29,"key":"Frozen Egg 2"},{"floor":30,"key":"Dream Catcher"},{"floor":30,"key":"Pear"},{"floor":31,"key":"Bag of Marbles"},{"floor":31,"key":"Whetstone"},{"floor":40,"key":"Nunchaku"},{"floor":40,"key":"Bottled Flame"},{"floor":42,"key":"Thread and Needle"},{"floor":42,"key":"Regal Pillow"},{"floor":43,"key":"Question Card"},{"floor":44,"key":"Tough Bandages"},{"floor":44,"key":"CeramicFish"},{"floor":47,"key":"White Beast Statue"},{"floor":47,"key":"Bronze Scales"},{"floor":48,"key":"Singing Bowl"},{"floor":48,"key":"Kunai"},{"floor":55,"key":"Gremlin Horn"},{"floor":55,"key":"HornCleat"}],"event_choices":[{"cards_removed":["Pain"],"damage_healed":0,"gold_gain":0,"player_choice":"Gave Gold","damage_taken":0,"max_hp_gain":0,"max_hp_loss":0,"event_name":"Beggar","floor":20,"gold_loss":75},{"damage_healed":0,"gold_gain":0,"player_choice":"Cursed","damage_taken":0,"max_hp_gain":0,"max_hp_loss":0,"event_name":"Wheel of Change","floor":38,"gold_loss":0,"cards_obtained":["Decay"]}],"is_beta":false,"boss_relics":[{"not_picked":["Tiny House","SacredBark"],"picked":"Black Star"},{"not_picked":["Runic Dome","SlaversCollar"],"picked":"Coffee Dripper"}],"items_purged_floors":[21,37,45],"is_endless":false,"potions_floor_spawned":[1,3,7,8,14,19,24,27,30,31,36,40,44,47,48,55],"ascension_level":20}}