{"host":"v0byp44r5syn346h","time":1613189494,"event":{"mods":["2.2 Compatiblity","AchievementEnabler","Act Like it!","AlwaysNeverKeys","Aspiration","BaseMod","Bestiary","Better Altar","Better Match","Better Note","Better Sensory Stone","Better Skull","Better Third Choice","Better Vampires","BetterRewards","Card Filter","Colored Map","Colored Powertips","Conspire","Defuse TimeMaze Blight","Displayed Cursed Tome","Downfall","Friendly Minions","Gremlin Skip","Halation","Hallownest","Highlight Path","Hubris","Infinite Spire","Minty Spire (QoL Compilation)","Monster B Gone","Pale of the Ancients","Quarter Circle Forward PUNCH!","Quick Restart","Random Character Button","Rare Cards Sparkle","Relic Filter","Relic Stats","Reliquary","Reorder Act Four","Replay The Spire","Reworked Bosses","Shop Mod","Spicy Shops","Spikes Relics","StSLib","SuperFastMode","The Blue Laboratory","The Construct","Thieving Mod","Trackpad","Unknown Chances","egg"],"gold_per_floor":[113,263,338,47,59,88,102,131,131,131,131,150,150,162,162,238,238,249,199,213,230,245,245,264,295,295,295,295,295,327,347,262,336,336,347,347,397,136,151,185,198,198,198,198,198,198,233,262,262,262,277,290,290,129,129,140,140,55,55,55,55],"floor_reached":60,"language":"ENG","playtime":1817,"items_purged":["Strike_P","Defend_P","Doubt","Regret"],"score":2092,"play_id":"8e0495b1-7196-4ddc-bde0-72892ccc2d5e","local_time":"20210213051134","is_ascension_mode":true,"campfire_choices":[{"floor":13,"key":"REST"},{"data":"Strike_P","floor":13,"key":"SMITH"},{"floor":15,"key":"REST"},{"floor":23,"key":"REST"},{"floor":27,"key":"REST"},{"floor":29,"key":"REST"},{"floor":45,"key":"REST"},{"floor":49,"key":"REST"},{"floor":55,"key":"REST"},{"floor":57,"key":"REST"}],"circlet_count":0,"master_deck":["AscendersBane","Strike_P+1","Strike_P+1","Defend_P+1","Defend_P+1","Defend_P+1","Eruption+1","Vigilance+1","TalkToTheHand+1","CutThroughFate+1","Wallop+1","Brilliance+1","Wireheading+1","Blasphemy+1","Wallop+1","Weave+1","FlurryOfBlows+1","hubris:Rewind+1","Nirvana+1","DevaForm+1","FlurryOfBlows+1"],"relics":["PureWater","infinitespire:Magic Flask","qcfpunch:Fighting_Gloves","Replay:Kaleidoscope","hubris:Spice","Molten Egg 2","Guardian:PocketSentry","Regal Pillow","aspiration:DSix","halation:EternalFortune","construct:ClawGrip","Akabeko","StrikeDummy","Bag of Marbles","Bag of Preparation","Darkstone Periapt","CrustySpines","paleoftheancients:Timepiece","paleoftheancients:KeyRelic","Anchor","Sozu","Bronze Scales","halation:PinkSoulGem","trackpad:AdjectivePendant","paleoftheancients:SoulOfTheHexaghost","SpikesRelics:DaevaFist","hubris:NiceRug"],"acts_visited":["Exordium","TheCity","TheBeyond","TheBeyond"],"potions_floor_usage":[21],"damage_taken":[{"damage":0,"enemies":"Small Slimes","floor":1,"turns":2},{"damage":0,"enemies":"Jaw Worm","floor":5,"turns":2},{"damage":6,"enemies":"Gremlin Nob","floor":6,"turns":3},{"damage":2,"enemies":"2 Louse","floor":7,"turns":2},{"damage":5,"enemies":"3 Sentries","floor":8,"turns":4},{"damage":0,"enemies":"Large Slime","floor":12,"turns":2},{"damage":0,"enemies":"Exordium Wildlife","floor":14,"turns":3},{"damage":43,"enemies":"Hexaghost","floor":16,"turns":6},{"damage":13,"enemies":"3 Byrds","floor":18,"turns":5},{"damage":0,"enemies":"Spheric Guardian","floor":20,"turns":3},{"damage":0,"enemies":"Snecko","floor":21,"turns":3},{"damage":15,"enemies":"Snake Plant","floor":22,"turns":5},{"damage":0,"enemies":"Shelled Parasite and Fungi","floor":24,"turns":4},{"damage":0,"enemies":"Replay:Snechameleon","floor":25,"turns":4},{"damage":15,"enemies":"Book of Stabbing","floor":30,"turns":3},{"damage":15,"enemies":"Chosen and Byrds","floor":31,"turns":2},{"damage":18,"enemies":"Champ","floor":33,"turns":7},{"damage":0,"enemies":"Orb Walker","floor":35,"turns":2},{"damage":0,"enemies":"3 Shapes","floor":39,"turns":1},{"damage":49,"enemies":"R_Hoarder","floor":40,"turns":6},{"damage":0,"enemies":"Maw","floor":41,"turns":5},{"damage":0,"enemies":"conspire:MimicChest","floor":47,"turns":2},{"damage":0,"enemies":"Nightmare","floor":48,"turns":8},{"damage":26,"enemies":"bossMod:newShapes","floor":50,"turns":5},{"damage":23,"enemies":"bossMod:newShapes","floor":51,"turns":4},{"damage":4,"enemies":"bossMod:newShapes","floor":52,"turns":6},{"damage":11,"enemies":"bossMod:newShapes","floor":56,"turns":8},{"damage":0,"enemies":"hubris:Merchant","floor":58,"turns":4},{"damage":120,"enemies":"paleoftheancients:N","floor":60,"turns":7}],"seed_played":"-6954550207458832845","potions_obtained":[{"floor":5,"key":"hexamod:SoulburnPotion"},{"floor":22,"key":"FearPotion"},{"floor":33,"key":"FairyPotion"}],"is_trial":false,"path_per_floor":["M","?","?","$","M","E","M","E","T","?","?","M","R","M","R","B",null,"M","?","M","M","M","R","M","E","T","R","?","R","E","M","R_BF","B",null,"M","?","?","$","M","E","M","?","T","?","R","T","?","NM","R","B","M","M","?","$","R","M","R","$","?","B"],"character_chosen":"WATCHER","items_purchased":["infinitespire:Magic Flask","qcfpunch:Fighting_Gloves","Molten Egg 2","TalkToTheHand+1","Guardian:PocketSentry","Darkstone Periapt","trackpad:AdjectivePendant","SpikesRelics:DaevaFist"],"campfire_rested":9,"item_purchase_floors":[0,0,0,0,4,38,54,58],"current_hp_per_floor":[27,27,16,16,16,10,8,3,3,6,6,6,44,44,79,36,68,55,55,55,55,40,78,78,81,89,90,90,90,75,60,60,42,66,66,49,49,55,58,9,9,9,9,9,44,44,44,44,51,45,44,46,46,46,49,47,47,7,7,0,0],"gold":55,"neow_bonus":"","is_daily":false,"chose_seed":false,"campfire_upgraded":1,"win_rate":0.0,"timestamp":1613189494,"path_taken":["M","?","?","$","M","E","M","E","T","?","?","?","R","M","R","BOSS","M","?","M","M","M","R","M","E","T","R","?","R","E","M","R_BF","BOSS","M","?","?","$","?","E","M","?","T","?","R","?","?","NM","R","BOSS","M","M","?","$","R","M","R","$","?","BOSS"],"items_purchased_type":["Relic","Relic","Relic","Card","Relic","Relic","Relic","Relic"],"build_version":"2020-12-22","purchased_purges":4,"victory":false,"max_hp_per_floor":[76,76,76,76,76,76,76,76,76,79,79,79,79,79,79,79,79,79,79,79,79,79,79,79,82,90,90,90,90,90,90,90,82,74,74,74,74,80,83,75,75,75,67,67,67,59,51,51,51,51,49,49,49,49,49,47,47,7,7,7,7],"relic_stats":{"Darkstone Periapt":18,"Sozu":1,"Regal Pillow":57,"counters":[123,477],"Bronze Scales":[203],"Bag of Preparation":[31],"obtain_stats":[{"trackpad:Mousetrap":14,"Hallownest:UnbreakableCardRelic":22,"halation:Komachan":29,"qcfpunch:Red_Beret":23,"Whetstone":0,"Ginger":0,"AdjustmentMirror":10,"Boot":20,"trackpad:SneckoScepter":0,"Replay:Ringing Soul":27,"HandDrill":58,"Kunai":5,"trackpad:AdjectivePendant":46,"aspiration:DSix":9,"MerchantsRug":39,"construct:RocketBooster":0,"ReplayTheSpireMod:SealedPack":17,"Guardian:PocketSentry":0,"infinitespire:Magic Flask":0,"Akabeko":58,"qcfpunch:Broken_Tusk":28,"Hallownest:BankAccountRelic":13,"qcfpunch:School_Backpack":29,"hubris:TenFootPole":0,"StrikeDummy":0,"paleoftheancients:SoulOfTheShowman":52,"Lantern":25,"aspiration:Lifesprig":12,"Regal Pillow":8,"reliquary:SilkGlove":0,"sneckomod:BlankCard":9,"Painkiller Herb":34,"halation:TrafficLight":0,"Rawhide":25,"Bag of Preparation":32,"Ancient Tea Set":26,"Pet Ghost":14,"qcfpunch:Wild_Herbs_Ointment":11,"conspire:InfiniteJournal":0,"hubris:Backtick":0,"trackpad:RapidFire":10,"infinitespire:Bottled Soul":42,"Ring of Peace":2,"reliquary:Buckler":58,"hubris:FunFungus":0,"halation:Toothbrush":26,"Chemical X":0,"trackpad:GuardianSpirit":2,"Lee\u0027s Waffle":7,"construct:ClawGrip":17,"Damaru":12,"champ:DeflectingBracers":0,"PreservedInsect":26,"aspiration:RandomNobGenerator":17,"reliquary:RosewoodLute":14,"Frozen Egg 2":45,"bronze:BronzeIdol":0,"hubris:Spice":0,"Ring of Misfortune":2,"ExplosiveVial":28,"Durian":0,"SpikesRelics:DaevaFist":25,"halation:PinkSoulGem":53,"champ:DuelingGlove":0,"reliquary:FeatherDuster":2,"Vajra":32,"conspire:SeveredTorchhead":17,"Sozu":50,"halation:PrussianBluePaint":25,"Honey Jar":34,"paleoftheancients:KeyRelic":50,"hubris:DuctTape":29,"conspire:Boomerang":0,"Replay:Kaleidoscope":0,"hubris:Zylophone":9,"paleoftheancients:Timepiece":50,"Replay:Baseball":37,"Bronze Scales":43,"Onion Ring":5,"Molten Egg 2":0,"reliquary:BallBearing":40,"CrustySpines":48,"Darkstone Periapt":38,"Hallownest:StagBellRelic1":4,"trackpad:PetRock":25,"Yang":9,"Juzu Bracelet":0,"Incense Burner":6,"aspiration:StickyExplosives_weak":43,"trackpad:Coffee":17,"CogitoBucket":0,"TheAbacus":39,"Pantograph":58,"halation:LettersToHer":31,"Gremlin Food":6,"BargainBundle":0,"ReplayTheSpireMod:Ninjato":58,"Guide Book":0,"paleoftheancients:SoulOfTheHexaghost":56,"aspiration:HummingbirdHeart":0,"Odd Mushroom":10,"Anchor":0,"qcfpunch:Fighting_Gloves":0,"halation:EternalFortune":10,"Bag of Marbles":30,"PureWater":0,"hubris:NiceRug":58},{"trackpad:Mousetrap":20,"Hallownest:UnbreakableCardRelic":23,"halation:Komachan":26,"qcfpunch:Red_Beret":24,"Whetstone":28,"Ginger":66,"AdjustmentMirror":7,"Boot":22,"trackpad:SneckoScepter":28,"Replay:Ringing Soul":25,"HandDrill":65,"Kunai":31,"trackpad:AdjectivePendant":92,"aspiration:DSix":99,"MerchantsRug":54,"construct:RocketBooster":13,"ReplayTheSpireMod:SealedPack":11,"Guardian:PocketSentry":28,"infinitespire:Magic Flask":94,"Akabeko":65,"qcfpunch:Broken_Tusk":26,"Hallownest:BankAccountRelic":20,"qcfpunch:School_Backpack":48,"hubris:TenFootPole":13,"StrikeDummy":13,"paleoftheancients:SoulOfTheShowman":63,"Lantern":24,"aspiration:Lifesprig":71,"Regal Pillow":99,"reliquary:SilkGlove":13,"sneckomod:BlankCard":19,"Painkiller Herb":51,"halation:TrafficLight":66,"Rawhide":79,"Bag of Preparation":110,"Ancient Tea Set":79,"Pet Ghost":10,"qcfpunch:Wild_Herbs_Ointment":8,"conspire:InfiniteJournal":66,"hubris:Backtick":13,"trackpad:RapidFire":35,"infinitespire:Bottled Soul":89,"Ring of Peace":67,"reliquary:Buckler":65,"hubris:FunFungus":28,"halation:Toothbrush":46,"Chemical X":13,"trackpad:GuardianSpirit":2,"Lee\u0027s Waffle":5,"construct:ClawGrip":102,"Damaru":37,"champ:DeflectingBracers":13,"PreservedInsect":24,"aspiration:RandomNobGenerator":74,"reliquary:RosewoodLute":39,"Frozen Egg 2":57,"bronze:BronzeIdol":66,"hubris:Spice":94,"Ring of Misfortune":67,"ExplosiveVial":79,"Durian":13,"SpikesRelics:DaevaFist":46,"halation:PinkSoulGem":120,"champ:DuelingGlove":13,"reliquary:FeatherDuster":15,"Vajra":50,"conspire:SeveredTorchhead":40,"Sozu":118,"halation:PrussianBluePaint":24,"Honey Jar":83,"paleoftheancients:KeyRelic":61,"hubris:DuctTape":26,"conspire:Boomerang":13,"Replay:Kaleidoscope":94,"hubris:Zylophone":5,"paleoftheancients:Timepiece":61,"Replay:Baseball":86,"Bronze Scales":55,"Onion Ring":68,"Molten Egg 2":94,"reliquary:BallBearing":88,"CrustySpines":117,"Darkstone Periapt":112,"Hallownest:StagBellRelic1":16,"trackpad:PetRock":24,"Yang":69,"Juzu Bracelet":13,"Incense Burner":18,"aspiration:StickyExplosives_weak":89,"trackpad:Coffee":21,"CogitoBucket":0,"TheAbacus":54,"Pantograph":65,"halation:LettersToHer":82,"Gremlin Food":5,"BargainBundle":13,"ReplayTheSpireMod:Ninjato":65,"Guide Book":13,"paleoftheancients:SoulOfTheHexaghost":121,"aspiration:HummingbirdHeart":28,"Odd Mushroom":19,"Anchor":66,"qcfpunch:Fighting_Gloves":94,"halation:EternalFortune":99,"Bag of Marbles":109,"PureWater":0,"hubris:NiceRug":65},{"trackpad:Mousetrap":95,"Hallownest:UnbreakableCardRelic":106,"halation:Komachan":120,"qcfpunch:Red_Beret":110,"Whetstone":123,"Ginger":280,"AdjustmentMirror":33,"Boot":104,"trackpad:SneckoScepter":123,"Replay:Ringing Soul":116,"HandDrill":272,"Kunai":136,"trackpad:AdjectivePendant":356,"aspiration:DSix":373,"MerchantsRug":242,"construct:RocketBooster":76,"ReplayTheSpireMod:SealedPack":73,"Guardian:PocketSentry":123,"infinitespire:Magic Flask":360,"Akabeko":272,"qcfpunch:Broken_Tusk":120,"Hallownest:BankAccountRelic":95,"qcfpunch:School_Backpack":216,"hubris:TenFootPole":76,"StrikeDummy":76,"paleoftheancients:SoulOfTheShowman":264,"Lantern":110,"aspiration:Lifesprig":293,"Regal Pillow":373,"reliquary:SilkGlove":76,"sneckomod:BlankCard":93,"Painkiller Herb":231,"halation:TrafficLight":280,"Rawhide":321,"Bag of Preparation":412,"Ancient Tea Set":321,"Pet Ghost":62,"qcfpunch:Wild_Herbs_Ointment":40,"conspire:InfiniteJournal":280,"hubris:Backtick":76,"trackpad:RapidFire":161,"infinitespire:Bottled Soul":342,"Ring of Peace":284,"reliquary:Buckler":272,"hubris:FunFungus":123,"halation:Toothbrush":207,"Chemical X":76,"trackpad:GuardianSpirit":8,"Lee\u0027s Waffle":23,"construct:ClawGrip":384,"Damaru":172,"champ:DeflectingBracers":76,"PreservedInsect":110,"aspiration:RandomNobGenerator":302,"reliquary:RosewoodLute":181,"Frozen Egg 2":249,"bronze:BronzeIdol":280,"hubris:Spice":360,"Ring of Misfortune":284,"ExplosiveVial":321,"Durian":76,"SpikesRelics:DaevaFist":207,"halation:PinkSoulGem":458,"champ:DuelingGlove":76,"reliquary:FeatherDuster":82,"Vajra":222,"conspire:SeveredTorchhead":183,"Sozu":448,"halation:PrussianBluePaint":110,"Honey Jar":330,"paleoftheancients:KeyRelic":258,"hubris:DuctTape":120,"conspire:Boomerang":76,"Replay:Kaleidoscope":360,"hubris:Zylophone":23,"paleoftheancients:Timepiece":258,"Replay:Baseball":335,"Bronze Scales":244,"Onion Ring":287,"Molten Egg 2":360,"reliquary:BallBearing":340,"CrustySpines":443,"Darkstone Periapt":421,"Hallownest:StagBellRelic1":85,"trackpad:PetRock":110,"Yang":288,"Juzu Bracelet":76,"Incense Burner":89,"aspiration:StickyExplosives_weak":342,"trackpad:Coffee":101,"CogitoBucket":0,"TheAbacus":242,"Pantograph":272,"halation:LettersToHer":328,"Gremlin Food":23,"BargainBundle":76,"ReplayTheSpireMod:Ninjato":272,"Guide Book":76,"paleoftheancients:SoulOfTheHexaghost":466,"aspiration:HummingbirdHeart":123,"Odd Mushroom":93,"Anchor":280,"qcfpunch:Fighting_Gloves":360,"halation:EternalFortune":373,"Bag of Marbles":410,"PureWater":0,"hubris:NiceRug":272}]},"card_choices":[{"not_picked":["FollowUp+1","LikeWater"],"picked":"CutThroughFate+1","floor":1},{"not_picked":["Replay:AtTheReady","Replay:BluntJabs+1"],"picked":"Wallop+1","floor":5},{"not_picked":["Crescendo","JustLucky+1"],"picked":"Brilliance+1","floor":6},{"not_picked":["PathToVictory","JustLucky+1","Wireheading"],"picked":"SKIP","floor":7},{"not_picked":["Replay:DivineShield","Conclude+1","Fasting2"],"picked":"SKIP","floor":8},{"not_picked":["DeceiveReality","Nirvana"],"picked":"Wireheading","floor":12},{"not_picked":["Crescendo","Protect","Replay:AtTheReady"],"picked":"SKIP","floor":14},{"not_picked":["LessonLearned+1","Devotion"],"picked":"Blasphemy","floor":16},{"not_picked":["Halt","Wireheading","Replay:BluntJabs+1"],"picked":"SKIP","floor":18},{"not_picked":["CrushJoints+1","Pray","Fasting2"],"picked":"SKIP","floor":20},{"not_picked":["BowlingBash+1","FollowUp+1","Meditate"],"picked":"SKIP","floor":21},{"not_picked":["Crescendo","DeceiveReality"],"picked":"Wallop+1","floor":22},{"not_picked":["BowlingBash+1","ClearTheMind","EmptyFist+1"],"picked":"SKIP","floor":24},{"not_picked":["FlyingSleeves+1","CrushJoints+1"],"picked":"Weave+1","floor":25},{"not_picked":["Replay:DivineShield","JustLucky+1","InnerPeace"],"picked":"SKIP","floor":30},{"not_picked":["Replay:BluntJabs+1","Worship","Protect"],"picked":"SKIP","floor":31},{"not_picked":["Replay:LoomingThreat","LessonLearned+1"],"picked":"hubris:SpiceAddiction","floor":33},{"not_picked":["Pray","Replay:BluntJabs+1"],"picked":"FlurryOfBlows+1","floor":35},{"not_picked":["infinitespire:Punishment","Replay:Fractal Strike"],"picked":"hubris:Rewind","floor":36},{"not_picked":["Wallop+1","Study","ForeignInfluence"],"picked":"SKIP","floor":39},{"not_picked":["Replay:ManipulateFuture","Consecrate+1","FollowUp+1"],"picked":"SKIP","floor":40},{"not_picked":["ClearTheMind+1","Meditate"],"picked":"Nirvana+1","floor":41},{"not_picked":["FlurryOfBlows+1","SashWhip+1"],"picked":"DevaForm","floor":47},{"not_picked":["Replay:Battleflow","CrushJoints+1","SashWhip+1"],"picked":"SKIP","floor":48},{"not_picked":["EmptyBody","InnerPeace"],"picked":"hubris:SpiceAddiction","floor":51},{"not_picked":["Crescendo+1","Indignation"],"picked":"FlurryOfBlows+1","floor":52},{"not_picked":["SandsOfTime+1","BowlingBash+1"],"picked":"hubris:SpiceAddiction","floor":56},{"not_picked":["SignatureMove+1"],"picked":"SKIP","floor":58},{"not_picked":["EmptyFist+1"],"picked":"SKIP","floor":58},{"not_picked":["Indignation"],"picked":"SKIP","floor":58},{"not_picked":["ThirdEye"],"picked":"SKIP","floor":58},{"not_picked":["BattleHymn"],"picked":"SKIP","floor":58},{"not_picked":["PlatinumSkin"],"picked":"SKIP","floor":58},{"not_picked":["Magnetism"],"picked":"SKIP","floor":58}],"player_experience":869043,"relics_obtained":[{"floor":6,"key":"hubris:Zylophone"},{"floor":8,"key":"Regal Pillow"},{"floor":9,"key":"aspiration:DSix"},{"floor":25,"key":"halation:EternalFortune"},{"floor":25,"key":"Akabeko"},{"floor":26,"key":"hubris:Spice"},{"floor":30,"key":"Bag of Marbles"},{"floor":39,"key":"halation:EternalFortune"},{"floor":40,"key":"hubris:Spice"},{"floor":43,"key":"hubris:Spice"},{"floor":46,"key":"hubris:Spice"},{"floor":47,"key":"hubris:Spice"},{"floor":48,"key":"CrustySpines"},{"floor":56,"key":"paleoftheancients:SoulOfTheHexaghost"},{"floor":58,"key":"hubris:Spice"},{"floor":58,"key":"hubris:Spice"},{"floor":58,"key":"hubris:Spice"},{"floor":58,"key":"hubris:Spice"},{"floor":58,"key":"hubris:Spice"}],"event_choices":[{"damage_healed":0,"gold_gain":150,"player_choice":"AGREE","damage_taken":113,"max_hp_gain":0,"max_hp_loss":0,"event_name":"betterThird:BetterSerpent","floor":2,"gold_loss":0},{"damage_healed":0,"gold_gain":75,"player_choice":"Gold","damage_taken":11,"max_hp_gain":0,"max_hp_loss":0,"event_name":"betterThird:BetterGoop","floor":3,"gold_loss":0},{"damage_healed":0,"gold_gain":0,"player_choice":"Bet on Murderer","damage_taken":0,"max_hp_gain":0,"max_hp_loss":0,"event_name":"The Joust","floor":19,"gold_loss":50},{"damage_healed":0,"gold_gain":0,"player_choice":"Gave Potion","damage_taken":0,"relics_obtained":["StrikeDummy"],"max_hp_gain":0,"max_hp_loss":0,"event_name":"WeMeetAgain","floor":28,"gold_loss":0},{"damage_healed":0,"gold_gain":0,"player_choice":"Obtained Relic","damage_taken":0,"relics_obtained":["Bag of Preparation"],"max_hp_gain":0,"max_hp_loss":0,"event_name":"Addict","floor":32,"gold_loss":85},{"damage_healed":0,"gold_gain":50,"player_choice":"Pray","damage_taken":0,"max_hp_gain":0,"max_hp_loss":0,"event_name":"Golden Shrine","floor":37,"gold_loss":0},{"cards_removed":["Strike_P"],"damage_healed":0,"gold_gain":0,"player_choice":"Removed Attack","damage_taken":0,"max_hp_gain":0,"max_hp_loss":0,"event_name":"Falling","floor":42,"gold_loss":0}],"is_beta":false,"boss_relics":[{"not_picked":["qcfpunch:Dark_Gi","qcfpunch:Killian_Engine_Alpha"],"picked":"construct:ClawGrip"},{"not_picked":["hubris:Spice","hubris:Spice"],"picked":"hubris:Spice"}],"items_purged_floors":[0,0,4,38],"is_endless":false,"potions_floor_spawned":[5,8,14,16,18,22,24,25,33,35,39,41,52],"killed_by":"paleoftheancients:N","ascension_level":16}}