{"host":"ekyl8r8j8fco3zlk","time":1613238751,"event":{"mods":["Act Like it!","Arknights","BaseMod","CapriCore","Decade(王小明)","Dota2Spire","Friendly Minions","Gensokyo","Marisa（F雨　魔理沙）","Minty Spire (QoL Compilation)","READ ME - Guardian Mod","Rare Cards Sparkle","Reimu（博丽灵梦）","StSLib","The Alterego","The Immortal","The Jungle","The Senshi","TheWitcher","Waifu the Spire","WarShipGirlsR/战舰少女R mod","Yakumo Yukari mod","【遗物卡牌】REMEMod"],"gold_per_floor":[111,411,422,442,407,407,433,445,445,445,456,456,14,28,28,123,123,139,151,57,156,156,156,190,190,213,213,226,226,261,271,271,373,373,387,387,437,12,12,47,47,72,72,72,99,99,130,147,147,147],"floor_reached":51,"language":"ZHS","playtime":1507,"items_purged":["Defend_P"],"score":899,"play_id":"95251984-573b-4dd7-8831-9d1af48f0f38","local_time":"20210214015231","is_ascension_mode":false,"campfire_choices":[{"data":"MentalFortress","floor":6.0,"key":"SMITH"},{"data":"Eruption","floor":10.0,"key":"SMITH"},{"data":"FlurryOfBlows","floor":15.0,"key":"SMITH"},{"data":"REME_Repentance","floor":23.0,"key":"SMITH"},{"floor":25.0,"key":"REST"},{"floor":29.0,"key":"REST"},{"floor":32.0,"key":"REST"},{"data":"ForeignInfluence","floor":44.0,"key":"SMITH"},{"floor":46,"key":"REST"},{"data":"Prostrate","floor":49,"key":"SMITH"}],"circlet_count":0,"master_deck":["Strike_P","Strike_P+1","Strike_P","Strike_P+1","Defend_P","Eruption+1","Vigilance+1","Seek","MentalFortress+1","PathToVictory","EmptyFist","Devotion+1","PathToVictory","FlurryOfBlows+1","Prostrate+1","LessonLearned+1","ReachHeaven+1","REME_Repentance+1","Conclude","Evaluate+1","CurseOfTheBell","Writhe","EmptyBody+1","Blasphemy+1","ForeignInfluence+1","FollowUp+1"],"relics":["PureWater","REME_ComplimentaryCards","Mastiff:ReiMu","Old Coin","Shuriken","HornCleat","RuthlessExorcism:ReiMu","Damaru","Dota2Spire:DivineRapier","Busted Crown","Ice Cream","Lantern","Du-Vu Doll","Orichalcum","Calling Bell","Dota2Spire:PhaseBoots","Meat on the Bone","TungstenRod","WingedGreaves","Yang","Centennial Puzzle","theSenshi:FeatherClipsRelic","Letter Opener","Art of War"],"acts_visited":["Exordium","TheCity","TheBeyond"],"potions_floor_usage":[47,50,50,50],"damage_taken":[{"damage":0.0,"enemies":"ats:Genji","floor":1.0,"turns":3.0},{"damage":4.0,"enemies":"2 Louse","floor":3.0,"turns":3.0},{"damage":0.0,"enemies":"Cultist","floor":4.0,"turns":4.0},{"damage":26.0,"enemies":"Gremlin Nob","floor":7.0,"turns":4.0},{"damage":19.0,"enemies":"2 Fungi Beasts","floor":8.0,"turns":3.0},{"damage":2.0,"enemies":"Blue Slaver","floor":11.0,"turns":3.0},{"damage":0.0,"enemies":"Exordium Wildlife","floor":14.0,"turns":2.0},{"damage":15.0,"enemies":"Slime Boss","floor":16.0,"turns":4.0},{"damage":0.0,"enemies":"Spheric Guardian","floor":18.0,"turns":2.0},{"damage":10.0,"enemies":"3 Byrds","floor":19.0,"turns":2.0},{"damage":60.0,"enemies":"REME_1_Revenger","floor":24.0,"turns":4.0},{"damage":9.0,"enemies":"Centurion and Healer","floor":28.0,"turns":3.0},{"damage":12.0,"enemies":"Book of Stabbing","floor":30.0,"turns":3.0},{"damage":0.0,"enemies":"Snecko","floor":31.0,"turns":3.0},{"damage":16.0,"enemies":"Automaton","floor":33.0,"turns":5.0},{"damage":4.0,"enemies":"Orb Walker","floor":35.0,"turns":2.0},{"damage":53.0,"enemies":"2 Orb Walkers","floor":37.0,"turns":4.0},{"damage":20.0,"enemies":"Giant Head","floor":40.0,"turns":4.0},{"damage":23.0,"enemies":"Reptomancer","floor":42.0,"turns":4.0},{"damage":0,"enemies":"Nemesis","floor":45,"turns":1},{"damage":0,"enemies":"Reptomancer","floor":47,"turns":2},{"damage":2,"enemies":"3 Shapes","floor":48,"turns":1},{"damage":31,"enemies":"Awakened One","floor":50,"turns":6}],"seed_played":"4772785933676060563","potions_obtained":[{"floor":1.0,"key":"GamblersBrew"},{"floor":3.0,"key":"Dexterity Potion"},{"floor":14.0,"key":"LiquidBronze"},{"floor":19.0,"key":"PowerPotion"},{"floor":24.0,"key":"LiquidBronze"},{"floor":31.0,"key":"ColorlessPotion"},{"floor":33.0,"key":"StancePotion"},{"floor":45,"key":"AttackPotion"},{"floor":47,"key":"Weak Potion"},{"floor":48,"key":"SkillPotion"}],"is_trial":false,"path_per_floor":["M","?","M","M","?","R","E","M","T","R","M","?","$","M","R","B",null,"M","M","$","?","?","R","E","R","T","T","M","R","E","M","R","B",null,"M","?","?","$","?","E","?","E","T","R","E","R","E","M","R","B",null],"character_chosen":"WATCHER","items_purchased":["Damaru","Dota2Spire:DivineRapier","REME_Repentance","Conclude","Yang","Dota2Spire:HealingSalve","BottledMiracle"],"campfire_rested":4,"item_purchase_floors":[13,13,20,20,38,38,38],"current_hp_per_floor":[72,60,56,56,72,72,46,27,27,27,25,25,25,25,25,10,72,72,62,62,62,62,62,2,23,23,23,14,35,23,23,44,28,72,68,72,31,31,31,26,26,15,15,15,33,54,60,64,64,72],"gold":147,"neow_bonus":"RANDOM_COMMON_RELIC","is_daily":false,"chose_seed":false,"campfire_upgraded":6,"win_rate":0.0,"timestamp":1613238751,"path_taken":["M","?","M","M","?","R","E","M","T","R","M","?","$","M","R","BOSS","M","M","$","?","?","R","E","R","T","?","?","R","E","M","R","BOSS","M","?","?","$","?","E","?","E","T","R","E","R","E","?","R","BOSS"],"items_purchased_type":["Relic","Relic","Card","Card","Relic","Potion","Potion"],"build_version":"2020-12-22","purchased_purges":1,"victory":true,"max_hp_per_floor":[72,72,72,72,72,72,72,72,72,72,72,72,72,72,72,72,72,72,72,72,72,72,72,72,72,72,72,72,72,72,72,72,72,72,72,72,72,72,72,72,72,72,72,72,72,72,72,72,72,72],"card_choices":[{"not_picked":["Wallop","Vengeance"],"picked":"MentalFortress","floor":1.0},{"not_picked":["BowlingBash","Conclude"],"picked":"PathToVictory","floor":3.0},{"not_picked":["Meditate","PathToVictory"],"picked":"EmptyFist","floor":4.0},{"not_picked":["Crescendo","EmptyFist"],"picked":"Devotion","floor":7.0},{"not_picked":["Crescendo","EmptyFist"],"picked":"PathToVictory","floor":8.0},{"not_picked":["Worship","ClearTheMind"],"picked":"FlurryOfBlows","floor":11.0},{"not_picked":["PathToVictory","CutThroughFate"],"picked":"Prostrate","floor":14.0},{"not_picked":["SpiritShield","Omniscience"],"picked":"LessonLearned","floor":16.0},{"not_picked":[],"picked":"ReachHeaven+1","floor":18.0},{"not_picked":["WaveOfTheHand+1"],"picked":"SKIP","floor":19.0},{"not_picked":["Collect"],"picked":"SKIP","floor":24.0},{"not_picked":[],"picked":"Evaluate+1","floor":28.0},{"not_picked":["Conclude+1"],"picked":"SKIP","floor":30.0},{"not_picked":["REME_Repentance"],"picked":"SKIP","floor":31.0},{"not_picked":["REME_Repentance+1"],"picked":"SKIP","floor":35.0},{"not_picked":[],"picked":"EmptyBody","floor":40.0},{"not_picked":[],"picked":"ForeignInfluence","floor":42.0},{"not_picked":["MentalFortress"],"picked":"SKIP","floor":45},{"not_picked":["ClearTheMind"],"picked":"SKIP","floor":47},{"not_picked":[],"picked":"FollowUp+1","floor":48}],"player_experience":615238,"relics_obtained":[{"floor":7.0,"key":"Shuriken"},{"floor":9.0,"key":"HornCleat"},{"floor":24.0,"key":"Ice Cream"},{"floor":26.0,"key":"Lantern"},{"floor":27.0,"key":"Du-Vu Doll"},{"floor":30.0,"key":"Orichalcum"},{"floor":34.0,"key":"Dota2Spire:PhaseBoots"},{"floor":34.0,"key":"Meat on the Bone"},{"floor":34.0,"key":"TungstenRod"},{"floor":37.0,"key":"WingedGreaves"},{"floor":40.0,"key":"Centennial Puzzle"},{"floor":42.0,"key":"theSenshi:FeatherClipsRelic"},{"floor":43.0,"key":"Letter Opener"},{"floor":45,"key":"Art of War"}],"event_choices":[{"damage_healed":0.0,"max_hp_gain":0.0,"max_hp_loss":0.0,"gold_gain":0.0,"event_name":"Scrap Ooze","player_choice":"Success","floor":2.0,"gold_loss":0.0,"damage_taken":12.0,"relics_obtained":["Old Coin"]},{"damage_healed":18.0,"max_hp_gain":0.0,"max_hp_loss":0.0,"gold_gain":0.0,"event_name":"The Cleric","player_choice":"Healed","floor":5.0,"gold_loss":35.0,"damage_taken":0.0},{"damage_healed":0.0,"max_hp_gain":0.0,"max_hp_loss":0.0,"gold_gain":0.0,"event_name":"WeMeetAgain","player_choice":"Gave Potion","floor":12.0,"gold_loss":0.0,"damage_taken":0.0,"relics_obtained":["RuthlessExorcism:ReiMu"]},{"damage_healed":0.0,"max_hp_gain":0.0,"max_hp_loss":0.0,"gold_gain":99.0,"event_name":"Nest","player_choice":"Stole From Cult","floor":21.0,"gold_loss":0.0,"damage_taken":0.0},{"damage_healed":0.0,"max_hp_gain":0.0,"max_hp_loss":0.0,"gold_gain":0.0,"event_name":"Ghosts","player_choice":"Ignored","floor":22.0,"gold_loss":0.0,"damage_taken":0.0},{"damage_healed":18.0,"max_hp_gain":0.0,"max_hp_loss":0.0,"gold_gain":0.0,"event_name":"Winding Halls","player_choice":"Writhe","floor":36.0,"gold_loss":0.0,"damage_taken":0.0,"cards_obtained":["Writhe"]},{"damage_healed":0.0,"max_hp_gain":0.0,"max_hp_loss":0.0,"gold_gain":0.0,"event_name":"Mysterious Sphere","player_choice":"Fight","floor":37.0,"gold_loss":0.0,"damage_taken":0.0},{"cards_removed":["Defend_P"],"damage_healed":0.0,"max_hp_gain":0.0,"max_hp_loss":0.0,"gold_gain":0.0,"event_name":"Falling","player_choice":"Removed Skill","floor":39.0,"gold_loss":0.0,"damage_taken":0.0},{"damage_healed":0.0,"max_hp_gain":0.0,"max_hp_loss":0.0,"gold_gain":0.0,"cards_transformed":["Defend_P"],"event_name":"Transmorgrifier","player_choice":"Transformed","floor":41.0,"gold_loss":0.0,"damage_taken":0.0,"cards_obtained":["Blasphemy"]}],"is_beta":false,"boss_relics":[{"not_picked":["Tiny House","REME_DuelDisc"],"picked":"Busted Crown"},{"not_picked":["Philosopher\u0027s Stone","SlaversCollar"],"picked":"Calling Bell"}],"items_purged_floors":[38],"is_endless":false,"potions_floor_spawned":[1,3,14,19,24,31,33,45,47,48],"ascension_level":0}}