{"host":"YagamiMirai","time":1613240417,"event":{"mods":["Act Like it!","Alarm Clock","BaseMod","Bossed Relics","Conspire","Downfall","Hermit","Minty Spire (QoL Compilation)","Pale of the Ancients","Relic Filter Mod","Reliquary","Replay The Spire","Robot Space Explorer","Spicy Shops","StSLib","The Dragon Tamer","The Gatherer","The Mystic","TheHeartMod","Wide Potions","¡¾ÒÅÎï¿¨ÅÆ¡¿REMEMod","óô»ðÖ¸ÄÏ"],"gold_per_floor":[99,117,135,135,120,120,144,221,298,363,408,453,453,453],"floor_reached":12,"language":"ZHS","playtime":1461,"items_purged":[],"score":80,"play_id":"52aa150e-acd7-41e7-a912-5aac401917ab","local_time":"20210214022017","is_ascension_mode":true,"campfire_choices":[{"data":"Guardian:TwinSlam","floor":1.0,"key":"SMITH"}],"circlet_count":0,"master_deck":["Guardian:Strike_Guardian","Guardian:Strike_Guardian","Guardian:Strike_Guardian","Guardian:Strike_Guardian","Guardian:Defend_Guardian","Guardian:Defend_Guardian","Guardian:Defend_Guardian","Guardian:Defend_Guardian","Guardian:CurlUp","Guardian:TwinSlam+1","Guardian:FuturePlans","RobotSpaceExplorer:Autoloader","Guardian:Gem_Crimson","Guardian:Recover","Hallucinations","Guardian:Gem_Red","Guardian:Gem_Synthetic","Guardian:FloatingOrbs","Guardian:Gem_Blue","Guardian:Gem_Lightblue","Guardian:Gem_Red"],"relics":["Guardian:ModeShifter","REME_ComplimentaryCards","reliquary:Aerogel","ReplayTheSpireMod:Ring of Addiction","Potion Belt","Toy Ornithopter","ReplayTheSpireMod:Ring of Challenge","Tiny Chest","reliquary:HotPoker","reliquary:QuartzCube","Guardian:PickAxe"],"acts_visited":["Exordium"],"potions_floor_usage":[12],"damage_taken":[{"damage":3.0,"enemies":"Jaw Worm","floor":2.0,"turns":3.0},{"damage":0.0,"enemies":"Small Slimes","floor":3.0,"turns":4.0},{"damage":0.0,"enemies":"downfall:FleeingMerchant","floor":5.0,"turns":4.0},{"damage":9.0,"enemies":"conspire:MimicChest","floor":8.0,"turns":4.0},{"damage":51.0,"enemies":"Replay:BlueRogue","floor":9.0,"turns":10.0},{"damage":1.0,"enemies":"conspire:RoseBush","floor":10.0,"turns":2.0},{"damage":2.0,"enemies":"conspire:RoseBush","floor":11.0,"turns":5.0},{"damage":54,"enemies":"Gremlin Nob","floor":12,"turns":5}],"seed_played":"-1371954672328750615","potions_obtained":[{"floor":6.0,"key":"Explosive Potion"},{"floor":6.0,"key":"Fire Potion"},{"floor":6.0,"key":"AttackPotion"},{"floor":8.0,"key":"Ancient Potion"},{"floor":10.0,"key":"Explosive Potion"}],"is_trial":false,"path_per_floor":["R","M","M","?","$","?","T","?","E","M","?","E"],"character_chosen":"GUARDIAN","items_purchased":[],"campfire_rested":0,"item_purchase_floors":[],"current_hp_per_floor":[80,77,77,77,77,77,77,71,20,19,27,0,0,0],"gold":453,"neow_bonus":"RANDOM_COMMON_RELIC","is_daily":false,"chose_seed":false,"campfire_upgraded":1,"win_rate":0.0,"timestamp":1613240417,"path_taken":["R","M","M","?","$","?","T","?","E","?","?","E"],"items_purchased_type":[],"build_version":"2020-12-18","purchased_purges":0,"victory":false,"max_hp_per_floor":[80,80,80,80,80,80,80,80,80,80,80,80,80,80],"card_choices":[{"not_picked":["Guardian:Gem_Red","Guardian:ShieldSpikes"],"picked":"Guardian:FuturePlans","floor":2.0},{"not_picked":["Guardian:Incinerate","Guardian:Gem_Red"],"picked":"Guardian:Gem_Crimson","floor":3.0},{"not_picked":["Guardian:Harden","Guardian:ChargeCore"],"picked":"Guardian:Recover","floor":5.0},{"not_picked":["Guardian:FuturePlans","Guardian:VentSteam"],"picked":"Guardian:Gem_Red","floor":8.0},{"not_picked":["Guardian:Clone","Guardian:DonusPower"],"picked":"Guardian:Gem_Synthetic","floor":9.0},{"not_picked":["Guardian:Gem_Fragmented","Guardian:TemporalStrike"],"picked":"Guardian:FloatingOrbs","floor":10.0}],"player_experience":995775,"relics_obtained":[{"floor":6.0,"key":"ReplayTheSpireMod:Ring of Addiction"},{"floor":6.0,"key":"Potion Belt"},{"floor":6.0,"key":"Toy Ornithopter"},{"floor":6.0,"key":"ReplayTheSpireMod:Ring of Challenge"},{"floor":7.0,"key":"Tiny Chest"},{"floor":8.0,"key":"reliquary:HotPoker"},{"floor":9.0,"key":"reliquary:QuartzCube"}],"event_choices":[{"damage_healed":0.0,"max_hp_gain":0.0,"max_hp_loss":0.0,"gold_gain":0.0,"event_name":"conspire:Investor","player_choice":"Leave","floor":4.0,"gold_loss":0.0,"damage_taken":0.0}],"is_beta":true,"boss_relics":[],"items_purged_floors":[],"is_endless":false,"potions_floor_spawned":[8,10,11],"killed_by":"Gremlin Nob","ascension_level":1}}