{"host":"ox77rn1xcurm2t5a","time":1613178972,"event":{"mods":["2.2 Compatiblity","AchievementEnabler","Act Like it!","Aspiration","BaseMod","Best Route Mod","Better Match","Better Note","Better Sensory Stone","Block Reminder","Colored Map","Colored Powertips","Conjunction","Conspire","Custom Start","Energized Spire","GifTheSpireLib","Gold Saver","Gremlin Skip","Halation","Highlight Path","Hubris","Infinite Spire","Minty Spire (QoL Compilation)","Pale of the Ancients","Quick Restart","Replay The Spire","Reworked Bosses","ShortenTheSpire","Spire Exporter","StSLib","Stuff the Spire","Wandering Minibosses"],"gold_per_floor":[553,570,570,570,108,108,137,147,171,201,201,244,277,277,277,386,386,404,404,404,424,80,111,111,146,146,180,180,195,225,243,243,349,349,366,380,380,380,398,398,426,438,438,43,61,79,117,130,130,152,152,152,1,35,87,87],"floor_reached":55,"language":"ENG","playtime":1399,"items_purged":["Defend_R","Defend_R"],"score":788,"play_id":"5df7d9ea-5899-4623-8135-0d031a989c8f","local_time":"20210213031612","is_ascension_mode":true,"campfire_choices":[{"floor":6.0,"key":"RECALL"},{"data":"Disarm","floor":11,"key":"SMITH"},{"data":"Clash","floor":15,"key":"SMITH"},{"data":"Cleave","floor":24,"key":"SMITH"},{"data":"Heavy Blade","floor":32,"key":"SMITH"},{"data":"Sword Boomerang","floor":40,"key":"SMITH"},{"data":"Anger","floor":49,"key":"SMITH"},{"data":"Fire Breathing","floor":52,"key":"SMITH"}],"circlet_count":0,"master_deck":["Strike_R","Strike_R","Strike_R","Strike_R","Strike_R","Defend_R","Defend_R","Bash+1","Clash+1","Anger+1","Anger","Disarm+1","Inflame+1","Reaper","Clash","Cleave+1","Clash+1","Heavy Blade+1","Clash","Sword Boomerang+1","Pummel+1","Fire Breathing+1","Anger+1","Thunderclap"],"relics":["Burning Blood","Matryoshka","Bag of Preparation","halation:SwordOfLegend","infinitespire:PuzzleCube","halation:IllGainedPizza","Toy Ornithopter","StuffTheSpire:CocoNut","aspiration:PoetsPen_weak","StuffTheSpire:EmeraldSignet","aspiration:TomeofQuesting","StuffTheSpire:Gunfinga","StuffTheSpire:Barrel","hubris:MobiusCoin","Replay:Ringing Soul","Bronze Scales","infinitespire:EmpoweringShard","Potion Belt","ReplayTheSpireMod:Lightbulb","StuffTheSpire:HeavyRock","Paper Frog","Strawberry","Orichalcum","Replay:Wax Seal"],"acts_visited":["Exordium","TheCity","TheBeyond","TheEnding"],"potions_floor_usage":[10,10,16,23,30,39,42,46,47,54,55],"damage_taken":[{"damage":7.0,"enemies":"Jaw Worm","floor":1.0,"turns":3.0},{"damage":0.0,"enemies":"Small Slimes","floor":2.0,"turns":3.0},{"damage":21.0,"enemies":"Lagavulin","floor":7.0,"turns":5.0},{"damage":0.0,"enemies":"Cultist","floor":8.0,"turns":2.0},{"damage":4,"enemies":"3 Sentries","floor":10,"turns":5},{"damage":30,"enemies":"conspire:MimicChest","floor":12,"turns":6},{"damage":8,"enemies":"Gremlin Nob","floor":13,"turns":3},{"damage":17,"enemies":"Hexaghost","floor":16,"turns":6},{"damage":18,"enemies":"Shell Parasite","floor":18,"turns":3},{"damage":0,"enemies":"Spheric Guardian","floor":21,"turns":2},{"damage":22,"enemies":"Slavers","floor":23,"turns":2},{"damage":18,"enemies":"Book of Stabbing","floor":25,"turns":4},{"damage":13,"enemies":"Gremlin Leader","floor":27,"turns":2},{"damage":0,"enemies":"Snecko","floor":29,"turns":2},{"damage":12,"enemies":"Slavers","floor":30,"turns":2},{"damage":7,"enemies":"Shelled Parasite and Fungi","floor":31,"turns":2},{"damage":14,"enemies":"bossMod:newChamp","floor":33,"turns":5},{"damage":0,"enemies":"3 Darklings","floor":35,"turns":2},{"damage":0,"enemies":"Orb Walker","floor":36,"turns":1},{"damage":0,"enemies":"Sphere and 2 Shapes","floor":39,"turns":2},{"damage":6,"enemies":"R_Hoarder","floor":41,"turns":3},{"damage":11,"enemies":"Writhing Mass","floor":42,"turns":2},{"damage":22,"enemies":"Spire Growth","floor":45,"turns":3},{"damage":27,"enemies":"Maw","floor":46,"turns":4},{"damage":28,"enemies":"Reptomancer","floor":47,"turns":3},{"damage":0,"enemies":"Jaw Worm Horde","floor":48,"turns":1},{"damage":118,"enemies":"Replay:Hell Engine","floor":50,"turns":10},{"damage":36,"enemies":"Shield and Spear","floor":54,"turns":3},{"damage":117,"enemies":"The Heart","floor":55,"turns":6}],"seed_played":"8774770985545040534","potions_obtained":[{"floor":7.0,"key":"SteroidPotion"},{"floor":8.0,"key":"Swift Potion"},{"floor":13,"key":"Elixir"},{"floor":18,"key":"LifebloodPotion"},{"floor":25,"key":"PowerPotion"},{"floor":27,"key":"BlessingOfTheForge"},{"floor":30,"key":"BloodPotion"},{"floor":36,"key":"Block Potion"},{"floor":41,"key":"Conjunction:LightningMarble"},{"floor":42,"key":"HeartOfIron"},{"floor":46,"key":"Fruit Juice"},{"floor":54,"key":"PowerPotion"}],"is_trial":false,"path_per_floor":["M","M","?","?","$","R","E","M","T","E","R","?","E","?","R","B",null,"M","?","?","M","$","E","R","E","T","E","?","M","E","M","R","B",null,"M","M","?","T","M","R","E","M","T","$","M","M","E","M","R","B",null,"R","$","E","B"],"character_chosen":"IRONCLAD","items_purchased":["Matryoshka","Bag of Preparation","StuffTheSpire:EmeraldSignet","StuffTheSpire:HeavyRock","Paper Frog","Orichalcum"],"campfire_rested":0,"item_purchase_floors":[5,5,22,44,44,53],"current_hp_per_floor":[79,80,80,80,80,80,65,71,71,73,76,52,57,57,60,54,87,75,75,84,87,87,87,87,76,76,87,87,93,93,92,93,92,93,96,96,91,91,94,94,97,95,95,95,90,91,104,110,115,18,115,115,115,93,0,0],"gold":87,"neow_bonus":"UPGRADE_CARD","is_daily":false,"chose_seed":false,"campfire_upgraded":7,"win_rate":0.0,"timestamp":1613178972,"path_taken":["M","M","?","?","$","R","E","?","T","E","R","?","E","?","R","BOSS","M","?","?","M","$","E","R","E","T","E","?","?","E","M","R","BOSS","M","M","?","?","M","R","E","M","T","?","M","M","E","?","R","BOSS","R","$","E","BOSS"],"items_purchased_type":["Relic","Relic","Relic","Relic","Relic","Relic"],"build_version":"2020-12-22","purchased_purges":2,"victory":false,"max_hp_per_floor":[80,80,80,80,80,80,80,80,80,80,80,80,87,87,87,87,87,87,87,87,87,87,87,87,87,87,90,90,93,93,93,93,93,93,96,96,91,91,94,94,97,100,100,100,103,108,115,115,115,115,115,115,115,115,115,115],"card_choices":[{"not_picked":["Havoc","Body Slam"],"picked":"Clash","floor":1.0},{"not_picked":["Iron Wave","Twin Strike"],"picked":"Anger","floor":2.0},{"not_picked":["True Grit","Twin Strike"],"picked":"Anger","floor":7.0},{"not_picked":["Abandon","Rupture"],"picked":"Disarm","floor":8.0},{"not_picked":["Twin Strike","Havoc","Wild Strike"],"picked":"SKIP","floor":10},{"not_picked":["StuffTheSpire:Incineration","Demonic Infusion"],"picked":"Inflame","floor":13},{"not_picked":["Bludgeon","Corruption"],"picked":"Reaper","floor":16},{"not_picked":["Armaments","StuffTheSpire:Resist"],"picked":"Clash","floor":18},{"not_picked":["ReplayTheSpireMod:Muscle Training+1","Body Slam+1"],"picked":"Cleave","floor":21},{"not_picked":["Havoc","Carnage","Brutality"],"picked":"SKIP","floor":23},{"not_picked":["Evolve","Ghostly Armor"],"picked":"Clash+1","floor":25},{"not_picked":["Ghostly Armor+1","Flex"],"picked":"Heavy Blade","floor":27},{"not_picked":["Iron Wave","Run Through+1"],"picked":"Clash","floor":29},{"not_picked":["Flex","Havoc","Blood for Blood"],"picked":"SKIP","floor":30},{"not_picked":["True Grit","Intimidate","Dark Embrace"],"picked":"SKIP","floor":31},{"not_picked":["StuffTheSpire:Slingshot","Combust+1"],"picked":"Sword Boomerang","floor":35},{"not_picked":["Wild Strike","Sever Soul","ReplayTheSpireMod:Strike From Hell+1"],"picked":"SKIP","floor":36},{"not_picked":["Searing Blow","Warcry+1"],"picked":"Pummel+1","floor":39},{"not_picked":["StuffTheSpire:Slingshot","Headbutt+1"],"picked":"Fire Breathing","floor":41},{"not_picked":["Flex+1","Dual Wield"],"picked":"Anger+1","floor":42},{"not_picked":["Twin Strike+1","Life Link+1"],"picked":"Thunderclap","floor":45},{"not_picked":["hubris:CleavingFinish+1","Shockwave","Double Tap"],"picked":"SKIP","floor":46},{"not_picked":["Burning Pact+1","hubris:SharpeningStone+1","Seeing Red"],"picked":"SKIP","floor":47},{"not_picked":["Feel No Pain","Shrug It Off","Run Through+1"],"picked":"SKIP","floor":48},{"not_picked":["Abandon","Body Slam+1","Wild Strike"],"picked":"SKIP","floor":54}],"player_experience":3095302,"relics_obtained":[{"floor":7.0,"key":"halation:SwordOfLegend"},{"floor":9.0,"key":"infinitespire:PuzzleCube"},{"floor":10,"key":"halation:IllGainedPizza"},{"floor":12,"key":"Toy Ornithopter"},{"floor":13,"key":"StuffTheSpire:CocoNut"},{"floor":23,"key":"aspiration:TomeofQuesting"},{"floor":25,"key":"StuffTheSpire:Gunfinga"},{"floor":26,"key":"StuffTheSpire:Barrel"},{"floor":26,"key":"hubris:MobiusCoin"},{"floor":27,"key":"Replay:Ringing Soul"},{"floor":30,"key":"infinitespire:EmpoweringShard"},{"floor":41,"key":"Potion Belt"},{"floor":43,"key":"ReplayTheSpireMod:Lightbulb"},{"floor":47,"key":"Strawberry"},{"floor":54,"key":"Replay:Wax Seal"}],"event_choices":[{"damage_healed":0.0,"max_hp_gain":0.0,"max_hp_loss":0.0,"gold_gain":0.0,"event_name":"Golden Idol","player_choice":"Ignored","floor":3.0,"gold_loss":0.0,"damage_taken":0.0},{"damage_healed":0.0,"max_hp_gain":0.0,"max_hp_loss":0.0,"gold_gain":0.0,"event_name":"FaceTrader","player_choice":"Leave","floor":4.0,"gold_loss":0.0,"damage_taken":0.0},{"damage_healed":0,"gold_gain":0,"player_choice":"Ignored","damage_taken":0,"max_hp_gain":0,"max_hp_loss":0,"event_name":"Transmorgrifier","floor":19,"gold_loss":0},{"damage_healed":0,"gold_gain":0,"player_choice":"Gave Potion","damage_taken":0,"relics_obtained":["Bronze Scales"],"max_hp_gain":0,"max_hp_loss":0,"event_name":"WeMeetAgain","floor":28,"gold_loss":0},{"damage_healed":0,"gold_gain":0,"player_choice":"Max HP","damage_taken":0,"max_hp_gain":0,"max_hp_loss":5,"event_name":"Winding Halls","floor":37,"gold_loss":0}],"is_beta":false,"boss_relics":[{"not_picked":["halation:PinkAlligatorPlush","Snecko Eye"],"picked":"aspiration:PoetsPen_weak"},{"not_picked":["Replay:Drink Me","aspiration:FutureDiary","conspire:RunicOctahedron"]}],"items_purged_floors":[5,22],"is_endless":false,"potions_floor_spawned":[7,8,13,18,25,27,30,36,41,42,46,54],"killed_by":"The Heart","ascension_level":2}}