{"host":"gn5np1e2857ww9ha","time":1613208657,"event":{"mods":["AchievementEnabler","Act Like it!","Aspiration","Astrologer","BaseMod","Better Altar","Better Match","Better Note","Better Sensory Stone","Better Skull","Better Third Choice","BetterRewards","Block Reminder","CCEM2","CapriCore","Colored Map","Conspire","DeckTracker","Downfall","Elementarium","Energized Spire","Gensokyo","GungeonMod","Halation","Hallownest","Hermit","Hubris","Infinite Spire","Jedi Mod","JesterMod","Jorbs\u0027s Wanderer Trilogy","Marisa????????","Mimic Mod","Minty Spire (QoL Compilation)","Pale of the Ancients","Quick Restart","RNG Fix","Rare Cards Sparkle","Replay The Spire","StSLib","The Bug Knight","The Construct","The Hierophant","The Immortal","The Jungle","The Saiyan","The Senshi","The Wild Card"],"gold_per_floor":[99,114,129,129,144,144,144,174,74,5,0,30,30,15,30,130,130,130,145,145,145],"floor_reached":20,"language":"ENG","playtime":2123,"items_purged":[],"score":180,"play_id":"fc2d173f-d85d-4435-8c29-4cd30b651f1b","local_time":"20210213033057","daily_mods":["Allstar","Flight","Terminal"],"is_ascension_mode":false,"campfire_choices":[{"data":"Apotheosis","floor":1,"key":"SMITH"},{"floor":6,"key":"RECALL"},{"data":"theextravagant:Triumph","floor":9,"key":"SMITH"},{"data":"Survey Options","floor":13,"key":"SMITH"},{"data":"theextravagant:Redemption","floor":18,"key":"SMITH"}],"circlet_count":0,"master_deck":["theextravagant:SlyStrike","theextravagant:SlyStrike","theextravagant:SlyStrike","theextravagant:SlyStrike","theextravagant:Fence","theextravagant:Fence","theextravagant:Fence","theextravagant:Fence","theextravagant:QuickAttack","theextravagant:Triumph+1","Survey Options+1","Apotheosis+1","Crow Ritual","Flash of Steel","Purity","theextravagant:IronPlumes","theextravagant:SharpTalons","theextravagant:CuttingEdge","theextravagant:HeavyBlows","theextravagant:PerfectTheBasics","theextravagant:Firework","theextravagant:Meditation","theextravagant:Precaution","theextravagant:GlyphOfPower","theextravagant:Masquerade","theextravagant:Redemption+1","theextravagant:SharpTalons"],"relics":["theextravagant:TranslucentFeather","hubris:Towel","Pantograph","hubris:TenFootPole","downfall:HeartBlessingRed","DemoMod:Bottle","construct:WeddingRing"],"acts_visited":["Exordium","TheCity"],"potions_floor_usage":[10,12,16,20,20],"damage_taken":[{"damage":0,"enemies":"2 Louse","floor":2,"turns":3},{"damage":0,"enemies":"Small Slimes","floor":3,"turns":4},{"damage":0,"enemies":"conspire:RoseBush","floor":5,"turns":4},{"damage":5,"enemies":"3 Sentries","floor":8,"turns":9},{"damage":0,"enemies":"downfall:FleeingMerchant","floor":10,"turns":4},{"damage":5,"enemies":"downfall:FleeingMerchant","floor":11,"turns":4},{"damage":6,"enemies":"HollowMod:MossKnight","floor":12,"turns":5},{"damage":3,"enemies":"downfall:FleeingMerchant","floor":14,"turns":4},{"damage":0,"enemies":"3 Louse","floor":15,"turns":2},{"damage":2,"enemies":"Slime Boss","floor":16,"turns":8},{"damage":19,"enemies":"Shell Parasite","floor":19,"turns":9},{"damage":37,"enemies":"3 Byrds","floor":20,"turns":5}],"seed_played":"6099103822572544471","potions_obtained":[{"floor":2,"key":"Weak Potion"},{"floor":5,"key":"Venom Potion"},{"floor":15,"key":"DistilledChaos"},{"floor":16,"key":"Reflective Coating"},{"floor":19,"key":"DistilledChaos"}],"is_trial":false,"path_per_floor":["R","M","M","?","M","R","T","E","R","$","$","E","R","$","M","B",null,"R","M","M"],"character_chosen":"THE_EXTRAVAGANT","items_purchased":["theextravagant:Firework"],"campfire_rested":0,"item_purchase_floors":[10],"current_hp_per_floor":[73,72,71,70,69,68,67,62,62,62,57,51,51,48,48,57,57,56,37,0,0],"gold":145,"neow_bonus":"","is_daily":true,"chose_seed":false,"campfire_upgraded":4,"win_rate":0.0,"timestamp":1613208657,"path_taken":["R","M","M","?","?","R","T","E","R","$","$","E","R","$","M","BOSS","R","M","M"],"items_purchased_type":["Card"],"build_version":"2020-12-22","purchased_purges":0,"victory":false,"max_hp_per_floor":[73,72,71,70,69,68,67,66,65,64,63,62,61,60,59,58,57,56,55,55,55],"card_choices":[{"not_picked":["theextravagant:Dazzle","theextravagant:Supersonic"],"picked":"theextravagant:IronPlumes","floor":2},{"not_picked":["theextravagant:Flashback","theextravagant:Foil"],"picked":"theextravagant:SharpTalons","floor":3},{"not_picked":["theextravagant:ZeroHero","theextravagant:Riot"],"picked":"theextravagant:CuttingEdge","floor":5},{"not_picked":["theextravagant:GlyphOfTime","theextravagant:Courage"],"picked":"theextravagant:HeavyBlows","floor":8},{"not_picked":["theextravagant:GarbageCannon","theextravagant:Tension"],"picked":"theextravagant:PerfectTheBasics","floor":10},{"not_picked":["theextravagant:Outrun","theextravagant:Pushthrough"],"picked":"theextravagant:Meditation","floor":11},{"not_picked":["theextravagant:Shake","theextravagant:GlyphOfTime"],"picked":"theextravagant:Precaution","floor":12},{"not_picked":["theextravagant:HeavyBlows","theextravagant:PerfectTheBasics"],"picked":"theextravagant:GlyphOfPower","floor":14},{"not_picked":["theextravagant:Dazzle","theextravagant:Pushthrough"],"picked":"theextravagant:Masquerade","floor":15},{"not_picked":["theextravagant:Overpower","theextravagant:Outrun"],"picked":"theextravagant:Redemption","floor":16},{"not_picked":["theextravagant:Tension","theextravagant:Courage+1"],"picked":"theextravagant:SharpTalons","floor":19}],"player_experience":38001,"relics_obtained":[{"floor":7,"key":"Pantograph"},{"floor":8,"key":"hubris:TenFootPole"},{"floor":12,"key":"DemoMod:Bottle"}],"event_choices":[],"is_beta":false,"boss_relics":[{"not_picked":["jedi:paperlyon","hubris:RunicObelisk"],"picked":"construct:WeddingRing"}],"items_purged_floors":[],"is_endless":false,"potions_floor_spawned":[2,5,15,16,19],"killed_by":"3 Byrds","ascension_level":0}}