{"host":"7gquyva492f4udta","time":1613196936,"event":{"mods":["BaseMod","Minty Spire (QoL Compilation)"],"gold_per_floor":[117,136,136,154,109,109,141,141,141,172,172,172,186,34,34,129,129,139,159,84,84,4,29,46,46,46,73,93,106,137,137,137,234,234,248,248,248,30,30,80,114,158,158,39,39,67,67,92,92,117,117,117,2,34,34,34],"floor_reached":55,"language":"ENG","playtime":4339,"items_purged":["Strike_R","Strike_R","Decay","Defend_R"],"score":1249,"play_id":"79c7202e-b58d-4aba-a772-cb79799584d8","local_time":"20210213001536","is_ascension_mode":true,"campfire_choices":[{"data":"Armaments","floor":6.0,"key":"SMITH"},{"floor":8.0,"key":"REST"},{"data":"Evolve","floor":12.0,"key":"SMITH"},{"data":"Bash","floor":15.0,"key":"SMITH"},{"data":"Armaments","floor":25.0,"key":"SMITH"},{"floor":32.0,"key":"REST"},{"floor":45,"key":"RECALL"},{"floor":49,"key":"DIG"},{"floor":52,"key":"DIG"}],"circlet_count":0,"master_deck":["Defend_R","Defend_R","Defend_R","Bash+1","Power Through","Armaments+1","Evolve+1","Flame Barrier","Juggernaut","Searing Blow","Power Through","Whirlwind","Feed","Spot Weakness","Entrench","Armaments+1","Impervious","Demon Form+1","Dual Wield+1","Secret Technique","HandOfGreed","Metamorphosis","Shrug It Off","Spot Weakness+1","Pommel Strike+1","Fire Breathing+1","Fiend Fire"],"relics":["SlaversCollar","Anchor","CaptainsWheel","The Courier","Letter Opener","Gremlin Horn","Black Star","Girya","Vajra","Thread and Needle","Red Skull","Calipers","Potion Belt","Frozen Egg 2","Fusion Hammer","Sling","Pantograph","Pocketwatch","Oddly Smooth Stone","Shovel","Smiling Mask","Darkstone Periapt","Charon\u0027s Ashes","Strawberry","Happy Flower","Bottled Tornado","Nunchaku","HornCleat"],"acts_visited":["Exordium","TheCity","TheBeyond","TheEnding"],"potions_floor_usage":[42,46,54,55,55,55],"damage_taken":[{"damage":6.0,"enemies":"Cultist","floor":1.0,"turns":4.0},{"damage":2.0,"enemies":"2 Louse","floor":2.0,"turns":4.0},{"damage":5.0,"enemies":"Small Slimes","floor":4.0,"turns":7.0},{"damage":4.0,"enemies":"Looter","floor":5.0,"turns":5.0},{"damage":31.0,"enemies":"Gremlin Nob","floor":7.0,"turns":5.0},{"damage":17.0,"enemies":"Lagavulin","floor":10.0,"turns":8.0},{"damage":3.0,"enemies":"Exordium Wildlife","floor":13.0,"turns":5.0},{"damage":0.0,"enemies":"The Guardian","floor":16.0,"turns":9.0},{"damage":0.0,"enemies":"Shell Parasite","floor":18.0,"turns":9.0},{"damage":16.0,"enemies":"Spheric Guardian","floor":19.0,"turns":9.0},{"damage":14.0,"enemies":"Book of Stabbing","floor":23.0,"turns":7.0},{"damage":13.0,"enemies":"Cultist and Chosen","floor":24.0,"turns":8.0},{"damage":16.0,"enemies":"Gremlin Leader","floor":27.0,"turns":6.0},{"damage":0.0,"enemies":"Centurion and Healer","floor":28.0,"turns":11.0},{"damage":18.0,"enemies":"Shelled Parasite and Fungi","floor":29.0,"turns":10.0},{"damage":0.0,"enemies":"Book of Stabbing","floor":30.0,"turns":7.0},{"damage":35.0,"enemies":"Champ","floor":33.0,"turns":11.0},{"damage":0.0,"enemies":"Orb Walker","floor":35.0,"turns":4.0},{"damage":0,"enemies":"3 Shapes","floor":40,"turns":8},{"damage":0,"enemies":"Nemesis","floor":41,"turns":7},{"damage":11,"enemies":"Spire Growth","floor":42,"turns":8},{"damage":0,"enemies":"Reptomancer","floor":46,"turns":7},{"damage":0,"enemies":"Giant Head","floor":48,"turns":6},{"damage":29,"enemies":"Donu and Deca","floor":50,"turns":8},{"damage":24,"enemies":"Shield and Spear","floor":54,"turns":7},{"damage":108,"enemies":"The Heart","floor":55,"turns":8}],"seed_played":"-6812174288603139010","potions_obtained":[{"floor":4.0,"key":"SpeedPotion"},{"floor":10.0,"key":"BloodPotion"},{"floor":13.0,"key":"Block Potion"},{"floor":16.0,"key":"ElixirPotion"},{"floor":19.0,"key":"BloodPotion"},{"floor":24.0,"key":"PowerPotion"},{"floor":27.0,"key":"AttackPotion"},{"floor":30.0,"key":"AttackPotion"},{"floor":40,"key":"Weak Potion"},{"floor":41,"key":"LiquidBronze"},{"floor":42,"key":"ColorlessPotion"},{"floor":48,"key":"Fire Potion"},{"floor":54,"key":"DistilledChaos"}],"is_trial":false,"path_per_floor":["M","M","T","M","M","R","E","R","T","E","?","R","M","$","R","B",null,"M","M","?","?","$","E","M","R","T","E","M","M","E","?","R","B",null,"M","?","?","$","$","M","E","M","T","$","R","E","T","E","R","B",null,"R","$","E","B"],"character_chosen":"IRONCLAD","items_purchased":["Whirlwind","ColorlessPotion","Sling","Oddly Smooth Stone","Fire Breathing+1"],"campfire_rested":2,"item_purchase_floors":[14,14,38,44,53],"current_hp_per_floor":[74,72,72,67,63,63,32,56,56,39,39,39,36,36,36,36,69,73,61,61,61,61,51,56,56,56,40,40,26,26,26,54,22,80,80,70,70,70,70,73,73,62,62,62,62,66,66,73,73,73,106,106,106,82,0,0],"gold":34,"neow_bonus":"BOSS_RELIC","is_daily":false,"chose_seed":false,"campfire_upgraded":4,"win_rate":0.0,"timestamp":1613196936,"path_taken":["M","?","?","M","M","R","E","R","T","E","?","R","?","$","R","BOSS","M","M","?","?","$","E","M","R","T","E","M","?","E","?","R","BOSS","M","?","?","?","$","?","E","M","T","$","R","E","?","E","R","BOSS","R","$","E","BOSS"],"items_purchased_type":["Card","Potion","Relic","Relic","Card"],"build_version":"2020-12-22","purchased_purges":4,"victory":false,"max_hp_per_floor":[80,80,80,80,80,80,80,80,80,80,80,80,80,80,80,80,80,84,88,88,88,88,92,92,92,92,92,92,96,96,96,96,99,99,99,99,99,99,99,102,102,102,102,102,102,106,106,113,113,117,117,117,117,117,117,117],"card_choices":[{"not_picked":["Thunderclap","Second Wind"],"picked":"Power Through","floor":1.0},{"not_picked":["Warcry","True Grit"],"picked":"Armaments","floor":2.0},{"not_picked":["Thunderclap","Flex"],"picked":"Evolve","floor":4.0},{"not_picked":["Body Slam","True Grit"],"picked":"Flame Barrier","floor":5.0},{"not_picked":["Flex","Thunderclap"],"picked":"Juggernaut","floor":7.0},{"not_picked":["Sword Boomerang","True Grit"],"picked":"Searing Blow","floor":10.0},{"not_picked":["Carnage","Clash"],"picked":"Power Through","floor":13.0},{"not_picked":["Fiend Fire","Offering"],"picked":"Feed","floor":16.0},{"not_picked":["Pummel","Sword Boomerang","Thunderclap+1"],"picked":"SKIP","floor":18.0},{"not_picked":["Thunderclap+1","True Grit"],"picked":"Spot Weakness","floor":19.0},{"not_picked":["Warcry","Power Through","Clothesline"],"picked":"SKIP","floor":23.0},{"not_picked":["Pommel Strike","Blood for Blood","Hemokinesis"],"picked":"SKIP","floor":24.0},{"not_picked":["Sentinel","Rupture"],"picked":"Impervious","floor":27.0},{"not_picked":["Sword Boomerang+1","Whirlwind","Cleave"],"picked":"SKIP","floor":28.0},{"not_picked":["Hemokinesis+1","Twin Strike"],"picked":"Wild Strike+1","floor":29.0},{"not_picked":["Flex","Double Tap","Thunderclap"],"picked":"SKIP","floor":30.0},{"not_picked":["Impervious","Offering"],"picked":"Demon Form+1","floor":33.0},{"not_picked":["Body Slam","Heavy Blade"],"picked":"Dual Wield+1","floor":35.0},{"not_picked":["Purity","Sadistic Nature+1"],"picked":"Secret Technique","floor":36.0},{"not_picked":["Secret Technique","Deep Breath"],"picked":"HandOfGreed","floor":36.0},{"not_picked":["Dramatic Entrance","Jack Of All Trades"],"picked":"Metamorphosis","floor":36.0},{"not_picked":["Ghostly Armor+1","Hemokinesis"],"picked":"Shrug It Off","floor":40},{"not_picked":["Twin Strike+1","Pommel Strike+1"],"picked":"Spot Weakness+1","floor":41},{"not_picked":["Rage","Twin Strike","True Grit"],"picked":"SKIP","floor":42},{"not_picked":["Metallicize+1","Clash","Twin Strike+1"],"picked":"SKIP","floor":46},{"not_picked":["Wild Strike+1","Burning Pact+1"],"picked":"Pommel Strike+1","floor":48},{"not_picked":["True Grit+1","Blood for Blood+1"],"picked":"Fiend Fire","floor":54}],"player_experience":271760,"relics_obtained":[{"floor":3.0,"key":"Anchor"},{"floor":7.0,"key":"CaptainsWheel"},{"floor":9.0,"key":"The Courier"},{"floor":10.0,"key":"Letter Opener"},{"floor":23.0,"key":"Girya"},{"floor":23.0,"key":"Vajra"},{"floor":26.0,"key":"Thread and Needle"},{"floor":27.0,"key":"Red Skull"},{"floor":27.0,"key":"Calipers"},{"floor":30.0,"key":"Potion Belt"},{"floor":30.0,"key":"Frozen Egg 2"},{"floor":41,"key":"Pantograph"},{"floor":41,"key":"Pocketwatch"},{"floor":46,"key":"Shovel"},{"floor":46,"key":"Smiling Mask"},{"floor":47,"key":"Darkstone Periapt"},{"floor":48,"key":"Charon\u0027s Ashes"},{"floor":48,"key":"Strawberry"},{"floor":49,"key":"Happy Flower"},{"floor":52,"key":"Bottled Tornado"},{"floor":54,"key":"Nunchaku"},{"floor":54,"key":"HornCleat"}],"event_choices":[{"damage_healed":0.0,"max_hp_gain":0.0,"max_hp_loss":0.0,"gold_gain":0.0,"event_name":"WeMeetAgain","player_choice":"Gave Potion","floor":11.0,"gold_loss":0.0,"damage_taken":0.0,"relics_obtained":["Gremlin Horn"]},{"cards_removed":["Strike_R"],"damage_healed":0.0,"max_hp_gain":0.0,"max_hp_loss":0.0,"gold_gain":0.0,"event_name":"Beggar","player_choice":"Gave Gold","floor":20.0,"gold_loss":75.0,"damage_taken":0.0},{"damage_healed":0.0,"max_hp_gain":0.0,"max_hp_loss":0.0,"gold_gain":0.0,"cards_transformed":["Strike_R","Strike_R"],"event_name":"Drug Dealer","player_choice":"Became Test Subject","floor":21.0,"gold_loss":0.0,"damage_taken":0.0,"cards_obtained":["Entrench","Armaments"]},{"damage_healed":0.0,"max_hp_gain":0.0,"max_hp_loss":0.0,"gold_gain":0.0,"event_name":"Forgotten Altar","player_choice":"Smashed Altar","floor":31.0,"gold_loss":0.0,"damage_taken":0.0,"cards_obtained":["Decay"]},{"damage_healed":0.0,"max_hp_gain":0.0,"max_hp_loss":0.0,"gold_gain":0.0,"event_name":"SensoryStone","player_choice":"Memory 3","floor":36.0,"gold_loss":0.0,"damage_taken":10.0},{"cards_removed":["Wild Strike"],"damage_healed":0.0,"max_hp_gain":0.0,"max_hp_loss":0.0,"gold_gain":0.0,"event_name":"Falling","player_choice":"Removed Attack","floor":37.0,"gold_loss":0.0,"damage_taken":0.0}],"is_beta":false,"boss_relics":[{"not_picked":["Runic Dome","Astrolabe"],"picked":"Black Star"},{"not_picked":["Calling Bell","SacredBark"],"picked":"Fusion Hammer"}],"items_purged_floors":[14,22,38,53],"is_endless":false,"potions_floor_spawned":[4,10,13,16,19,24,27,30,40,41,42,48,54],"killed_by":"The Heart","ascension_level":5}}