{"host":"050ensmz1fh1c58u","time":1613225429,"event":{"mods":["BaseMod","Downfall","Gremlin Mod","Minty Spire (QoL Compilation)","READ ME - Guardian Mod","StSLib","The Animator","The Bug Knight","The Cursed","The Disciple","The Servant 0.9.4"],"gold_per_floor":[99,114,127,127,146,146,146,146,46,6,34,34,34,52,62,158,158,158,168,168,153,153,171,246,246,284,302,312,312,342,353,373,476,476,476,494,494,730,740,752,752,762,778,678,697,715,746,646,663,663,663,663,663,663],"floor_reached":52,"language":"ENG","playtime":3898,"items_purged":[],"score":960,"play_id":"389415a4-61f4-46b7-ad35-5341987cb58b","local_time":"20210213151029","daily_mods":["Allstar","Hoarder","Terminal"],"is_ascension_mode":false,"campfire_choices":[{"data":"Guardian:TwinSlam","floor":1,"key":"SMITH"},{"floor":6,"key":"RECALL"},{"data":"Guardian:CrystalBeam","floor":9,"key":"SMITH"},{"data":"Guardian:CrystalBeam","floor":12,"key":"SMITH"},{"data":"Guardian:CrystalBeam","floor":18,"key":"SMITH"},{"data":"Guardian:VentSteam","floor":35,"key":"SMITH"},{"data":"Guardian:Suspension","floor":44,"key":"SMITH"},{"data":"Guardian:VentSteam","floor":48,"key":"SMITH"}],"circlet_count":0,"master_deck":["Guardian:Strike_Guardian","Guardian:Strike_Guardian","Guardian:Strike_Guardian","Guardian:Strike_Guardian","Guardian:Defend_Guardian","Guardian:Defend_Guardian","Guardian:Defend_Guardian","Guardian:Defend_Guardian","Guardian:CurlUp","Guardian:TwinSlam+1","The Bomb","The Bomb","Dramatic Entrance","Dramatic Entrance","Dramatic Entrance","Secret Weapon","Secret Weapon","Secret Weapon","Magnetism","Magnetism","Magnetism","Sadistic Nature","Sadistic Nature","Sadistic Nature","Guardian:PrimingBeam","Guardian:PrimingBeam","Guardian:PrimingBeam","Guardian:CrystalBeam+1","Guardian:CrystalBeam+1","Guardian:CrystalBeam+1","Good Instincts","Good Instincts","Good Instincts","Guardian:Planning","Guardian:Planning","Guardian:Planning","Guardian:Clone","Guardian:Clone","Guardian:Clone","Guardian:SphericShield","Guardian:SphericShield","Guardian:SphericShield","Guardian:Reroute","Guardian:Reroute","Guardian:Reroute","Necronomicurse","Necronomicurse","Necronomicurse","RitualDagger+1","RitualDagger","RitualDagger+1","Ghostly","Ghostly","Ghostly","Ghostly","Ghostly","Ghostly","Ghostly","Ghostly","Ghostly","Ghostly","Ghostly","Ghostly","Ghostly","Ghostly","Ghostly","Guardian:VentSteam+1","Guardian:VentSteam+1","Guardian:VentSteam","Guardian:StasisStrike+1","Guardian:StasisStrike+1","Guardian:StasisStrike+1","Guardian:Gem_Blue","Guardian:Suspension","Guardian:Suspension","Guardian:Suspension+1","Guardian:TimeCapacitor+1","Guardian:TimeCapacitor+1","Guardian:TimeCapacitor+1","Guardian:CrystalBeam+1","Guardian:CrystalBeam+1","Guardian:CrystalBeam+1"],"relics":["Guardian:ModeShifter","White Beast Statue","downfall:HeartBlessingRed","Shuriken","Busted Crown","Necronomicon","Singing Bowl","Molten Egg 2","Philosopher\u0027s Stone","downfall:HeartBlessingBlue","Oddly Smooth Stone","downfall:HeartBlessingGreen"],"acts_visited":["Exordium","TheCity","TheBeyond","TheEnding"],"potions_floor_usage":[16,21,23,27,28,28,30,30,33,36,36,38,38,42,43,47,47,50],"damage_taken":[{"damage":6,"enemies":"Jaw Worm","floor":2,"turns":3},{"damage":0,"enemies":"Cultist","floor":3,"turns":2},{"damage":0,"enemies":"2 Louse","floor":5,"turns":1},{"damage":0,"enemies":"downfall:FleeingMerchant","floor":10,"turns":4},{"damage":0,"enemies":"3 Sentries","floor":11,"turns":3},{"damage":5,"enemies":"Exordium Thugs","floor":14,"turns":3},{"damage":3,"enemies":"Red Slaver","floor":15,"turns":2},{"damage":15,"enemies":"IC_STATUS_ARCHETYPE","floor":16,"turns":7},{"damage":0,"enemies":"3 Byrds","floor":19,"turns":3},{"damage":10,"enemies":"downfall:FleeingMerchant","floor":21,"turns":4},{"damage":0,"enemies":"Chosen","floor":23,"turns":2},{"damage":0,"enemies":"Centurion and Healer","floor":26,"turns":4},{"damage":0,"enemies":"Snake Plant","floor":27,"turns":4},{"damage":0,"enemies":"3 Cultists","floor":28,"turns":4},{"damage":0,"enemies":"Gremlin Leader","floor":30,"turns":3},{"damage":0,"enemies":"Sentry and Sphere","floor":31,"turns":7},{"damage":0,"enemies":"Snake Plant","floor":32,"turns":4},{"damage":0,"enemies":"SI_MIRROR_ARCHETYPE","floor":33,"turns":12},{"damage":0,"enemies":"3 Shapes","floor":36,"turns":2},{"damage":0,"enemies":"downfall:FleeingMerchant","floor":38,"turns":3},{"damage":0,"enemies":"Orb Walker","floor":39,"turns":1},{"damage":14,"enemies":"Maw","floor":40,"turns":5},{"damage":0,"enemies":"3 Darklings","floor":42,"turns":7},{"damage":0,"enemies":"Jaw Worm Horde","floor":43,"turns":2},{"damage":9,"enemies":"Sphere and 2 Shapes","floor":45,"turns":3},{"damage":0,"enemies":"Transient","floor":46,"turns":5},{"damage":0,"enemies":"Reptomancer","floor":47,"turns":4},{"damage":0,"enemies":"Jaw Worm Horde","floor":49,"turns":4},{"damage":0,"enemies":"WA_ARCHETYPE_DIVINITY","floor":50,"turns":6},{"damage":28,"enemies":"downfall:CharBossMerchant","floor":52,"turns":3}],"seed_played":"-3656856863409828816","potions_obtained":[{"floor":10,"key":"Guardian:AcceleratePotion"},{"floor":11,"key":"Swift Potion"},{"floor":14,"key":"Dexterity Potion"},{"floor":15,"key":"ColorlessPotion"},{"floor":16,"key":"LiquidMemories"},{"floor":19,"key":"DuplicationPotion"},{"floor":21,"key":"Energy Potion"},{"floor":22,"key":"CultistPotion"},{"floor":23,"key":"Strength Potion"},{"floor":27,"key":"SneckoOil"},{"floor":28,"key":"Swift Potion"},{"floor":30,"key":"Block Potion"},{"floor":31,"key":"Fire Potion"},{"floor":32,"key":"DistilledChaos"},{"floor":33,"key":"SteroidPotion"},{"floor":36,"key":"Fire Potion"},{"floor":38,"key":"Weak Potion"},{"floor":39,"key":"Block Potion"},{"floor":40,"key":"BlessingOfTheForge"},{"floor":42,"key":"Swift Potion"},{"floor":43,"key":"Guardian:StasisDiscoveryPotion"},{"floor":46,"key":"DistilledChaos"},{"floor":47,"key":"champ:CounterPotion"},{"floor":49,"key":"DuplicationPotion"}],"is_trial":true,"path_per_floor":["R","M","M","?","M","R","T","?","R","$","E","R","?","M","M","B",null,"R","M","?","$","?","M","T","?","M","M","M","?","E","M","M","B",null,"R","M","?","$","M","M","T","M","M","R","M","M","E","R","M","B",null,"E"],"character_chosen":"GUARDIAN","items_purchased":["Guardian:Planning","Guardian:Suspension","Guardian:Gem_Yellow"],"campfire_rested":0,"item_purchase_floors":[10,38,38],"current_hp_per_floor":[78,72,72,72,72,72,72,71,70,69,68,67,66,61,58,43,62,61,60,44,34,34,34,34,26,25,26,25,24,25,24,25,24,23,22,21,20,21,22,8,8,8,10,20,11,11,13,13,15,15,26,0,0,0],"gold":663,"neow_bonus":"","is_daily":false,"chose_seed":false,"campfire_upgraded":7,"win_rate":0.0,"timestamp":1613225429,"path_taken":["R","M","M","?","M","R","T","?","R","$","E","R","?","M","M","BOSS","R","M","?","$","?","M","T","?","M","M","M","?","E","?","M","BOSS","R","M","?","$","M","M","T","M","M","R","M","M","E","R","M","BOSS","E"],"items_purchased_type":["Card","Card","Card"],"build_version":"2020-12-22","purchased_purges":0,"victory":false,"max_hp_per_floor":[78,77,76,75,74,73,72,71,70,69,68,67,66,65,64,63,62,61,60,59,58,57,56,55,26,25,26,25,24,25,24,25,24,23,22,21,20,21,22,21,20,19,20,29,28,27,28,27,28,27,26,26,26,26],"card_choices":[{"not_picked":["Guardian:Gem_Green","Guardian:BronzeOrb"],"picked":"Guardian:Gem_Blue","floor":2},{"not_picked":["Guardian:TemporalShield","Guardian:Gem_Green"],"picked":"Guardian:PrimingBeam","floor":3},{"not_picked":["Guardian:Incinerate","Guardian:RollAttack"],"picked":"Guardian:CrystalBeam","floor":5},{"not_picked":["Guardian:AncientConstruct","Guardian:Preprogram","Guardian:Gem_Lightblue"],"picked":"SKIP","floor":10},{"not_picked":["Guardian:Preprogram","Guardian:TemporalStrike","Guardian:Gem_Red"],"picked":"SKIP","floor":11},{"not_picked":["Guardian:Gem_Lightblue","Guardian:BronzeArmor","Guardian:FuturePlans"],"picked":"SKIP","floor":14},{"not_picked":["Guardian:MultiBeam","Guardian:Preprogram"],"picked":"Guardian:Clone","floor":15},{"not_picked":["Guardian:RevengeProtocol","Guardian:GemFinder"],"picked":"Guardian:SphericShield","floor":16},{"not_picked":[],"picked":"Guardian:Reroute","floor":19},{"not_picked":["Guardian:BronzeArmor"],"picked":"SKIP","floor":21},{"not_picked":["Guardian:TemporalStrike"],"picked":"SKIP","floor":23},{"not_picked":[],"picked":"Guardian:Gem_White","floor":26},{"not_picked":["Guardian:ShieldCharger+1"],"picked":"Singing Bowl","floor":27},{"not_picked":[],"picked":"Guardian:VentSteam","floor":28},{"not_picked":["Guardian:Recover"],"picked":"Singing Bowl","floor":30},{"not_picked":[],"picked":"Guardian:Gem_Yellow","floor":31},{"not_picked":["Guardian:GuardianWhirl+1"],"picked":"Singing Bowl","floor":32},{"not_picked":[],"picked":"Guardian:StasisStrike+1","floor":33},{"not_picked":[],"picked":"Guardian:Gem_Blue","floor":36},{"not_picked":["Guardian:BronzeOrb+1"],"picked":"Singing Bowl","floor":38},{"not_picked":["Guardian:BronzeOrb+1"],"picked":"Singing Bowl","floor":39},{"not_picked":[],"picked":"Guardian:Gem_Cyan","floor":40},{"not_picked":[],"picked":"Guardian:Gem_Crimson","floor":42},{"not_picked":["Guardian:TimeBomb+1"],"picked":"Singing Bowl","floor":43},{"not_picked":[],"picked":"Guardian:TimeCapacitor+1","floor":45},{"not_picked":[],"picked":"Guardian:CrystalBeam+1","floor":46},{"not_picked":["Guardian:PiercingHide+1"],"picked":"Singing Bowl","floor":47},{"not_picked":["Guardian:TemporalStrike+1"],"picked":"Singing Bowl","floor":49}],"player_experience":1622597,"relics_obtained":[{"floor":7,"key":"White Beast Statue"},{"floor":11,"key":"Shuriken"},{"floor":20,"key":"Necronomicon"},{"floor":24,"key":"Singing Bowl"},{"floor":30,"key":"Molten Egg 2"},{"floor":47,"key":"Oddly Smooth Stone"}],"event_choices":[{"damage_healed":0,"gold_gain":0,"cards_transformed":["The Bomb"],"player_choice":"Change","damage_taken":0,"max_hp_gain":0,"max_hp_loss":0,"event_name":"Living Wall","floor":8,"gold_loss":0,"cards_obtained":["Good Instincts"]},{"damage_healed":0,"gold_gain":0,"player_choice":"Ignored","damage_taken":0,"max_hp_gain":0,"max_hp_loss":0,"event_name":"NoteForYourself","floor":13,"gold_loss":0},{"damage_healed":0,"gold_gain":0,"player_choice":"Became a Ghost","damage_taken":0,"max_hp_gain":0,"max_hp_loss":28,"event_name":"Ghosts","floor":25,"gold_loss":0,"cards_obtained":["Ghostly","Ghostly","Ghostly","Ghostly","Ghostly"]}],"is_beta":false,"boss_relics":[{"not_picked":["bronze:MakeshiftBattery","Cursed Key"],"picked":"Busted Crown"},{"not_picked":["Velvet Choker","Runic Dome"],"picked":"Philosopher\u0027s Stone"}],"items_purged_floors":[],"is_endless":false,"potions_floor_spawned":[10,11,14,15,16,19,21,23,26,27,28,30,31,32,33,36,38,39,40,42,43,45,46,47,49],"killed_by":"downfall:CharBossMerchant","ascension_level":0}}