{"host":"8ztb9kwpjc2zof9s","time":1613195129,"event":{"mods":["BaseMod","Block Reminder","Curses Come First","Minty Spire (QoL Compilation)","Relic Stats","StSLib"],"gold_per_floor":[114,46,46,46,70,70,83,83,134,99,124,168,168,207,207,335,335,353,371,195,195,16,16,47,47,47,47,47,47],"floor_reached":28,"language":"ENG","playtime":1046,"items_purged":["Strike_G","Strike_G"],"score":372,"play_id":"92dccc8f-31f2-4cf2-abb6-6406e47dc2ce","local_time":"20210212214529","is_ascension_mode":true,"campfire_choices":[{"data":"Footwork","floor":6,"key":"SMITH"},{"data":"Accuracy","floor":8,"key":"SMITH"},{"floor":13,"key":"REST"},{"data":"Footwork","floor":15,"key":"SMITH"},{"floor":23,"key":"REST"},{"floor":25,"key":"REST"},{"floor":27,"key":"REST"}],"circlet_count":0,"master_deck":["AscendersBane","Defend_G","Defend_G","Defend_G","Defend_G","Defend_G","Survivor","Neutralize","Outmaneuver+1","Calculated Gamble+1","Acrobatics+1","Footwork+1","Blade Dance","Accuracy+1","Footwork+1","Malaise","Choke+1","Reflex","Noxious Fumes","Blur","Noxious Fumes","Dash","Shame"],"relics":["Astrolabe","Golden Idol","Pen Nib","Akabeko","Happy Flower","PreservedInsect","Cursed Key","Anchor","Sundial"],"acts_visited":["Exordium","TheCity"],"potions_floor_usage":[19,24],"damage_taken":[{"damage":17,"enemies":"Jaw Worm","floor":1,"turns":9},{"damage":5,"enemies":"2 Louse","floor":5,"turns":6},{"damage":0,"enemies":"Cultist","floor":7,"turns":5},{"damage":36,"enemies":"Gremlin Nob","floor":12,"turns":4},{"damage":6,"enemies":"Lagavulin","floor":14,"turns":10},{"damage":19,"enemies":"The Guardian","floor":16,"turns":20},{"damage":13,"enemies":"Chosen","floor":18,"turns":6},{"damage":7,"enemies":"Shell Parasite","floor":19,"turns":4},{"damage":37,"enemies":"Gremlin Leader","floor":24,"turns":6},{"damage":47,"enemies":"Cultist and Chosen","floor":28,"turns":6}],"seed_played":"-7060078900894876756","potions_obtained":[{"floor":16,"key":"Poison Potion"},{"floor":18,"key":"AttackPotion"},{"floor":24,"key":"FearPotion"}],"is_trial":false,"path_per_floor":["M","$","?","?","M","R","M","R","T","?","T","E","R","E","R","B",null,"M","M","$","?","$","R","E","R","T","R","M"],"character_chosen":"THE_SILENT","items_purchased":["Footwork","Noxious Fumes","Blur","Noxious Fumes"],"campfire_rested":4,"item_purchase_floors":[2,20,20,22],"current_hp_per_floor":[46,46,46,46,41,41,41,41,41,57,57,21,40,34,34,15,53,40,33,33,27,27,46,9,28,28,47,0,0],"gold":47,"neow_bonus":"BOSS_RELIC","is_daily":false,"chose_seed":false,"campfire_upgraded":3,"win_rate":0.0,"timestamp":1613195129,"path_taken":["M","$","?","?","M","R","M","R","T","?","?","E","R","E","R","BOSS","M","?","$","?","$","R","E","R","T","R","M"],"items_purchased_type":["Card","Card","Card","Card"],"build_version":"2020-12-22","purchased_purges":2,"victory":false,"max_hp_per_floor":[70,70,65,65,65,65,65,65,65,65,65,65,65,65,65,65,65,65,65,65,65,65,65,65,65,65,65,65,65],"relic_stats":{"Happy Flower":[17],"counters":[10,76],"Golden Idol":65,"Sundial":[0],"Astrolabe":["Outmaneuver","Calculated Gamble","Acrobatics"],"Pen Nib":[10],"PreservedInsect":47,"Cursed Key":1,"obtain_stats":[{"Anchor":24,"Happy Flower":12,"Golden Idol":3,"Sundial":26,"Astrolabe":0,"Pen Nib":9,"PreservedInsect":14,"Cursed Key":17,"Akabeko":11,"Ring of the Snake":0},{"Anchor":9,"Happy Flower":4,"Golden Idol":1,"Sundial":9,"Astrolabe":0,"Pen Nib":3,"PreservedInsect":5,"Cursed Key":6,"Akabeko":3,"Ring of the Snake":0},{"Anchor":70,"Happy Flower":24,"Golden Idol":9,"Sundial":70,"Astrolabe":0,"Pen Nib":20,"PreservedInsect":34,"Cursed Key":54,"Akabeko":20,"Ring of the Snake":0}]},"card_choices":[{"not_picked":["Bane","Outmaneuver","Riddle With Holes"],"picked":"SKIP","floor":1},{"not_picked":["Heel Hook","Backflip"],"picked":"Blade Dance","floor":5},{"not_picked":["Slice","Dagger Spray"],"picked":"Accuracy","floor":7},{"not_picked":["Bane","Slice","Sucker Punch"],"picked":"SKIP","floor":12},{"not_picked":["Night Terror","Bane"],"picked":"Footwork","floor":14},{"not_picked":["Grand Finale","Wraith Form v2"],"picked":"Malaise","floor":16},{"not_picked":["Flying Knee","Underhanded Strike"],"picked":"Choke+1","floor":18},{"not_picked":["Sucker Punch","Choke"],"picked":"Reflex","floor":19},{"not_picked":["Dagger Spray","Dagger Throw"],"picked":"Dash","floor":24}],"player_experience":315797,"relics_obtained":[{"floor":9,"key":"Pen Nib"},{"floor":11,"key":"Akabeko"},{"floor":12,"key":"Happy Flower"},{"floor":14,"key":"PreservedInsect"},{"floor":24,"key":"Anchor"},{"floor":26,"key":"Sundial"}],"event_choices":[{"damage_healed":0,"gold_gain":0,"player_choice":"Lose Max HP","damage_taken":0,"relics_obtained":["Golden Idol"],"max_hp_gain":0,"max_hp_loss":5,"event_name":"Golden Idol","floor":3,"gold_loss":0},{"damage_healed":0,"gold_gain":0,"player_choice":"Ignored","damage_taken":0,"max_hp_gain":0,"max_hp_loss":0,"event_name":"Shining Light","floor":4,"gold_loss":0},{"damage_healed":16,"gold_gain":0,"player_choice":"Healed","damage_taken":0,"max_hp_gain":0,"max_hp_loss":0,"event_name":"The Cleric","floor":10,"gold_loss":35},{"damage_healed":0,"gold_gain":0,"player_choice":"","damage_taken":6,"max_hp_gain":0,"max_hp_loss":0,"event_name":"Knowing Skull","floor":21,"potions_obtained":[],"gold_loss":0,"cards_obtained":[]}],"is_beta":false,"boss_relics":[{"not_picked":["Calling Bell","Ectoplasm"],"picked":"Cursed Key"}],"items_purged_floors":[20,22],"is_endless":false,"potions_floor_spawned":[16,18,24],"killed_by":"Cultist and Chosen","ascension_level":11}}