{"host":"19tvufa8xx4wr4o1","time":1613250460,"event":{"mods":["AchievementEnabler","BaseMod","Better Sensory Stone","Better Third Choice","Highlight Path","Minty Spire (QoL Compilation)","Relic Stats","StSLib"],"gold_per_floor":[113,113,137,27,27,27,62,62,140,140,40,54,70,106,106,197,197,222,202,222,246,265,265,17,17,40,80,80,80,105,140,152,258,270,295,326,356,368,380,380],"floor_reached":39,"language":"ENG","playtime":2213,"items_purged":["Shame","Pain"],"score":719,"play_id":"dc9b9708-91ce-46bc-bb53-c951d4bf5b18","local_time":"20210213150740","is_ascension_mode":true,"campfire_choices":[{"data":"Noxious Fumes","floor":6.0,"key":"SMITH"},{"data":"Predator","floor":8.0,"key":"SMITH"},{"data":"Neutralize","floor":10.0,"key":"SMITH"},{"data":"Bane","floor":15.0,"key":"SMITH"},{"floor":23.0,"key":"REST"},{"data":"A Thousand Cuts","floor":25.0,"key":"SMITH"},{"floor":29.0,"key":"DIG"},{"floor":32.0,"key":"REST"}],"circlet_count":0,"master_deck":["AscendersBane","Strike_G","Strike_G","Strike_G","Strike_G","Strike_G","Defend_G","Defend_G","Defend_G","Defend_G","Defend_G","Survivor","Neutralize+1","Noxious Fumes+1","Leg Sweep","Predator+1","Crippling Poison","Infinite Blades","Bane+1","A Thousand Cuts+1","PiercingWail","Backflip+1","Blade Dance","Tools of the Trade","Envenom","Blur","Clumsy"],"relics":["Ring of the Snake","Golden Idol","WarpedTongs","Pocketwatch","Shuriken","StoneCalendar","SlaversCollar","Meat on the Bone","Anchor","Shovel","Nloth\u0027s Gift","MawBank","Cursed Key","Blue Candle"],"acts_visited":["Exordium","TheCity","TheBeyond"],"potions_floor_usage":[],"damage_taken":[{"damage":1.0,"enemies":"2 Louse","floor":1.0,"turns":3.0},{"damage":0.0,"enemies":"Small Slimes","floor":3.0,"turns":4.0},{"damage":8.0,"enemies":"3 Sentries","floor":7.0,"turns":8.0},{"damage":0.0,"enemies":"Cultist","floor":12.0,"turns":3.0},{"damage":10.0,"enemies":"Large Slime","floor":13.0,"turns":6.0},{"damage":19.0,"enemies":"Lagavulin","floor":14.0,"turns":7.0},{"damage":4.0,"enemies":"Hexaghost","floor":16.0,"turns":7.0},{"damage":18.0,"enemies":"Spheric Guardian","floor":18.0,"turns":7.0},{"damage":0.0,"enemies":"Chosen","floor":20.0,"turns":4.0},{"damage":10.0,"enemies":"Sentry and Sphere","floor":21.0,"turns":6.0},{"damage":8.0,"enemies":"Cultist and Chosen","floor":22.0,"turns":7.0},{"damage":14.0,"enemies":"Book of Stabbing","floor":27.0,"turns":7.0},{"damage":15.0,"enemies":"Snake Plant","floor":30.0,"turns":5.0},{"damage":14.0,"enemies":"Centurion and Healer","floor":31.0,"turns":6.0},{"damage":17.0,"enemies":"Automaton","floor":33.0,"turns":9.0},{"damage":13.0,"enemies":"Orb Walker","floor":35.0,"turns":4.0},{"damage":28.0,"enemies":"3 Darklings","floor":36.0,"turns":5.0},{"damage":19,"enemies":"Jaw Worm Horde","floor":37,"turns":5},{"damage":48,"enemies":"Spire Growth","floor":39,"turns":4}],"seed_played":"-1571047128222351790","potions_obtained":[{"floor":3.0,"key":"Block Potion"},{"floor":7.0,"key":"FearPotion"},{"floor":12.0,"key":"Block Potion"},{"floor":14.0,"key":"PowerPotion"},{"floor":22.0,"key":"ColorlessPotion"},{"floor":27.0,"key":"Fruit Juice"},{"floor":31.0,"key":"Block Potion"},{"floor":33.0,"key":"FairyPotion"}],"is_trial":false,"path_per_floor":["M","?","M","$","?","R","E","R","T","R","$","M","M","E","R","B",null,"M","?","M","M","M","R","$","R","T","E","?","R","M","M","R","B",null,"M","M","M","T","M"],"character_chosen":"THE_SILENT","items_purchased":["Leg Sweep","Meat on the Bone"],"campfire_rested":2,"item_purchase_floors":[4,24],"current_hp_per_floor":[58,58,58,58,58,58,50,50,50,50,50,50,40,21,21,17,49,31,31,31,21,13,31,31,31,31,34,34,34,31,29,48,43,60,47,31,24,24,0,0],"gold":380,"neow_bonus":"ONE_RARE_RELIC","is_daily":false,"chose_seed":false,"campfire_upgraded":5,"win_rate":0.0,"timestamp":1613250460,"path_taken":["M","?","M","$","?","R","E","R","T","R","$","M","?","E","R","BOSS","M","?","?","M","M","R","$","R","T","E","?","R","M","?","R","BOSS","M","?","M","?","M"],"items_purchased_type":["Card","Relic"],"build_version":"2020-12-22","purchased_purges":2,"victory":false,"max_hp_per_floor":[66,60,60,60,60,60,60,60,60,60,60,60,60,60,60,60,60,60,60,60,60,60,60,60,60,60,65,65,65,65,65,65,65,65,65,65,65,65,65,65],"relic_stats":{"counters":[19,107],"Golden Idol":107,"Blue Candle":[0],"StoneCalendar":[101],"MawBank":120,"Cursed Key":1,"WarpedTongs":[99],"Shovel":1,"Shuriken":[26],"Nloth\u0027s Gift":1,"obtain_stats":[{"Golden Idol":2,"Blue Candle":38,"StoneCalendar":14,"MawBank":29,"Cursed Key":34,"WarpedTongs":5,"SlaversCollar":17,"Anchor":26,"Shovel":27,"Shuriken":9,"Nloth\u0027s Gift":28,"Unceasing Top":0,"Ring of the Snake":0,"Pocketwatch":7,"Meat on the Bone":24},{"Golden Idol":1,"Blue Candle":18,"StoneCalendar":6,"MawBank":12,"Cursed Key":15,"WarpedTongs":2,"SlaversCollar":7,"Anchor":11,"Shovel":12,"Shuriken":3,"Nloth\u0027s Gift":12,"Unceasing Top":0,"Ring of the Snake":0,"Pocketwatch":3,"Meat on the Bone":11},{"Golden Idol":3,"Blue Candle":103,"StoneCalendar":31,"MawBank":69,"Cursed Key":89,"WarpedTongs":7,"SlaversCollar":38,"Anchor":62,"Shovel":69,"Shuriken":15,"Nloth\u0027s Gift":69,"Unceasing Top":0,"Ring of the Snake":0,"Pocketwatch":15,"Meat on the Bone":62}],"Ring of the Snake":[38],"Pocketwatch":[132],"Meat on the Bone":72},"card_choices":[{"not_picked":["Concentrate","PiercingWail","Cloak And Dagger"],"picked":"SKIP","floor":1.0},{"not_picked":["Endless Agony","Accuracy"],"picked":"Noxious Fumes","floor":3.0},{"not_picked":["Poisoned Stab","Deflect"],"picked":"Predator","floor":7.0},{"not_picked":["Poisoned Stab","Quick Slash"],"picked":"Crippling Poison","floor":12.0},{"not_picked":["Sucker Punch","PiercingWail"],"picked":"Infinite Blades","floor":13.0},{"not_picked":["Dash","Poisoned Stab"],"picked":"Bane","floor":14.0},{"not_picked":["Grand Finale","Unload"],"picked":"A Thousand Cuts","floor":16.0},{"not_picked":["Cloak And Dagger","Escape Plan+1"],"picked":"PiercingWail","floor":18.0},{"not_picked":["Finisher","Dodge and Roll","Eviscerate+1"],"picked":"SKIP","floor":20.0},{"not_picked":["Tools of the Trade","Masterful Stab"],"picked":"Backflip+1","floor":21.0},{"not_picked":["Outmaneuver+1","Backflip","Acrobatics"],"picked":"SKIP","floor":22.0},{"not_picked":["Sucker Punch","Noxious Fumes","Concentrate"],"picked":"SKIP","floor":27.0},{"not_picked":["Infinite Blades","Distraction"],"picked":"Blade Dance","floor":30.0},{"not_picked":["Dash","Heel Hook"],"picked":"Tools of the Trade","floor":31.0},{"not_picked":["Grand Finale","Tools of the Trade"],"picked":"Envenom","floor":33.0},{"not_picked":["Cloak And Dagger","Heel Hook+1","All Out Attack"],"picked":"SKIP","floor":35.0},{"not_picked":["Outmaneuver+1","Backstab","Infinite Blades"],"picked":"SKIP","floor":36.0},{"not_picked":["Well Laid Plans","Finisher"],"picked":"Blur","floor":37}],"player_experience":633613,"relics_obtained":[{"floor":7.0,"key":"Pocketwatch"},{"floor":9.0,"key":"Shuriken"},{"floor":14.0,"key":"StoneCalendar"},{"floor":26.0,"key":"Anchor"},{"floor":27.0,"key":"Shovel"},{"floor":29.0,"key":"MawBank"},{"floor":38,"key":"Blue Candle"}],"event_choices":[{"damage_healed":0.0,"max_hp_gain":0.0,"max_hp_loss":6.0,"gold_gain":0.0,"event_name":"Golden Idol","player_choice":"Lose Max HP","floor":2.0,"gold_loss":0.0,"damage_taken":0.0,"relics_obtained":["Golden Idol"]},{"damage_healed":0.0,"max_hp_gain":0.0,"max_hp_loss":0.0,"gold_gain":0.0,"event_name":"Accursed Blacksmith","player_choice":"Rummage","floor":5.0,"gold_loss":0.0,"damage_taken":0.0,"relics_obtained":["WarpedTongs"],"cards_obtained":["Pain"]},{"damage_healed":0.0,"max_hp_gain":0.0,"max_hp_loss":0.0,"gold_gain":0.0,"event_name":"The Woman in Blue","player_choice":"Bought 1 Potion","floor":19.0,"gold_loss":0.0,"damage_taken":0.0},{"damage_healed":0.0,"max_hp_gain":0.0,"max_hp_loss":0.0,"gold_gain":0.0,"event_name":"N\u0027loth","player_choice":"Traded Relic","floor":28.0,"relics_lost":["Unceasing Top"],"gold_loss":0.0,"damage_taken":0.0,"relics_obtained":["Nloth\u0027s Gift"]}],"is_beta":false,"boss_relics":[{"not_picked":["HoveringKite","Astrolabe"],"picked":"SlaversCollar"},{"not_picked":["Empty Cage","Coffee Dripper"],"picked":"Cursed Key"}],"items_purged_floors":[4,11],"is_endless":false,"potions_floor_spawned":[3,7,12,14,18,22,27,31,33],"killed_by":"Spire Growth","ascension_level":15}}