{"host":"d9m9v0h6vo0edadb","time":1613233211,"event":{"mods":["BaseMod","Hermit","Keyboard Shortcuts","Minty Spire (QoL Compilation)","StSLib","SuperFastMode","The Cursed"],"gold_per_floor":[112,24,37,37,37,77,77,2,51,75,90,140,163,203,203,203,203],"floor_reached":16,"language":"KOR","playtime":179,"items_purged":["Strike_G"],"score":270,"play_id":"ee6a5a08-e752-4916-9abf-af4b325ec706","local_time":"20210214012011","is_ascension_mode":true,"campfire_choices":[{"data":"Corpse Explosion","floor":7,"key":"SMITH"},{"data":"Bouncing Flask","floor":15,"key":"SMITH"}],"circlet_count":0,"master_deck":["AscendersBane","Strike_G","Strike_G","Strike_G","Strike_G","Defend_G","Defend_G","Defend_G","Defend_G","Defend_G","Survivor","Neutralize","Deadly Poison","Corpse Explosion+1","Acrobatics","Adrenaline","Deadly Poison","Bouncing Flask+1"],"relics":["Ring of the Snake","NeowsBlessing","Golden Idol","Blood Vial","Toy Ornithopter","Lantern"],"acts_visited":["Exordium"],"potions_floor_usage":[14,14],"damage_taken":[{"damage":0.0,"enemies":"Jaw Worm","floor":1.0,"turns":1.0},{"damage":0.0,"enemies":"Small Slimes","floor":3.0,"turns":1.0},{"damage":0,"enemies":"3 Sentries","floor":6,"turns":1},{"damage":0,"enemies":"Cultist","floor":10,"turns":3},{"damage":17,"enemies":"Exordium Thugs","floor":11,"turns":5},{"damage":0,"enemies":"Blue Slaver","floor":13,"turns":4},{"damage":22,"enemies":"Lagavulin","floor":14,"turns":6},{"damage":48,"enemies":"Slime Boss","floor":16,"turns":6}],"seed_played":"-1540939162154207686","potions_obtained":[{"floor":3.0,"key":"SteroidPotion"},{"floor":6,"key":"CultistPotion"},{"floor":13,"key":"AttackPotion"}],"is_trial":false,"path_per_floor":["M","$","M","?","?","E","R","$","T","M","M","?","M","E","R","B"],"character_chosen":"THE_SILENT","items_purchased":["Corpse Explosion"],"campfire_rested":0,"item_purchase_floors":[2],"current_hp_per_floor":[59,59,59,59,59,59,59,59,59,60,43,43,45,35,35,0,0],"gold":203,"neow_bonus":"THREE_ENEMY_KILL","is_daily":false,"chose_seed":false,"campfire_upgraded":2,"win_rate":0.0,"timestamp":1613233211,"path_taken":["M","$","M","?","?","E","R","$","T","M","M","?","?","E","R","BOSS"],"items_purchased_type":["Card"],"build_version":"2020-12-22","purchased_purges":1,"victory":false,"max_hp_per_floor":[66,66,66,60,60,60,60,60,60,60,60,60,60,60,60,60,60],"card_choices":[{"not_picked":["Backflip","Dash"],"picked":"Deadly Poison","floor":1.0},{"not_picked":["Dodge and Roll","Slice"],"picked":"Acrobatics","floor":3.0},{"not_picked":["Dodge and Roll","Underhanded Strike"],"picked":"Adrenaline","floor":6},{"not_picked":["Blade Dance","Dodge and Roll","Outmaneuver"],"picked":"SKIP","floor":10},{"not_picked":["Blade Dance","Leg Sweep"],"picked":"Deadly Poison","floor":11},{"not_picked":["Footwork","Predator"],"picked":"Bouncing Flask","floor":13},{"not_picked":["Dagger Spray","Flying Knee","Cloak And Dagger"],"picked":"SKIP","floor":14}],"player_experience":1014611,"relics_obtained":[{"floor":6,"key":"Blood Vial"},{"floor":9,"key":"Toy Ornithopter"},{"floor":14,"key":"Lantern"}],"event_choices":[{"damage_healed":0.0,"max_hp_gain":0.0,"max_hp_loss":6.0,"gold_gain":0.0,"event_name":"Golden Idol","player_choice":"Lose Max HP","floor":4.0,"gold_loss":0.0,"damage_taken":0.0,"relics_obtained":["Golden Idol"]},{"damage_healed":0,"gold_gain":0,"player_choice":"Leave","damage_taken":0,"max_hp_gain":0,"max_hp_loss":0,"event_name":"The Cleric","floor":5,"gold_loss":0},{"damage_healed":0,"gold_gain":50,"player_choice":"Pray","damage_taken":0,"max_hp_gain":0,"max_hp_loss":0,"event_name":"Golden Shrine","floor":12,"gold_loss":0}],"is_beta":false,"boss_relics":[],"items_purged_floors":[8],"is_endless":false,"potions_floor_spawned":[3,6,10,13],"killed_by":"Slime Boss","ascension_level":20}}