{"host":"mb4cisebr17g8vuz","time":1613239922,"event":{"mods":["AchievementEnabler","BaseMod","Colored Map","Colored Powertips","Minty Spire (QoL Compilation)","SuperFastMode","everything is the same but u backflip on backflip"],"gold_per_floor":[416,426,439,439,41,41,74,74,101,101,127,144,154,154,154,225,225,242,262,160,160,160],"floor_reached":21,"language":"KOR","playtime":768,"items_purged":["Strike_R","Strike_R+1"],"score":369,"play_id":"5f3028ba-d40b-424b-be56-c028d3eeb89d","local_time":"20210213131202","is_ascension_mode":true,"campfire_choices":[{"data":"Searing Blow","floor":6.0,"key":"SMITH"},{"data":"Searing Blow+1","floor":8.0,"key":"SMITH"},{"data":"Searing Blow+2","floor":10.0,"key":"SMITH"},{"data":"Searing Blow+3","floor":15.0,"key":"SMITH"}],"circlet_count":0,"master_deck":["AscendersBane","Defend_R","Defend_R","Defend_R","Defend_R","Bash+1","Uppercut","Searing Blow+4","Second Wind","Headbutt","Battle Trance","Pommel Strike","Shrug It Off"],"relics":["Burning Blood","Old Coin","Ancient Tea Set","Smiling Mask","Potion Belt","Whetstone","Empty Cage"],"acts_visited":["Exordium","TheCity"],"potions_floor_usage":[19],"damage_taken":[{"damage":2.0,"enemies":"Cultist","floor":1.0,"turns":4.0},{"damage":5.0,"enemies":"Small Slimes","floor":2.0,"turns":4.0},{"damage":7.0,"enemies":"2 Louse","floor":3.0,"turns":4.0},{"damage":45.0,"enemies":"Lagavulin","floor":7.0,"turns":9.0},{"damage":8.0,"enemies":"Gremlin Nob","floor":11.0,"turns":3.0},{"damage":0.0,"enemies":"Large Slime","floor":12.0,"turns":4.0},{"damage":11.0,"enemies":"Looter","floor":13.0,"turns":2.0},{"damage":29.0,"enemies":"The Guardian","floor":16.0,"turns":6.0},{"damage":25.0,"enemies":"3 Byrds","floor":18.0,"turns":6.0},{"damage":27,"enemies":"Shell Parasite","floor":19,"turns":4}],"seed_played":"2095095262961276484","potions_obtained":[{"floor":1.0,"key":"Block Potion"},{"floor":3.0,"key":"BloodPotion"},{"floor":11.0,"key":"PowerPotion"},{"floor":16.0,"key":"Block Potion"},{"floor":18.0,"key":"Energy Potion"},{"floor":19,"key":"Dexterity Potion"}],"is_trial":false,"path_per_floor":["M","M","M","?","$","R","E","R","T","R","E","M","M","?","R","B",null,"M","M","$","?"],"character_chosen":"IRONCLAD","items_purchased":["Searing Blow","Ancient Tea Set","Second Wind","Shrug It Off"],"campfire_rested":0,"item_purchase_floors":[5,5,5,20],"current_hp_per_floor":[68,68,67,67,67,67,28,28,28,28,26,32,27,20,20,10,54,35,14,14,0,0],"gold":160,"neow_bonus":"ONE_RARE_RELIC","is_daily":false,"chose_seed":false,"campfire_upgraded":4,"win_rate":0.0,"timestamp":1613239922,"path_taken":["M","M","M","?","$","R","E","R","T","R","E","M","?","?","R","BOSS","M","M","$","?"],"items_purchased_type":["Card","Relic","Card","Card"],"build_version":"2020-12-22","purchased_purges":2,"victory":false,"max_hp_per_floor":[68,68,68,68,68,68,68,68,68,68,68,68,68,68,68,68,68,68,68,68,73,73],"card_choices":[{"not_picked":["Metallicize","Disarm","Bloodletting"],"picked":"SKIP","floor":1.0},{"not_picked":["True Grit","Headbutt","Warcry"],"picked":"SKIP","floor":2.0},{"not_picked":["Clothesline","Sword Boomerang"],"picked":"Uppercut","floor":3.0},{"not_picked":["Warcry","Twin Strike","Berserk"],"picked":"SKIP","floor":7.0},{"not_picked":["Inflame","Ghostly Armor"],"picked":"Headbutt","floor":11.0},{"not_picked":["Rage","Shrug It Off"],"picked":"Battle Trance","floor":12.0},{"not_picked":["Headbutt","Havoc","Entrench"],"picked":"SKIP","floor":13.0},{"not_picked":["Headbutt","Heavy Blade","Disarm"],"picked":"SKIP","floor":18.0},{"not_picked":["Evolve+1","Armaments"],"picked":"Pommel Strike","floor":19}],"player_experience":254397,"relics_obtained":[{"floor":7.0,"key":"Smiling Mask"},{"floor":9.0,"key":"Potion Belt"},{"floor":11.0,"key":"Whetstone"}],"event_choices":[{"damage_healed":0.0,"max_hp_gain":0.0,"max_hp_loss":0.0,"gold_gain":0.0,"event_name":"Match and Keep!","player_choice":"0 cards matched","floor":4.0,"gold_loss":0.0,"damage_taken":0.0,"cards_obtained":[]},{"cards_removed":["Strike_R"],"damage_healed":0.0,"max_hp_gain":0.0,"max_hp_loss":0.0,"gold_gain":0.0,"event_name":"Golden Wing","player_choice":"Card Removal","floor":14.0,"gold_loss":0.0,"damage_taken":7.0}],"is_beta":false,"boss_relics":[{"not_picked":["Pandora\u0027s Box","SacredBark"],"picked":"Empty Cage"}],"items_purged_floors":[5,20],"is_endless":false,"potions_floor_spawned":[1,3,11,16,18,19],"ascension_level":19}}