{"host":"k1qq3tnzhl68zvao","time":1613178777,"event":{"mods":["ATMod(阿瑾Mod)","AchievementEnabler","BaseMod","Colored Powertips","Conspire","DeckTracker","Downfall","Energized Spire","GifTheSpireLib","Minty Spire (QoL Compilation)","Quick Restart","Relic Filter Mod","Replay The Spire","Spicy Shops","StSLib","【遗物卡牌】REMEMod"],"gold_per_floor":[114,114,127,143,153,181,181,214,214,225,5,50,50,50,50,145,145,158,203,223,223,70,104,104,117,168,168,168,168,185,185,185],"floor_reached":31,"language":"ZHS","playtime":1989,"items_purged":["Strike_R","Defend_R"],"score":479,"play_id":"91e6d0b9-66b2-4b1b-b508-19a0def7e0ea","local_time":"20210213091257","is_ascension_mode":true,"campfire_choices":[{"data":"AT_FamilyPortrait","floor":7.0,"key":"SMITH"},{"data":"Clash","floor":15.0,"key":"SMITH"},{"data":"Flex","floor":24.0,"key":"SMITH"},{"floor":29.0,"key":"REST"}],"circlet_count":0,"master_deck":["AscendersBane","Strike_R","Defend_R","Defend_R","Bash+1","AT_FamilyPortrait+1","Feed","Rupture","Dropkick","ReplayTheSpireMod:Strike From Hell","ReplayTheSpireMod:Strike From Hell","Dual Wield+1","Iron Wave","Iron Wave","Clash+1","Demon Form","Pummel","Flex+1","Whirlwind"],"relics":["Burning Blood","AT_ATBox","REME_ComplimentaryCards","Art of War","Counterbalance","Unceasing Top","REME_PuzzleBoxRelic","energizedSpire:NeverEndingSparkler","Ring of Searing","AT_BellDemon","Toy Ornithopter","Gremlin Food","Nloth\u0027s Gift","ReplayTheSpireMod:TigerMarble"],"acts_visited":["Exordium","TheCity"],"potions_floor_usage":[],"damage_taken":[{"damage":1.0,"enemies":"Cultist","floor":1.0,"turns":4.0},{"damage":4.0,"enemies":"Small Slimes","floor":3.0,"turns":4.0},{"damage":1.0,"enemies":"2 Louse","floor":4.0,"turns":4.0},{"damage":3.0,"enemies":"Blue Slaver","floor":5.0,"turns":2.0},{"damage":30.0,"enemies":"Lagavulin","floor":6.0,"turns":7.0},{"damage":16.0,"enemies":"Gremlin Nob","floor":8.0,"turns":3.0},{"damage":8.0,"enemies":"Red Slaver","floor":10.0,"turns":4.0},{"damage":8.0,"enemies":"3 Sentries","floor":12.0,"turns":6.0},{"damage":28.0,"enemies":"Hexaghost","floor":16.0,"turns":9.0},{"damage":2.0,"enemies":"Spheric Guardian","floor":18.0,"turns":4.0},{"damage":5.0,"enemies":"3 Byrds","floor":19.0,"turns":3.0},{"damage":3.0,"enemies":"Snecko","floor":20.0,"turns":4.0},{"damage":40.0,"enemies":"conspire:Head Lice","floor":23.0,"turns":6.0},{"damage":44.0,"enemies":"Shelled Parasite and Fungi","floor":25.0,"turns":3.0},{"damage":0.0,"enemies":"Cultist and Chosen","floor":28.0,"turns":1.0},{"damage":57.0,"enemies":"Centurion and Healer","floor":30.0,"turns":3.0},{"damage":0,"enemies":"Slavers","floor":31,"turns":1}],"seed_played":"3723111336370680696","potions_obtained":[{"floor":5.0,"key":"Fire Potion"},{"floor":10.0,"key":"BlessingOfTheForge"},{"floor":12.0,"key":"Languid Potion"},{"floor":16.0,"key":"FearPotion"},{"floor":23.0,"key":"champ:CounterPotion"},{"floor":25.0,"key":"champ:CounterPotion"}],"is_trial":false,"path_per_floor":["M","?","M","M","M","E","R","E","T","M","$","E","$","?","R","B",null,"M","M","M","?","$","E","R","M","T","?","M","R","M","E"],"character_chosen":"IRONCLAD","items_purchased":["Iron Wave","AT_BellDemon"],"campfire_rested":1,"item_purchase_floors":[11,22],"current_hp_per_floor":[59,59,64,75,78,57,57,50,50,51,51,57,57,57,57,35,87,91,95,98,98,98,64,64,34,34,34,40,73,25,25,25],"gold":185,"neow_bonus":"REMOVE_TWO","is_daily":false,"chose_seed":false,"campfire_upgraded":3,"win_rate":0.0,"timestamp":1613178777,"path_taken":["M","?","?","M","?","E","R","E","T","M","?","E","$","?","R","BOSS","M","M","M","?","$","E","R","M","T","?","?","M","M","E"],"items_purchased_type":["Card","Relic"],"build_version":"2020-12-22","purchased_purges":2,"victory":false,"max_hp_per_floor":[83,83,86,92,92,95,95,98,98,101,101,104,104,104,104,104,104,104,107,107,107,107,107,107,110,110,110,110,110,113,113,113],"card_choices":[{"not_picked":["Wild Strike","Pummel"],"picked":"Rupture","floor":1.0},{"not_picked":["Clash","Twin Strike"],"picked":"Dropkick","floor":3.0},{"not_picked":["Abandon","Wild Strike","Clothesline"],"picked":"SKIP","floor":4.0},{"not_picked":["Run Through","AT_CaressingTears"],"picked":"ReplayTheSpireMod:Strike From Hell","floor":5.0},{"not_picked":["AT_IchimonjiDouble","Fire Breathing"],"picked":"ReplayTheSpireMod:Strike From Hell","floor":6.0},{"not_picked":["Defy Death","Shrug It Off"],"picked":"Dual Wield","floor":8.0},{"not_picked":["Fire Breathing","Defy Death","Inflame"],"picked":"SKIP","floor":10.0},{"not_picked":["Clothesline","Evolve"],"picked":"Clash","floor":12.0},{"not_picked":["Demonic Infusion","Barricade"],"picked":"Demon Form","floor":16.0},{"not_picked":["Flame Barrier","ReplayReversal","Clothesline+1"],"picked":"SKIP","floor":18.0},{"not_picked":["Dropkick+1","Shrug It Off+1"],"picked":"Pummel","floor":19.0},{"not_picked":["Pommel Strike","ReplayTheSpireMod:Strike From Hell"],"picked":"Flex","floor":20.0},{"not_picked":["conspire:Charge","Iron Wave+1","Thunderclap"],"picked":"SKIP","floor":23.0},{"not_picked":["Heavy Blade+1","Armaments"],"picked":"Whirlwind","floor":25.0},{"not_picked":["Fire Breathing","Carnage","Disarm"],"picked":"SKIP","floor":30.0}],"player_experience":561878,"relics_obtained":[{"floor":6.0,"key":"Art of War"},{"floor":8.0,"key":"Counterbalance"},{"floor":9.0,"key":"Unceasing Top"},{"floor":12.0,"key":"REME_PuzzleBoxRelic"},{"floor":21.0,"key":"Ring of Searing"},{"floor":23.0,"key":"Toy Ornithopter"},{"floor":25.0,"key":"Bird Faced Urn"},{"floor":26.0,"key":"Gremlin Food"},{"floor":30.0,"key":"ReplayTheSpireMod:TigerMarble"}],"event_choices":[{"cards_removed":["Strike_R"],"damage_healed":0.0,"max_hp_gain":0.0,"max_hp_loss":0.0,"gold_gain":0.0,"event_name":"Bonfire Elementals","player_choice":"Offered Basic","floor":2.0,"gold_loss":0.0,"damage_taken":0.0},{"damage_healed":0.0,"max_hp_gain":0.0,"max_hp_loss":0.0,"gold_gain":0.0,"event_name":"Living Wall","player_choice":"Grow","floor":14.0,"gold_loss":0.0,"damage_taken":0.0,"cards_upgraded":["Dual Wield"]},{"damage_healed":0.0,"max_hp_gain":0.0,"max_hp_loss":0.0,"gold_gain":0.0,"event_name":"N\u0027loth","player_choice":"Traded Relic","floor":27.0,"relics_lost":["Bird Faced Urn"],"gold_loss":0.0,"damage_taken":0.0,"relics_obtained":["Nloth\u0027s Gift"]}],"is_beta":false,"boss_relics":[{"not_picked":["Ectoplasm","Painkiller Herb"],"picked":"energizedSpire:NeverEndingSparkler"}],"items_purged_floors":[11,11],"is_endless":false,"potions_floor_spawned":[5,10,12,16,18,23,25],"killed_by":"Slavers","ascension_level":11}}