{"host":"o0df4zrtlkp0p8rf","time":1613211312,"event":{"mods":["2.2 Compatiblity","Act Like it!","Arknights","BaseMod","Bestiary","Better Third Choice","BetterRewards","Colored Map","Conspire","Downfall","Energized Spire","GifTheSpireLib","Halation","Hermit","Highlight Path","Hubris","Infinite Spire","Mimic Mod","Minty Spire (QoL Compilation)","Rare Cards Sparkle","Replay The Spire","Shop Mod","Small Relic Pack","Spire Arcade","StSLib","Stuff the Spire","The Jungle"],"gold_per_floor":[119,119,136,136,153,184,184,36,72,72,103,103,103,114,114,217,167,186,261,261,276,291,291,291,234,273,273,306,666,666,684,684,784,784,803,60,60,71,21,54,54,88,122,122,122,136,169,180,180,277,277,277,277],"floor_reached":52,"language":"ENG","playtime":4745,"items_purged":["hermit:LoneWolf"],"score":764,"play_id":"f6b073bf-6a5f-47bd-bfee-c14041fc9b54","local_time":"20210213021512","is_ascension_mode":false,"campfire_choices":[{"data":"hermit:CalledShot","floor":10.0,"key":"SMITH"},{"data":"Good Instincts","floor":12.0,"key":"SMITH"},{"floor":15.0,"key":"REST"},{"floor":23.0,"key":"REST"},{"data":"infinitespire:Starlight","floor":27.0,"key":"SMITH"},{"floor":30.0,"key":"REST"},{"data":"hubris:DoWhile+1","floor":32.0,"key":"PURGE"},{"floor":49,"key":"REST"}],"circlet_count":0,"master_deck":["hermit:Strike_Hermit","hermit:Strike_Hermit","hermit:Strike_Hermit","hermit:Strike_Hermit","hermit:Defend_Hermit","hermit:Defend_Hermit","hermit:Defend_Hermit","hermit:Snapshot","hermit:Covet","hermit:Quickdraw","hermit:Roulette","hermit:Vantage+1","hermit:FlashPowder","hermit:CalledShot+1","hermit:Shortfuse+1","hermit:Dissolve","Replay:BasicMightCard","hermit:Snipe","hermit:FinalCanter+1","hermit:Strike_Hermit+1","Dark Shackles","hermit:Headshot+1","infinitespire:SevenWalls+1","infinitespire:Starlight+1","hermit:PistolWhip+1","hermit:Horror+1","hermit:Showdown+1","Jack Of All Trades","hermit:BlackWind+1","hermit:LuckOfTheDraw","Metamorphosis","infinitespire:SevenWalls+1","hermit:Combo+1","hermit:Gambit"],"relics":["hermit:Momento","halation:EternalFortune","Smiling Mask","conspire:TreasureMap","StuffTheSpire:OldFever","Molten Egg 2","Replay:Grab Bag","Busted Crown","energizedSpire:HugeHouse","hubris:Stopwatch","ReplayTheSpireMod:EnergyBall","infinitespire:Bottled Soul","MealTicket","Fusion Hammer","Chameleon Ring","relicPack:WeightedSword","Mummified Hand","StuffTheSpire:Barrel","conspire:Boomerang","relicPack:DSword","infinitespire:FocusingShard","Replay:Fungal Core"],"acts_visited":["Exordium","TheCity","TheBeyond","Exordium"],"potions_floor_usage":[40,42,42,42,42,47,50,50],"damage_taken":[{"damage":0.0,"enemies":"conspire:RoseBush","floor":1.0,"turns":3.0},{"damage":1.0,"enemies":"Cultist","floor":3.0,"turns":4.0},{"damage":1.0,"enemies":"ats:Genji","floor":5.0,"turns":3.0},{"damage":25.0,"enemies":"3 Sentries","floor":6.0,"turns":8.0},{"damage":3.0,"enemies":"conspire:2 RoseBushes","floor":9.0,"turns":6.0},{"damage":28.0,"enemies":"Gremlin Nob","floor":11.0,"turns":4.0},{"damage":3.0,"enemies":"conspire:2 RoseBushes","floor":14.0,"turns":5.0},{"damage":29.0,"enemies":"The Guardian","floor":16.0,"turns":15.0},{"damage":5.0,"enemies":"Spheric Guardian","floor":18.0,"turns":5.0},{"damage":6.0,"enemies":"Chosen","floor":21.0,"turns":5.0},{"damage":6.0,"enemies":"Snake Plant","floor":22.0,"turns":3.0},{"damage":2.0,"enemies":"Chosen and Byrds","floor":26.0,"turns":5.0},{"damage":9.0,"enemies":"Nightmare","floor":28.0,"turns":8.0},{"damage":0.0,"enemies":"Chosen and Byrds","floor":31.0,"turns":5.0},{"damage":69.0,"enemies":"Champ","floor":33.0,"turns":13.0},{"damage":0.0,"enemies":"3 Shapes","floor":35.0,"turns":4.0},{"damage":0,"enemies":"Orb Walker","floor":38,"turns":3},{"damage":0,"enemies":"Reptomancer","floor":40,"turns":6},{"damage":78,"enemies":"Nemesis","floor":42,"turns":6},{"damage":0,"enemies":"Jaw Worm Horde","floor":43,"turns":6},{"damage":24,"enemies":"Jaw Worm Horde","floor":46,"turns":5},{"damage":59,"enemies":"Nightmare","floor":47,"turns":8},{"damage":25,"enemies":"4 Shapes","floor":48,"turns":3},{"damage":16,"enemies":"Time Eater","floor":50,"turns":10},{"damage":0,"enemies":"Cultist","floor":52,"turns":1}],"seed_played":"7190309278059135521","potions_obtained":[{"floor":1.0,"key":"PowerPotion"},{"floor":11.0,"key":"LiquidMemories"},{"floor":16.0,"key":"Block Potion"},{"floor":18.0,"key":"AttackPotion"},{"floor":28.0,"key":"Toxic Potion"},{"floor":31.0,"key":"DistilledChaos"},{"floor":33.0,"key":"BlessingOfTheForge"},{"floor":38,"key":"EntropicBrew"},{"floor":40,"key":"Swift Potion"},{"floor":44,"key":"LifebloodPotion"},{"floor":47,"key":"Fire Potion"},{"floor":50,"key":"EssenceOfSteel"}],"is_trial":false,"path_per_floor":["M","?","M","?","M","E","?","$","MIM","R","E","R","?","M","R","B",null,"M","?","AVR","M","M","R","?","$","MIM","R","NM","?","R","M","R_BF","B",null,"M","$","?","M","$","E","R","E","MIM","R","?","M","NM","M","R","B",null,"M"],"character_chosen":"HERMIT","items_purchased":["conspire:TreasureMap","hermit:Showdown+1","Chameleon Ring","relicPack:WeightedSword","DistilledChaos","hermit:LuckOfTheDraw","Metamorphosis"],"campfire_rested":4,"item_purchase_floors":[8,25,36,36,36,36,36],"current_hp_per_floor":[75,75,74,77,76,51,51,51,48,48,20,20,20,17,40,11,73,68,61,61,65,59,73,73,73,71,71,76,4,26,56,56,34,76,76,76,76,79,79,79,79,31,79,79,44,50,51,41,64,78,79,79,79],"gold":277,"neow_bonus":"RANDOM_COLORLESS","is_daily":false,"chose_seed":false,"campfire_upgraded":3,"win_rate":0.0,"timestamp":1613211312,"path_taken":["M","?","?","?","M","E","?","$","MIM","R","E","R","?","M","R","BOSS","M","?","AVR","M","?","R","?","?","MIM","R","NM","?","R","?","R_BF","BOSS","M","$","?","M","$","E","R","E","MIM","R","?","M","NM","M","R","BOSS","M"],"items_purchased_type":["Relic","Card","Relic","Relic","Potion","Card","Card"],"build_version":"2020-12-22","purchased_purges":1,"victory":false,"max_hp_per_floor":[75,75,75,78,78,78,78,78,78,78,78,78,78,78,78,78,73,73,73,73,73,73,73,73,73,73,73,76,76,76,76,76,76,76,76,76,76,79,79,79,79,79,79,79,79,79,79,79,79,79,79,79,79],"card_choices":[{"not_picked":["Swift Strike","Dark Shackles"],"picked":"Good Instincts","floor":0.0},{"not_picked":["hermit:Scavenge","hermit:DeadMansHand"],"picked":"hermit:Quickdraw","floor":1.0},{"not_picked":["hermit:Manifest","hermit:BodyArmor"],"picked":"hermit:Roulette","floor":3.0},{"not_picked":["hermit:Dive","hermit:Coalescence"],"picked":"hermit:Vantage","floor":5.0},{"not_picked":["hermit:LowProfile","hermit:Roulette"],"picked":"hermit:FlashPowder","floor":6.0},{"not_picked":["hermit:Misfire","hermit:SprayPray"],"picked":"hermit:CalledShot","floor":9.0},{"not_picked":["hermit:CursedWeapon+1","hermit:Dissolve"],"picked":"hermit:Shortfuse+1","floor":11.0},{"not_picked":["hermit:Roulette+1","hermit:Spite+1"],"picked":"hermit:Snipe","floor":14.0},{"not_picked":["hermit:BlackWind+1","hermit:Gambit"],"picked":"hermit:FinalCanter+1","floor":16.0},{"not_picked":[],"picked":"hermit:Headshot+1","floor":18.0},{"not_picked":[],"picked":"hermit:PistolWhip+1","floor":21.0},{"not_picked":[],"picked":"hermit:Horror+1","floor":22.0},{"not_picked":["hermit:Coalescence"],"picked":"SKIP","floor":28.0},{"not_picked":["hermit:Snipe"],"picked":"SKIP","floor":31.0},{"not_picked":[],"picked":"hermit:BlackWind+1","floor":33.0},{"not_picked":["hermit:NoHoldsBarred+1"],"picked":"SKIP","floor":35.0},{"not_picked":[],"picked":"hermit:LoneWolf","floor":38},{"not_picked":["hermit:HoleUp+1"],"picked":"SKIP","floor":40},{"not_picked":["hermit:CalledShot+1"],"picked":"SKIP","floor":42},{"not_picked":["hermit:WideOpen+1"],"picked":"SKIP","floor":46},{"not_picked":["ReplayTheSpireMod:Black Plague","infinitespire:NeuralNetwork"],"picked":"infinitespire:SevenWalls","floor":47},{"not_picked":["hermit:Enervate+1"],"picked":"SKIP","floor":47},{"not_picked":[],"picked":"hermit:Combo+1","floor":48},{"not_picked":[],"picked":"hermit:Gambit","floor":50}],"player_experience":167955,"relics_obtained":[{"floor":6.0,"key":"Smiling Mask"},{"floor":9.0,"key":"StuffTheSpire:OldFever"},{"floor":11.0,"key":"Molten Egg 2"},{"floor":26.0,"key":"infinitespire:Bottled Soul"},{"floor":28.0,"key":"halation:EternalFortune"},{"floor":28.0,"key":"MealTicket"},{"floor":38,"key":"halation:EternalFortune"},{"floor":40,"key":"Mummified Hand"},{"floor":42,"key":"StuffTheSpire:Barrel"},{"floor":43,"key":"conspire:Boomerang"},{"floor":47,"key":"infinitespire:FocusingShard"}],"event_choices":[{"cards_removed":["hermit:Defend_Hermit"],"damage_healed":0.0,"max_hp_gain":0.0,"max_hp_loss":0.0,"gold_gain":0.0,"event_name":"NoteForYourself","player_choice":"Took Card","floor":2.0,"gold_loss":0.0,"damage_taken":0.0,"cards_obtained":["hubris:DoWhile"]},{"damage_healed":0.0,"max_hp_gain":0.0,"max_hp_loss":0.0,"gold_gain":0.0,"event_name":"Match and Keep!","player_choice":"2 cards matched","floor":13.0,"gold_loss":0.0,"damage_taken":0.0,"cards_obtained":["hermit:Dissolve","Replay:BasicMightCard"]},{"damage_healed":0.0,"max_hp_gain":0.0,"max_hp_loss":0.0,"gold_gain":75.0,"event_name":"FaceTrader","player_choice":"Touch","floor":19.0,"gold_loss":0.0,"damage_taken":7.0},{"damage_healed":0.0,"max_hp_gain":0.0,"max_hp_loss":0.0,"gold_gain":0.0,"event_name":"Vampires","player_choice":"Ignored","floor":24.0,"gold_loss":0.0,"damage_taken":0.0},{"damage_healed":0.0,"max_hp_gain":0.0,"max_hp_loss":0.0,"gold_gain":360.0,"event_name":"Knowing Skull","player_choice":"POTION CARD POTION POTION POTION GOLD GOLD GOLD GOLD ","floor":29.0,"potions_obtained":["hermit:BlackBile","BlessingOfTheForge","Cursed Concoction","Weak Potion"],"gold_loss":0.0,"damage_taken":72.0,"cards_obtained":["Jack Of All Trades"]}],"is_beta":false,"boss_relics":[{"not_picked":["energizedSpire:RedRose","Replay:Drink Me"],"picked":"Replay:Grab Bag"},{"not_picked":["StuffTheSpire:RunicConfusion","conspire:SeveredTorchhead"],"picked":"Busted Crown"},{"not_picked":["conspire:RoyalGoblet","hubris:RunicObelisk"],"picked":"energizedSpire:HugeHouse"},{"not_picked":["halation:Prosthetics","halation:HeavySnake"],"picked":"hubris:Stopwatch"},{"not_picked":["Abe\u0027s Treasure","ReplayTheSpireMod:DimensionalGlitch"],"picked":"Fusion Hammer"},{"not_picked":["Empty Cage","hermit:BartenderGlass"],"picked":"Replay:Fungal Core"}],"items_purged_floors":[39],"is_endless":true,"potions_floor_spawned":[1,11,16,18,28,31,33,38,40,47,50],"killed_by":"Cultist","ascension_level":0}}