{"host":"bsgp9wgausrmthh2","time":1613234782,"event":{"mods":["AchievementEnabler","BaseMod","Colored Map","Minty Spire (QoL Compilation)","StSLib"],"gold_per_floor":[111,111,33,33,51,51,3,3,30,30,30,43,58,58,58,58,58],"floor_reached":16,"language":"ENG","playtime":692,"items_purged":[],"score":88,"play_id":"357ada62-51d5-42c0-8e14-835a1aa638a0","local_time":"20210213114622","is_ascension_mode":false,"campfire_choices":[{"floor":6,"key":"RECALL"},{"data":"Blur","floor":11,"key":"SMITH"},{"data":"Crippling Poison","floor":15,"key":"SMITH"}],"circlet_count":0,"master_deck":["Strike_G","Strike_G","Strike_G","Strike_G","Strike_G","Defend_G","Defend_G+1","Defend_G","Defend_G+1","Defend_G","Survivor","Neutralize","Sucker Punch+1","Blur+1","Injury","Poisoned Stab","Bane","Cloak And Dagger","Crippling Poison+1","Neutralize"],"relics":["Ring of the Snake","NeowsBlessing","Golden Idol"],"acts_visited":["Exordium"],"potions_floor_usage":[],"damage_taken":[{"damage":0,"enemies":"Small Slimes","floor":1,"turns":1},{"damage":0,"enemies":"Jaw Worm","floor":5,"turns":1},{"damage":0,"enemies":"2 Louse","floor":12,"turns":1},{"damage":9,"enemies":"2 Fungi Beasts","floor":13,"turns":4},{"damage":47,"enemies":"Slime Boss","floor":16,"turns":8}],"seed_played":"-2285013728324292068","potions_obtained":[{"floor":5,"key":"SteroidPotion"}],"is_trial":false,"path_per_floor":["M","?","$","?","M","R","$","?","T","?","R","M","M","?","R","B"],"character_chosen":"THE_SILENT","items_purchased":["Blur","Bane"],"campfire_rested":0,"item_purchase_floors":[3,7],"current_hp_per_floor":[70,70,70,70,70,70,70,70,70,56,56,56,47,47,47,0,0],"gold":58,"neow_bonus":"THREE_ENEMY_KILL","is_daily":false,"chose_seed":false,"campfire_upgraded":2,"win_rate":0.0,"timestamp":1613234782,"path_taken":["M","?","$","?","M","R","$","?","T","?","R","M","M","?","R","BOSS"],"items_purchased_type":["Card","Card"],"build_version":"2020-12-22","purchased_purges":0,"victory":false,"max_hp_per_floor":[70,70,70,70,70,70,70,70,70,70,70,70,70,70,70,70,70],"card_choices":[{"not_picked":["Bane","Cloak And Dagger"],"picked":"Sucker Punch","floor":1},{"not_picked":["Slice","Deflect"],"picked":"Poisoned Stab","floor":5},{"not_picked":["Deflect","Prepared"],"picked":"Cloak And Dagger","floor":12},{"not_picked":["Flying Knee","Blade Dance"],"picked":"Crippling Poison","floor":13}],"player_experience":216898,"relics_obtained":[],"event_choices":[{"damage_healed":0,"gold_gain":0,"player_choice":"Ignored","damage_taken":0,"max_hp_gain":0,"max_hp_loss":0,"event_name":"Golden Wing","floor":2,"gold_loss":0},{"damage_healed":0,"gold_gain":0,"player_choice":"Take Wound","damage_taken":0,"relics_obtained":["Golden Idol"],"max_hp_gain":0,"max_hp_loss":0,"event_name":"Golden Idol","floor":4,"gold_loss":0,"cards_obtained":["Injury"]},{"damage_healed":0,"gold_gain":0,"player_choice":"Grow","damage_taken":0,"max_hp_gain":0,"max_hp_loss":0,"event_name":"Living Wall","floor":8,"gold_loss":0,"cards_upgraded":["Sucker Punch"]},{"damage_healed":0,"gold_gain":0,"player_choice":"Entered Light","damage_taken":14,"max_hp_gain":0,"max_hp_loss":0,"event_name":"Shining Light","floor":10,"gold_loss":0,"cards_upgraded":["Defend_G","Defend_G"]},{"damage_healed":0,"gold_gain":0,"player_choice":"1 cards matched","damage_taken":0,"max_hp_gain":0,"max_hp_loss":0,"event_name":"Match and Keep!","floor":14,"gold_loss":0,"cards_obtained":["Neutralize"]}],"is_beta":false,"boss_relics":[],"items_purged_floors":[],"is_endless":false,"potions_floor_spawned":[5],"killed_by":"Slime Boss","ascension_level":0}}