{"host":"kfd0jpqqxt101ydt","time":1613218883,"event":{"mods":["BaseMod","Downfall","Googly Eyes","Highlight Path","Minty Spire (QoL Compilation)","StSLib"],"gold_per_floor":[99,109,122,122,132,132,132,307,307,136,195,215,243,243,260,356,356,356,373,11,21,21,35,35,35,84,84,184,84,96,125,139,239,239,239,255,255,267,278,296,323,336,349,96,110,110,143,143,43,43],"floor_reached":51,"language":"ENG","playtime":2456,"items_purged":["Doubt","bronze:Strike","bronze:Strike"],"score":924,"play_id":"1fd49105-fc28-4caf-9397-37ed3482ff97","local_time":"20210213142123","is_ascension_mode":false,"campfire_choices":[{"data":"bronze:Replicate","floor":1,"key":"SMITH"},{"data":"bronze:DigitalCarnage","floor":6,"key":"SMITH"},{"data":"bronze:Boost","floor":9,"key":"SMITH"},{"floor":18,"key":"RECALL"},{"floor":27,"key":"REST"},{"floor":29,"key":"REST"},{"floor":35,"key":"REST"},{"floor":49,"key":"REST"}],"circlet_count":0,"master_deck":["bronze:Defend","bronze:Defend","bronze:Defend","bronze:Replicate+1","bronze:Goto","bronze:DigitalCarnage+1","bronze:Boost+1","bronze:NullPointer+1","bronze:ChosenStrike+1","bronze:Branch","bronze:Deprecate","bronze:RecursiveStrike+1","bronze:Frontload+1","bronze:BronzeOrb","bronze:Format+1","bronze:Branch+1","bronze:GetLatest+1","bronze:GetLatest+1","bronze:Shell+1"],"relics":["bronze:BronzeCore","HornCleat","Anchor","Bottled Lightning","Fusion Hammer","Toxic Egg 2","MealTicket","Enchiridion","Potion Belt","Gambling Chip","Meat on the Bone","downfall:HeartBlessingRed","Lantern","Runic Pyramid","Ornamental Fan","InkBottle","downfall:HeartBlessingBlue"],"acts_visited":["Exordium","TheCity","TheBeyond"],"potions_floor_usage":[13,16,23,33,50],"damage_taken":[{"damage":0,"enemies":"Cultist","floor":2,"turns":3},{"damage":5,"enemies":"Small Slimes","floor":3,"turns":3},{"damage":1,"enemies":"Jaw Worm","floor":5,"turns":2},{"damage":0,"enemies":"downfall:FleeingMerchant","floor":10,"turns":4},{"damage":9,"enemies":"3 Sentries","floor":11,"turns":8},{"damage":0,"enemies":"Large Slime","floor":12,"turns":4},{"damage":0,"enemies":"Lagavulin","floor":13,"turns":4},{"damage":0,"enemies":"Blue Slaver","floor":15,"turns":2},{"damage":31,"enemies":"DF_ARCHETYPE_STREAMLINE","floor":16,"turns":9},{"damage":0,"enemies":"3 Byrds","floor":19,"turns":5},{"damage":0,"enemies":"downfall:FleeingMerchant","floor":20,"turns":4},{"damage":0,"enemies":"Spheric Guardian","floor":21,"turns":3},{"damage":0,"enemies":"Snecko","floor":23,"turns":3},{"damage":0,"enemies":"downfall:FleeingMerchant","floor":26,"turns":4},{"damage":0,"enemies":"SI_SHIV_ARCHETYPE","floor":28,"turns":5},{"damage":0,"enemies":"Centurion and Healer","floor":30,"turns":3},{"damage":0,"enemies":"Gremlin Leader","floor":31,"turns":5},{"damage":0,"enemies":"Shelled Parasite and Fungi","floor":32,"turns":2},{"damage":0,"enemies":"WA_ARCHETYPE_CALM","floor":33,"turns":5},{"damage":0,"enemies":"Orb Walker","floor":36,"turns":2},{"damage":0,"enemies":"3 Darklings","floor":38,"turns":2},{"damage":0,"enemies":"Spire Growth","floor":39,"turns":2},{"damage":0,"enemies":"Writhing Mass","floor":40,"turns":3},{"damage":1,"enemies":"3 Darklings","floor":42,"turns":5},{"damage":0,"enemies":"Jaw Worm Horde","floor":43,"turns":3},{"damage":0,"enemies":"Transient","floor":45,"turns":5},{"damage":0,"enemies":"Reptomancer","floor":47,"turns":5},{"damage":14,"enemies":"SI_POISON_ARCHETYPE","floor":50,"turns":7}],"seed_played":"-7915071992262593642","potions_obtained":[{"floor":5,"key":"FairyPotion"},{"floor":11,"key":"Regen Potion"},{"floor":12,"key":"CultistPotion"},{"floor":13,"key":"Strength Potion"},{"floor":16,"key":"champ:CounterPotion"},{"floor":23,"key":"Swift Potion"},{"floor":28,"key":"Ancient Potion"},{"floor":31,"key":"Block Potion"},{"floor":36,"key":"Swift Potion"},{"floor":38,"key":"Slimebound:ThreeZeroPotion"},{"floor":47,"key":"Fire Potion"}],"is_trial":false,"path_per_floor":["R","M","M","?","M","R","T","?","R","$","?","M","E","?","M","B",null,"R","M","$","M","?","M","T","?","$","R","?","R","M","E","M","B",null,"R","M","?","M","M","M","T","M","M","$","M","?","E","?","R","B",null],"character_chosen":"THE_AUTOMATON","items_purchased":["bronze:ChosenStrike","Toxic Egg 2","Potion Belt","Ornamental Fan"],"campfire_rested":4,"item_purchase_floors":[10,20,26,44],"current_hp_per_floor":[70,70,65,65,64,64,64,64,64,64,55,55,55,55,55,24,70,70,70,70,70,70,70,70,54,69,70,70,70,70,70,70,70,70,70,70,70,70,70,70,70,69,69,70,70,70,70,70,80,66],"gold":43,"neow_bonus":"REMOVE_CARD","is_daily":false,"chose_seed":false,"campfire_upgraded":3,"win_rate":0.0,"timestamp":1613218883,"path_taken":["R","M","M","?","?","R","T","?","R","$","?","M","E","?","M","BOSS","R","M","$","?","?","M","T","?","?","R","?","R","M","E","M","BOSS","R","M","?","M","?","M","T","M","M","?","M","?","E","?","R","BOSS"],"items_purchased_type":["Card","Relic","Relic","Relic"],"build_version":"2020-12-22","purchased_purges":3,"victory":true,"max_hp_per_floor":[70,70,70,70,70,70,70,70,70,70,70,70,70,70,70,70,70,70,70,70,70,70,70,70,70,70,70,70,70,70,70,70,70,70,70,70,70,70,70,70,70,70,70,70,70,70,70,70,80,80],"card_choices":[{"not_picked":["bronze:Branch","bronze:Iterate"],"picked":"bronze:DigitalCarnage","floor":2},{"not_picked":["bronze:Backtrace","bronze:ForLoop","bronze:Repulsor"],"picked":"SKIP","floor":3},{"not_picked":["bronze:Shell","bronze:BugBarrage"],"picked":"bronze:Boost","floor":5},{"not_picked":["bronze:FindAndReplace","bronze:Fortify"],"picked":"bronze:NullPointer","floor":10},{"not_picked":["bronze:BitShift","bronze:DelayedGuard"],"picked":"bronze:Branch","floor":11},{"not_picked":["bronze:BugBarrage","bronze:OilSpill","bronze:Backtrace"],"picked":"SKIP","floor":12},{"not_picked":["bronze:DelayedSlice","bronze:Return"],"picked":"bronze:Deprecate","floor":13},{"not_picked":["bronze:ForceShield","bronze:Branch","bronze:Break"],"picked":"SKIP","floor":15},{"not_picked":["bronze:Assembly","bronze:Format"],"picked":"bronze:RecursiveStrike","floor":16},{"not_picked":["bronze:ClassDefault+1","bronze:FineTuning+1","bronze:BuggyMess"],"picked":"SKIP","floor":19},{"not_picked":["bronze:DarkDash","bronze:WhirlingStrike","bronze:Philosophize"],"picked":"SKIP","floor":20},{"not_picked":["bronze:BugBarrage","bronze:Deprecate+1"],"picked":"bronze:Frontload+1","floor":21},{"not_picked":["bronze:BitShift+1","bronze:Frontload+1"],"picked":"bronze:BronzeOrb","floor":23},{"not_picked":["bronze:CloningBeam","bronze:ForceShield+1","bronze:FineTuning+1"],"picked":"SKIP","floor":26},{"not_picked":["bronze:Backtrace","bronze:Shield+1","bronze:Virus"],"picked":"SKIP","floor":30},{"not_picked":["bronze:WhirlingStrike","bronze:NullPointer","bronze:ChosenStrike"],"picked":"SKIP","floor":31},{"not_picked":["bronze:ForceShield+1","bronze:Branch","bronze:Return+1"],"picked":"SKIP","floor":32},{"not_picked":["bronze:ShipIt","bronze:CleanCode"],"picked":"bronze:Format+1","floor":33},{"not_picked":["bronze:Shield+1","bronze:DelayedSlice+1"],"picked":"bronze:Branch+1","floor":36},{"not_picked":["bronze:DelayedSlice+1","bronze:FineTuning+1","bronze:Allocate+1"],"picked":"SKIP","floor":38},{"not_picked":["bronze:Allocate+1","bronze:WhirlingStrike+1","bronze:Iterate"],"picked":"SKIP","floor":39},{"not_picked":["bronze:Break","bronze:WildBeam"],"picked":"bronze:GetLatest+1","floor":40},{"not_picked":["bronze:Separator","bronze:FineTuning+1","bronze:Optimize"],"picked":"SKIP","floor":42},{"not_picked":["bronze:Deprecate+1","bronze:Fortify+1"],"picked":"bronze:GetLatest+1","floor":43},{"not_picked":["bronze:BitShift+1","bronze:Overheat+1","bronze:Constructor+1"],"picked":"SKIP","floor":45},{"not_picked":["bronze:Turbo+1","bronze:WhirlingStrike+1"],"picked":"bronze:Shell+1","floor":47}],"player_experience":45264,"relics_obtained":[{"floor":7,"key":"HornCleat"},{"floor":11,"key":"Anchor"},{"floor":13,"key":"Bottled Lightning"},{"floor":24,"key":"MealTicket"},{"floor":25,"key":"Enchiridion"},{"floor":28,"key":"Gambling Chip"},{"floor":28,"key":"Meat on the Bone"},{"floor":31,"key":"Lantern"},{"floor":47,"key":"InkBottle"}],"event_choices":[{"cards_removed":["bronze:Strike"],"damage_healed":0,"gold_gain":0,"player_choice":"Offered Basic","damage_taken":0,"max_hp_gain":0,"max_hp_loss":0,"event_name":"Bonfire Elementals","floor":4,"gold_loss":0},{"cards_removed":["bronze:Defend"],"damage_healed":0,"gold_gain":0,"player_choice":"Card Removal","damage_taken":0,"max_hp_gain":0,"max_hp_loss":0,"event_name":"Wheel of Change","floor":14,"gold_loss":0},{"damage_healed":0,"gold_gain":0,"player_choice":"Ignored","damage_taken":0,"max_hp_gain":0,"max_hp_loss":0,"event_name":"NoteForYourself","floor":48,"gold_loss":0}],"is_beta":false,"boss_relics":[{"not_picked":["Empty Cage","SacredBark"],"picked":"Fusion Hammer"},{"not_picked":["Velvet Choker","Coffee Dripper"],"picked":"Runic Pyramid"}],"items_purged_floors":[10,20,26],"is_endless":false,"potions_floor_spawned":[5,11,12,13,16,23,28,31,32,36,38,40,47],"ascension_level":0}}