{"host":"1stlzvh7atuy33yh","time":1613180103,"event":{"mods":["BaseMod","Colored Map","Colored Powertips","Downfall","Friendly Minions","Minty Spire (QoL Compilation)","StSLib","The Mystic"],"gold_per_floor":[211,211,211,224,240,240,256,267,340,265,275,225,225,255,255,360,360,379,365,365,365],"floor_reached":20,"language":"ENG","playtime":2247,"items_purged":["mysticmod:Defend_Mystic"],"score":176,"play_id":"b8a24213-d90e-4dc5-ae11-1900827e80cc","local_time":"20210212203503","is_ascension_mode":false,"campfire_choices":[{"data":"mysticmod:EbbAndFlow","floor":6,"key":"SMITH"},{"data":"mysticmod:Probe","floor":15,"key":"SMITH"}],"circlet_count":0,"master_deck":["mysticmod:Strike_Mystic","mysticmod:Strike_Mystic","mysticmod:Strike_Mystic","mysticmod:Defend_Mystic","mysticmod:Defend_Mystic","mysticmod:ArcaneDodge","mysticmod:ShockingGrasp+1","mysticmod:Riposte","mysticmod:Alacrity","mysticmod:EbbAndFlow+1","mysticmod:Probe+1","mysticmod:SuddenClarity","mysticmod:Stoneskin","mysticmod:Shield","mysticmod:SuddenClarity","mysticmod:MirrorEntity","mysticmod:Disengage+1","mysticmod:Grapple"],"relics":["mysticmod:SpellBook","Question Card","mysticmod:TrainingManual","Black Star"],"acts_visited":["Exordium","TheCity"],"potions_floor_usage":[16,16,20],"damage_taken":[{"damage":3,"enemies":"Cultist","floor":1,"turns":6},{"damage":0,"enemies":"Jaw Worm","floor":4,"turns":3},{"damage":0,"enemies":"Small Slimes","floor":5,"turns":3},{"damage":3,"enemies":"2 Fungi Beasts","floor":7,"turns":4},{"damage":5,"enemies":"Exordium Thugs","floor":8,"turns":4},{"damage":5,"enemies":"Exordium Wildlife","floor":11,"turns":3},{"damage":9,"enemies":"3 Sentries","floor":14,"turns":11},{"damage":23,"enemies":"The Guardian","floor":16,"turns":13},{"damage":15,"enemies":"Chosen","floor":18,"turns":9},{"damage":29,"enemies":"2 Thieves","floor":19,"turns":4},{"damage":28,"enemies":"3 Cultists","floor":20,"turns":7}],"seed_played":"-4790471279555322304","potions_obtained":[{"floor":4,"key":"FearPotion"},{"floor":7,"key":"SteroidPotion"},{"floor":18,"key":"champ:CounterPotion"}],"is_trial":false,"path_per_floor":["M","T","?","M","M","R","M","M","T","$","M","?","?","E","R","B",null,"M","M","M"],"character_chosen":"MYSTIC_CLASS","items_purchased":[],"campfire_rested":0,"item_purchase_floors":[],"current_hp_per_floor":[74,74,74,74,74,74,71,66,66,66,61,61,61,52,52,29,77,62,33,5,5],"gold":365,"neow_bonus":"HUNDRED_GOLD","is_daily":false,"chose_seed":false,"campfire_upgraded":2,"win_rate":0.0,"timestamp":1613180103,"path_taken":["M","?","?","M","?","R","M","M","T","$","M","?","?","E","R","BOSS","M","M","M"],"items_purchased_type":[],"build_version":"2020-12-22","purchased_purges":1,"victory":false,"max_hp_per_floor":[77,77,77,77,77,77,77,77,77,77,77,77,77,77,77,77,77,77,77,77,77],"card_choices":[{"not_picked":["mysticmod:HeavyStrike","mysticmod:Shield"],"picked":"mysticmod:Riposte","floor":1},{"not_picked":["mysticmod:PowerAttack","mysticmod:HeavyStrike"],"picked":"mysticmod:Alacrity","floor":4},{"not_picked":["mysticmod:CureLightWounds","mysticmod:TomeOfSpells"],"picked":"mysticmod:EbbAndFlow","floor":5},{"not_picked":["mysticmod:BulkUp","mysticmod:KeenEdge"],"picked":"mysticmod:Probe","floor":7},{"not_picked":["mysticmod:Disengage","mysticmod:Alacrity"],"picked":"mysticmod:SuddenClarity","floor":8},{"not_picked":["mysticmod:Disengage","mysticmod:Lunge","mysticmod:Shield"],"picked":"mysticmod:Stoneskin","floor":11},{"not_picked":["mysticmod:BulkUp","mysticmod:Alacrity","mysticmod:EarthenWall"],"picked":"mysticmod:SuddenClarity","floor":14},{"not_picked":["mysticmod:Natural20","mysticmod:Lunge","mysticmod:ClosingBarrage"],"picked":"mysticmod:MirrorEntity","floor":16},{"not_picked":["mysticmod:DiviningBlow","mysticmod:SuddenClarity","mysticmod:Alacrity"],"picked":"mysticmod:Disengage+1","floor":18},{"not_picked":["mysticmod:BulkUp","mysticmod:HunkerDown+1","mysticmod:MirrorStrike"],"picked":"mysticmod:Grapple","floor":19}],"player_experience":97671,"relics_obtained":[{"floor":9,"key":"Question Card"},{"floor":14,"key":"mysticmod:TrainingManual"}],"event_choices":[{"damage_healed":0,"gold_gain":0,"player_choice":"Upgraded","damage_taken":0,"max_hp_gain":0,"max_hp_loss":0,"event_name":"Upgrade Shrine","floor":3,"gold_loss":0,"cards_upgraded":["mysticmod:ShockingGrasp"]},{"cards_removed":["mysticmod:Defend_Mystic"],"damage_healed":0,"gold_gain":0,"player_choice":"Card Removal","damage_taken":0,"max_hp_gain":0,"max_hp_loss":0,"event_name":"The Cleric","floor":12,"gold_loss":50},{"damage_healed":0,"gold_gain":0,"cards_transformed":["mysticmod:Strike_Mystic"],"player_choice":"Transformed","damage_taken":0,"max_hp_gain":0,"max_hp_loss":0,"event_name":"Transmorgrifier","floor":13,"gold_loss":0,"cards_obtained":["mysticmod:Shield"]}],"is_beta":false,"boss_relics":[{"not_picked":["mysticmod:DeckOfManyThings","Velvet Choker"],"picked":"Black Star"}],"items_purged_floors":[10],"is_endless":false,"potions_floor_spawned":[4,7,18],"killed_by":"3 Cultists","ascension_level":0}}