{"host":"utqe55yv0jihe4d6","time":1613186492,"event":{"mods":["2.2 Compatiblity","AchievementEnabler","BaseMod","Block Reminder","Colored Map","Colored Powertips","Minty Spire (QoL Compilation)","Quick Restart","Rare Cards Sparkle","Relic Stats","SuperFastMode"],"gold_per_floor":[114,127,47,59,1,1,15,49,76,108,108,125,159,159,159,233,233,251,8,8,18,36,36,67,67,67,85,0,0,32,46,46,120,120,130,149,165,0,25,57,31,64,64,91,91,91,91,105,105,105,105,105],"floor_reached":51,"language":"ENG","playtime":2539,"items_purged":["Strike_G"],"score":1611,"play_id":"75558b65-88a8-4e41-8ee1-3d4a1f8e19fe","local_time":"20210212222132","is_ascension_mode":true,"campfire_choices":[{"data":"Flechettes","floor":6.0,"key":"SMITH"},{"floor":11.0,"key":"REST"},{"data":"Skewer","floor":15.0,"key":"SMITH"},{"data":"Adrenaline","floor":23.0,"key":"SMITH"},{"data":"Dagger Throw","floor":25.0,"key":"SMITH"},{"floor":32.0,"key":"REST"},{"floor":45.0,"key":"REST"},{"floor":47.0,"key":"RECALL"},{"floor":49.0,"key":"DIG"}],"circlet_count":0,"master_deck":["AscendersBane","Strike_G","Strike_G+1","Defend_G","Defend_G","Defend_G","Defend_G","Defend_G","Survivor","Neutralize+1","Flechettes+1","Skewer+1","Quick Slash","Dagger Throw+1","Adrenaline+1","Dash","Predator","Backstab","Dagger Throw+1","RitualDagger","Noxious Fumes","Cloak And Dagger+1","A Thousand Cuts","Catalyst+1","Backflip+1","Deadly Poison+1","Dagger Throw","Infinite Blades+1"],"relics":["SlaversCollar","Art of War","Vajra","PreservedInsect","Whetstone","Bird Faced Urn","Singing Bowl","HoveringKite","Sling","Ornamental Fan","StoneCalendar","Lantern","Dead Branch","Empty Cage","Red Mask","TungstenRod","Pantograph","Akabeko","Shovel","Mercury Hourglass"],"acts_visited":["Exordium","TheCity","TheBeyond"],"potions_floor_usage":[51],"damage_taken":[{"damage":1.0,"enemies":"Jaw Worm","floor":1.0,"turns":7.0},{"damage":0.0,"enemies":"Cultist","floor":2.0,"turns":5.0},{"damage":7.0,"enemies":"Small Slimes","floor":4.0,"turns":4.0},{"damage":7.0,"enemies":"Exordium Wildlife","floor":7.0,"turns":5.0},{"damage":25.0,"enemies":"3 Sentries","floor":8.0,"turns":8.0},{"damage":15.0,"enemies":"Lagavulin","floor":10.0,"turns":4.0},{"damage":1.0,"enemies":"Red Slaver","floor":12.0,"turns":4.0},{"damage":0.0,"enemies":"3 Sentries","floor":13.0,"turns":3.0},{"damage":12.0,"enemies":"Hexaghost","floor":16.0,"turns":8.0},{"damage":26.0,"enemies":"Shell Parasite","floor":18.0,"turns":7.0},{"damage":11.0,"enemies":"Spheric Guardian","floor":21.0,"turns":4.0},{"damage":21.0,"enemies":"Cultist and Chosen","floor":22.0,"turns":8.0},{"damage":9.0,"enemies":"Book of Stabbing","floor":24.0,"turns":3.0},{"damage":4.0,"enemies":"3 Cultists","floor":27.0,"turns":7.0},{"damage":8.0,"enemies":"Slavers","floor":30.0,"turns":3.0},{"damage":11.0,"enemies":"Sentry and Sphere","floor":31.0,"turns":5.0},{"damage":5.0,"enemies":"Champ","floor":33.0,"turns":9.0},{"damage":0.0,"enemies":"3 Shapes","floor":35.0,"turns":4.0},{"damage":8.0,"enemies":"3 Darklings","floor":36.0,"turns":6.0},{"damage":14.0,"enemies":"Maw","floor":37.0,"turns":7.0},{"damage":0.0,"enemies":"Mind Bloom Boss Battle","floor":39.0,"turns":8.0},{"damage":50.0,"enemies":"Giant Head","floor":40.0,"turns":7.0},{"damage":17.0,"enemies":"Reptomancer","floor":42.0,"turns":5.0},{"damage":10.0,"enemies":"Nemesis","floor":44.0,"turns":3.0},{"damage":1.0,"enemies":"Spire Growth","floor":48.0,"turns":3.0},{"damage":29.0,"enemies":"Donu and Deca","floor":50.0,"turns":8.0},{"damage":97,"enemies":"Awakened One","floor":51,"turns":10}],"seed_played":"4515970820783225768","potions_obtained":[{"floor":2.0,"key":"Energy Potion"},{"floor":7.0,"key":"Fruit Juice"},{"floor":10.0,"key":"Explosive Potion"},{"floor":13.0,"key":"SneckoOil"},{"floor":21.0,"key":"Block Potion"},{"floor":30.0,"key":"EssenceOfSteel"},{"floor":35.0,"key":"Explosive Potion"},{"floor":37.0,"key":"Weak Potion"},{"floor":44.0,"key":"BlessingOfTheForge"},{"floor":48.0,"key":"SpeedPotion"}],"is_trial":false,"path_per_floor":["M","M","$","M","?","R","M","E","T","E","R","M","E","?","R","B",null,"M","$","?","M","M","R","E","R","T","M","?","?","E","M","R","B",null,"M","M","M","?","?","E","$","E","T","E","R","?","R","M","R","B","B"],"character_chosen":"THE_SILENT","items_purchased":["Poison Potion","Quick Slash","Sling","Dagger Throw"],"campfire_rested":3,"item_purchase_floors":[3,3,19,41],"current_hp_per_floor":[58,58,58,51,51,51,44,19,24,9,30,29,29,18,18,6,55,31,31,83,74,55,55,46,46,46,44,44,38,30,21,47,50,79,83,83,73,73,83,41,41,34,34,32,60,60,60,61,61,63,0,0],"gold":105,"neow_bonus":"BOSS_RELIC","is_daily":false,"chose_seed":false,"campfire_upgraded":4,"win_rate":0.0,"timestamp":1613186492,"path_taken":["M","M","$","M","?","R","M","E","T","E","R","?","E","?","R","BOSS","M","$","?","?","M","R","E","R","T","M","?","?","E","M","R","BOSS","M","M","M","?","?","E","?","E","T","E","R","?","R","M","R","BOSS","BOSS"],"items_purchased_type":["Potion","Card","Relic","Card"],"build_version":"2020-12-22","purchased_purges":1,"victory":false,"max_hp_per_floor":[66,66,66,66,66,66,66,66,71,71,71,71,71,71,71,71,71,73,73,83,85,87,87,87,87,87,89,89,89,89,89,89,89,89,89,91,91,91,91,91,91,93,93,95,95,95,95,95,95,95,95,95],"relic_stats":{"Singing Bowl":14,"counters":[27,155],"Dead Branch":[175],"HoveringKite":[61],"StoneCalendar":[184],"PreservedInsect":384,"Whetstone":["Strike_G","Neutralize"],"Mercury Hourglass":[63],"Shovel":1,"Ornamental Fan":[288],"Bird Faced Urn":[68],"Pantograph":50,"Art of War":[7],"obtain_stats":[{"Lantern":28,"Singing Bowl":14,"Dead Branch":30,"Vajra":8,"HoveringKite":17,"StoneCalendar":26,"PreservedInsect":9,"Whetstone":10,"Sling":19,"Empty Cage":34,"Akabeko":42,"Mercury Hourglass":49,"SlaversCollar":0,"Shovel":44,"Ornamental Fan":24,"Bird Faced Urn":13,"Pantograph":40,"Art of War":5,"Red Mask":38,"TungstenRod":39,"Ring of the Snake":0},{"Lantern":14,"Singing Bowl":8,"Dead Branch":15,"Vajra":5,"HoveringKite":9,"StoneCalendar":13,"PreservedInsect":5,"Whetstone":6,"Sling":10,"Empty Cage":17,"Akabeko":23,"Mercury Hourglass":25,"SlaversCollar":0,"Shovel":24,"Ornamental Fan":13,"Bird Faced Urn":8,"Pantograph":22,"Art of War":3,"Red Mask":20,"TungstenRod":21,"Ring of the Snake":0},{"Lantern":77,"Singing Bowl":40,"Dead Branch":80,"Vajra":29,"HoveringKite":48,"StoneCalendar":70,"PreservedInsect":29,"Whetstone":33,"Sling":55,"Empty Cage":94,"Akabeko":131,"Mercury Hourglass":137,"SlaversCollar":0,"Shovel":134,"Ornamental Fan":70,"Bird Faced Urn":40,"Pantograph":126,"Art of War":16,"Red Mask":111,"TungstenRod":119,"Ring of the Snake":0}],"TungstenRod":25},"card_choices":[{"not_picked":["Deflect","Dodge and Roll"],"picked":"Flechettes","floor":1.0},{"not_picked":["Cloak And Dagger","Bane"],"picked":"Skewer","floor":2.0},{"not_picked":["Prepared","Acrobatics"],"picked":"Dagger Throw","floor":4.0},{"not_picked":["Dagger Spray","Poisoned Stab"],"picked":"Adrenaline","floor":7.0},{"not_picked":["Deflect","Acrobatics"],"picked":"Dash","floor":8.0},{"not_picked":["Slice","Flying Knee"],"picked":"Predator","floor":10.0},{"not_picked":["All Out Attack","Dagger Throw","Choke"],"picked":"SKIP","floor":12.0},{"not_picked":["Prepared","Outmaneuver"],"picked":"Backstab","floor":13.0},{"not_picked":["Storm of Steel","Glass Knife"],"picked":"Phantasmal Killer","floor":16.0},{"not_picked":["Deadly Poison","Infinite Blades","Riddle With Holes+1"],"picked":"Singing Bowl","floor":18.0},{"not_picked":["Outmaneuver","Backflip","Bullet Time"],"picked":"Singing Bowl","floor":21.0},{"not_picked":["Prepared","Poisoned Stab","Bane"],"picked":"Singing Bowl","floor":22.0},{"not_picked":["Deadly Poison","Tactician+1"],"picked":"Dagger Throw+1","floor":24.0},{"not_picked":["Bane","Quick Slash","Slice"],"picked":"Singing Bowl","floor":27.0},{"not_picked":["Concentrate","Envenom"],"picked":"Noxious Fumes","floor":30.0},{"not_picked":["Tactician","Acrobatics+1"],"picked":"Cloak And Dagger+1","floor":31.0},{"not_picked":["Grand Finale","Envenom"],"picked":"A Thousand Cuts","floor":33.0},{"not_picked":["Dodge and Roll","Underhanded Strike"],"picked":"Catalyst+1","floor":35.0},{"not_picked":["Backflip","Blur","Underhanded Strike+1"],"picked":"Singing Bowl","floor":36.0},{"not_picked":["Prepared","Sucker Punch+1"],"picked":"Caltrops","floor":37.0},{"not_picked":["Backstab+1","Sucker Punch"],"picked":"Backflip+1","floor":39.0},{"not_picked":["Dodge and Roll","Underhanded Strike"],"picked":"Deadly Poison+1","floor":40.0},{"not_picked":["Deadly Poison","Terror+1","Setup"],"picked":"Singing Bowl","floor":42.0},{"not_picked":["Endless Agony","Skewer","Heel Hook"],"picked":"Singing Bowl","floor":44.0},{"not_picked":["Endless Agony+1","Dagger Throw"],"picked":"Infinite Blades+1","floor":48.0}],"player_experience":3065325,"relics_obtained":[{"floor":8.0,"key":"Vajra"},{"floor":9.0,"key":"PreservedInsect"},{"floor":10.0,"key":"Whetstone"},{"floor":13.0,"key":"Bird Faced Urn"},{"floor":24.0,"key":"Ornamental Fan"},{"floor":26.0,"key":"StoneCalendar"},{"floor":30.0,"key":"Dead Branch"},{"floor":39.0,"key":"TungstenRod"},{"floor":40.0,"key":"Pantograph"},{"floor":42.0,"key":"Akabeko"},{"floor":44.0,"key":"Shovel"},{"floor":49.0,"key":"Mercury Hourglass"}],"event_choices":[{"damage_healed":0.0,"max_hp_gain":0.0,"max_hp_loss":0.0,"gold_gain":0.0,"event_name":"WeMeetAgain","player_choice":"Paid Gold","floor":5.0,"gold_loss":58.0,"damage_taken":0.0,"relics_obtained":["Art of War"]},{"damage_healed":0.0,"max_hp_gain":0.0,"max_hp_loss":0.0,"gold_gain":0.0,"event_name":"Scrap Ooze","player_choice":"Success","floor":14.0,"gold_loss":0.0,"damage_taken":11.0,"relics_obtained":["Singing Bowl"]},{"cards_removed":["Phantasmal Killer"],"damage_healed":42.0,"max_hp_gain":10.0,"max_hp_loss":0.0,"gold_gain":0.0,"event_name":"Bonfire Elementals","player_choice":"Offered Rare","floor":20.0,"gold_loss":0.0,"damage_taken":0.0},{"damage_healed":0.0,"max_hp_gain":0.0,"max_hp_loss":0.0,"gold_gain":0.0,"event_name":"Addict","player_choice":"Obtained Relic","floor":28.0,"gold_loss":85.0,"damage_taken":0.0,"relics_obtained":["Lantern"]},{"damage_healed":0.0,"max_hp_gain":0.0,"max_hp_loss":0.0,"gold_gain":0.0,"event_name":"Nest","player_choice":"Joined the Cult","floor":29.0,"gold_loss":0.0,"damage_taken":6.0,"cards_obtained":["RitualDagger"]},{"damage_healed":0.0,"max_hp_gain":0.0,"max_hp_loss":0.0,"gold_gain":0.0,"event_name":"Tomb of Lord Red Mask","player_choice":"Paid","floor":38.0,"gold_loss":165.0,"damage_taken":0.0,"relics_obtained":["Red Mask"]},{"damage_healed":0.0,"max_hp_gain":0.0,"max_hp_loss":0.0,"gold_gain":0.0,"event_name":"MindBloom","player_choice":"Fight","floor":39.0,"gold_loss":0.0,"damage_taken":0.0},{"cards_removed":["Caltrops"],"damage_healed":0.0,"max_hp_gain":0.0,"max_hp_loss":0.0,"gold_gain":0.0,"event_name":"Falling","player_choice":"Removed Power","floor":46.0,"gold_loss":0.0,"damage_taken":0.0}],"is_beta":false,"boss_relics":[{"not_picked":["Tiny House","Velvet Choker"],"picked":"HoveringKite"},{"not_picked":["Runic Dome","Coffee Dripper"],"picked":"Empty Cage"}],"items_purged_floors":[19],"is_endless":false,"potions_floor_spawned":[2,7,10,13,21,22,30,35,37,44,48],"killed_by":"Awakened One","ascension_level":20}}