{"host":"6azrrw3tf7wb0f4b","time":1613220120,"event":{"mods":["BaseMod","DeckTracker","Minty Spire (QoL Compilation)","SuperFastMode"],"gold_per_floor":[112,112,129,146,157,185,110,110,182,208,208,221,237,40,40,142,142,159,159,159,169,119,119,119,119,196,8,8,8,8,8,8,107,107,124,144,158,7,26,26,26],"floor_reached":40,"language":"KOR","playtime":1615,"items_purged":["Strike_R","Defend_R","Doubt"],"score":469,"play_id":"6029e1fd-6329-4f07-8e99-1e9de2013a59","local_time":"20210213214200","is_ascension_mode":false,"campfire_choices":[{"data":"Immolate","floor":8,"key":"SMITH"},{"data":"Bash","floor":15,"key":"SMITH"},{"data":"Whirlwind","floor":24,"key":"SMITH"},{"data":"Seeing Red","floor":28,"key":"SMITH"},{"data":"Feel No Pain","floor":30,"key":"SMITH"},{"data":"Limit Break","floor":32,"key":"SMITH"}],"circlet_count":0,"master_deck":["Strike_R","Strike_R","Defend_R","Defend_R","Bash+1","Immolate+1","Feel No Pain+1","Seeing Red+1","Feed","Disarm","Burning Pact","Limit Break+1","Whirlwind+1","Wild Strike","Second Wind","Double Tap","Sword Boomerang+1","Feel No Pain","Dark Embrace","Power Through","Metallicize+1"],"relics":["Burning Blood","Champion Belt","Potion Belt","Kunai","Red Skull","Pear","Membership Card","Cursed Key","Matryoshka","Sundial","Philosopher\u0027s Stone","Vajra"],"acts_visited":["Exordium","TheCity","TheBeyond"],"potions_floor_usage":[10,10,12,16,16,33],"damage_taken":[{"damage":6.0,"enemies":"Jaw Worm","floor":1.0,"turns":2.0},{"damage":1.0,"enemies":"Cultist","floor":3.0,"turns":3.0},{"damage":0,"enemies":"Small Slimes","floor":4,"turns":3},{"damage":0,"enemies":"Exordium Wildlife","floor":5,"turns":3},{"damage":22,"enemies":"3 Sentries","floor":6,"turns":6},{"damage":0,"enemies":"Gremlin Nob","floor":10,"turns":2},{"damage":4,"enemies":"2 Fungi Beasts","floor":12,"turns":4},{"damage":0,"enemies":"Lots of Slimes","floor":13,"turns":2},{"damage":23,"enemies":"Slime Boss","floor":16,"turns":7},{"damage":34,"enemies":"2 Thieves","floor":18,"turns":5},{"damage":13,"enemies":"Shell Parasite","floor":21,"turns":5},{"damage":25,"enemies":"Collector","floor":33,"turns":6},{"damage":42,"enemies":"3 Shapes","floor":35,"turns":1},{"damage":36,"enemies":"Orb Walker","floor":36,"turns":4},{"damage":26,"enemies":"Spire Growth","floor":37,"turns":3},{"damage":0,"enemies":"Transient","floor":39,"turns":5},{"damage":33,"enemies":"Giant Head","floor":40,"turns":6}],"seed_played":"2953944914008796245","potions_obtained":[{"floor":1.0,"key":"Fire Potion"},{"floor":6,"key":"Explosive Potion"},{"floor":10,"key":"EntropicBrew"},{"floor":16,"key":"GamblersBrew"},{"floor":18,"key":"FearPotion"},{"floor":21,"key":"AttackPotion"},{"floor":33,"key":"AttackPotion"},{"floor":36,"key":"Weak Potion"},{"floor":37,"key":"SkillPotion"}],"is_trial":false,"path_per_floor":["M","?","M","M","M","E","$","R","T","E","?","M","M","$","R","B",null,"M","?","?","M","$","?","R","?","T","$","R","$","R","?","R","B",null,"M","M","M","$","M","E"],"character_chosen":"IRONCLAD","items_purchased":["Membership Card","Burning Pact","Sundial","Dark Embrace","Vajra","Power Through"],"campfire_rested":0,"item_purchase_floors":[14,14,27,38,38,38],"current_hp_per_floor":[80,80,80,80,80,67,67,67,67,76,79,84,90,90,90,73,99,74,74,74,70,70,70,70,49,49,49,49,49,49,49,49,30,110,74,44,24,24,30,0,0],"gold":26,"neow_bonus":"ONE_RANDOM_RARE_CARD","is_daily":false,"chose_seed":false,"campfire_upgraded":6,"win_rate":0.0,"timestamp":1613220120,"path_taken":["M","?","M","?","M","E","?","R","T","E","?","M","M","$","R","BOSS","M","?","?","?","$","?","R","?","T","$","R","?","R","?","R","BOSS","M","M","M","$","M","E"],"items_purchased_type":["Relic","Card","Relic","Card","Relic","Card"],"build_version":"2020-12-22","purchased_purges":3,"victory":false,"max_hp_per_floor":[80,80,80,80,80,83,83,83,83,86,96,99,99,99,99,99,99,102,102,102,105,105,105,105,110,110,110,110,110,110,110,110,110,110,110,110,110,110,110,110,110],"card_choices":[{"not_picked":["Carnage","Havoc","Clothesline"],"picked":"SKIP","floor":1.0},{"not_picked":["Pommel Strike","Anger"],"picked":"Feel No Pain","floor":3.0},{"not_picked":["Clothesline","Uppercut"],"picked":"Seeing Red","floor":4},{"not_picked":["Havoc","Twin Strike"],"picked":"Feed","floor":5},{"not_picked":["Sever Soul","Wild Strike","Twin Strike"],"picked":"SKIP","floor":6},{"not_picked":["Iron Wave","Flex"],"picked":"Disarm","floor":10},{"not_picked":["Heavy Blade","Wild Strike","Clash"],"picked":"SKIP","floor":12},{"not_picked":["Rampage","Rupture","Spot Weakness"],"picked":"SKIP","floor":13},{"not_picked":["Berserk","Demon Form"],"picked":"Limit Break","floor":16},{"not_picked":["Twin Strike","Cleave","Rage"],"picked":"SKIP","floor":18},{"not_picked":["Twin Strike","Armaments"],"picked":"Whirlwind","floor":21},{"not_picked":["Demon Form","Limit Break"],"picked":"Double Tap","floor":33},{"not_picked":["Reckless Charge+1","True Grit+1"],"picked":"Sword Boomerang+1","floor":35},{"not_picked":["Hemokinesis+1","Wild Strike+1","Shrug It Off"],"picked":"SKIP","floor":36},{"not_picked":["Anger+1","Blood for Blood+1"],"picked":"Feel No Pain","floor":37},{"not_picked":["Thunderclap","Rage+1"],"picked":"Metallicize+1","floor":39}],"player_experience":789350,"relics_obtained":[{"floor":6,"key":"Potion Belt"},{"floor":9,"key":"Kunai"},{"floor":10,"key":"Red Skull"},{"floor":26,"key":"Matryoshka"}],"event_choices":[{"damage_healed":0.0,"max_hp_gain":0.0,"max_hp_loss":0.0,"gold_gain":0.0,"event_name":"WeMeetAgain","player_choice":"Gave Potion","floor":2.0,"gold_loss":0.0,"damage_taken":0.0,"relics_obtained":["Champion Belt"]},{"damage_healed":0,"gold_gain":0,"player_choice":"Success","damage_taken":7,"relics_obtained":["Pear"],"max_hp_gain":0,"max_hp_loss":0,"event_name":"Scrap Ooze","floor":11,"gold_loss":0},{"cards_removed":["Strike_R"],"damage_healed":0,"gold_gain":0,"player_choice":"Elegance","damage_taken":0,"max_hp_gain":0,"max_hp_loss":0,"event_name":"Back to Basics","floor":19,"gold_loss":0},{"damage_healed":0,"gold_gain":0,"player_choice":"0 cards matched","damage_taken":0,"max_hp_gain":0,"max_hp_loss":0,"event_name":"Match and Keep!","floor":20,"gold_loss":0,"cards_obtained":[]},{"damage_healed":0,"gold_gain":0,"cards_transformed":["Strike_R","Defend_R"],"player_choice":"Became Test Subject","damage_taken":0,"max_hp_gain":0,"max_hp_loss":0,"event_name":"Drug Dealer","floor":23,"gold_loss":0,"cards_obtained":["Wild Strike","Second Wind"]},{"damage_healed":0,"gold_gain":0,"player_choice":"Shed Blood","damage_taken":26,"max_hp_gain":5,"max_hp_loss":0,"event_name":"Forgotten Altar","floor":25,"gold_loss":0},{"damage_healed":0,"gold_gain":0,"player_choice":"Ignored","damage_taken":0,"max_hp_gain":0,"max_hp_loss":0,"event_name":"N\u0027loth","floor":31,"gold_loss":0}],"is_beta":false,"boss_relics":[{"not_picked":["SlaversCollar","Fusion Hammer"],"picked":"Cursed Key"},{"not_picked":["Empty Cage","Sozu"],"picked":"Philosopher\u0027s Stone"}],"items_purged_floors":[7,22,27],"is_endless":false,"potions_floor_spawned":[1,6,10,16,18,21,33,36,37,39],"killed_by":"Giant Head","ascension_level":0}}