{"host":"p0hktren06injwdf","time":1613182743,"event":{"mods":["AchievementEnabler","BaseMod","Colored Map","DeckTracker","Minty Spire (QoL Compilation)","Permanent Neow","StSLib","SuperFastMode"],"gold_per_floor":[114,130,205,221,221,221,221,221,248,248,260,286,132,57,57,134,134,150,75,93,12,47,47,47,47,47,72,89,89,89,106,106,181,181,196,196,213,232,232,232],"floor_reached":39,"language":"KOR","playtime":790,"items_purged":["Strike_G"],"score":794,"play_id":"f9e6266a-b461-4c96-bfe6-befb50b9a499","local_time":"20210213111903","is_ascension_mode":true,"campfire_choices":[{"data":"Quick Slash","floor":6.0,"key":"SMITH"},{"data":"Neutralize","floor":8.0,"key":"SMITH"},{"data":"Noxious Fumes","floor":15.0,"key":"SMITH"},{"data":"Catalyst","floor":23,"key":"SMITH"},{"data":"Crippling Poison","floor":25,"key":"SMITH"},{"floor":30,"key":"REST"},{"floor":32,"key":"REST"}],"circlet_count":0,"master_deck":["AscendersBane","Strike_G","Strike_G","Strike_G","Defend_G","Defend_G","Defend_G","Defend_G","Survivor","Neutralize+1","Underhanded Strike","Quick Slash+1","PiercingWail","Noxious Fumes+1","Dagger Throw","Backstab","Corpse Explosion","Deadly Poison+1","Catalyst+1","Crippling Poison+1","Leg Sweep","After Image","Acrobatics+1","Night Terror","After Image"],"relics":["Ring of the Serpent","Bird Faced Urn","MealTicket","StrikeDummy","Regal Pillow","Red Mask","White Beast Statue","Centennial Puzzle","Busted Crown"],"acts_visited":["Exordium","TheCity","TheBeyond"],"potions_floor_usage":[22,27,27,33,38,39],"damage_taken":[{"damage":2.0,"enemies":"Jaw Worm","floor":1.0,"turns":6.0},{"damage":0.0,"enemies":"2 Louse","floor":2.0,"turns":3.0},{"damage":0.0,"enemies":"Small Slimes","floor":4.0,"turns":4.0},{"damage":0.0,"enemies":"2 Fungi Beasts","floor":11.0,"turns":3.0},{"damage":7.0,"enemies":"Lagavulin","floor":12.0,"turns":7.0},{"damage":25,"enemies":"The Guardian","floor":16,"turns":11},{"damage":8,"enemies":"Chosen","floor":18,"turns":5},{"damage":7,"enemies":"3 Byrds","floor":20,"turns":3},{"damage":20,"enemies":"Masked Bandits","floor":22,"turns":4},{"damage":22,"enemies":"Gremlin Leader","floor":27,"turns":5},{"damage":15,"enemies":"Centurion and Healer","floor":28,"turns":9},{"damage":22,"enemies":"Snake Plant","floor":31,"turns":6},{"damage":16,"enemies":"Collector","floor":33,"turns":7},{"damage":15,"enemies":"3 Darklings","floor":35,"turns":2},{"damage":16,"enemies":"Orb Walker","floor":37,"turns":5},{"damage":7,"enemies":"Transient","floor":38,"turns":6},{"damage":44,"enemies":"Spire Growth","floor":39,"turns":4}],"seed_played":"4511358458154663370","potions_obtained":[{"floor":2.0,"key":"GhostInAJar"},{"floor":4.0,"key":"FearPotion"},{"floor":12.0,"key":"Fire Potion"},{"floor":22,"key":"Poison Potion"},{"floor":27,"key":"Energy Potion"},{"floor":28,"key":"SneckoOil"},{"floor":33,"key":"Energy Potion"},{"floor":38,"key":"Dexterity Potion"}],"is_trial":false,"path_per_floor":["M","M","?","M","?","R","?","R","T","?","M","E","$","?","R","B",null,"M","?","M","$","?","R","?","R","T","E","M","?","R","M","R","B",null,"M","?","M","M","M"],"character_chosen":"THE_SILENT","items_purchased":["Backstab","Catalyst"],"campfire_rested":2,"item_purchase_floors":[13,21],"current_hp_per_floor":[42,42,31,31,53,53,53,53,53,53,53,48,63,63,63,40,60,54,54,49,64,44,44,44,44,44,24,13,13,47,29,63,51,62,49,49,37,36,0,0],"gold":232,"neow_bonus":"ONE_RARE_RELIC","is_daily":false,"chose_seed":false,"campfire_upgraded":5,"win_rate":0.0,"timestamp":1613182743,"path_taken":["M","M","?","M","?","R","?","R","T","?","M","E","$","?","R","BOSS","M","?","M","$","?","R","?","R","T","E","M","?","R","?","R","BOSS","M","?","M","M","M"],"items_purchased_type":["Card","Card"],"build_version":"2020-12-22","purchased_purges":1,"victory":false,"max_hp_per_floor":[66,66,66,66,66,66,66,66,66,66,66,66,66,66,66,66,66,66,66,66,66,66,66,66,66,66,66,66,66,66,66,66,66,66,66,66,66,66,66,66],"card_choices":[{"not_picked":["Prepared","Blur"],"picked":"Underhanded Strike","floor":1.0},{"not_picked":["Dodge and Roll","Slice"],"picked":"Quick Slash","floor":2.0},{"not_picked":["Blur","Eviscerate"],"picked":"PiercingWail","floor":4.0},{"not_picked":["Blur","Deflect"],"picked":"Noxious Fumes","floor":11.0},{"not_picked":["Skewer","Die Die Die"],"picked":"Dagger Throw","floor":12.0},{"not_picked":["After Image","A Thousand Cuts"],"picked":"Corpse Explosion","floor":16},{"not_picked":["Sucker Punch","Dagger Throw","Slice"],"picked":"SKIP","floor":18},{"not_picked":["Accuracy","Deflect"],"picked":"Deadly Poison","floor":20},{"not_picked":["Blade Dance","Expertise"],"picked":"Crippling Poison","floor":22},{"not_picked":["Masterful Stab+1","Skewer"],"picked":"After Image","floor":27},{"not_picked":["Infinite Blades","Quick Slash","Flying Knee"],"picked":"SKIP","floor":28},{"not_picked":["Cloak And Dagger","Setup"],"picked":"Acrobatics+1","floor":31},{"not_picked":["Grand Finale","Glass Knife"],"picked":"Night Terror","floor":33},{"not_picked":["Distraction"],"picked":"SKIP","floor":35},{"not_picked":["Poisoned Stab+1"],"picked":"SKIP","floor":37},{"not_picked":["Distraction"],"picked":"SKIP","floor":38}],"player_experience":1039598,"relics_obtained":[{"floor":9.0,"key":"MealTicket"},{"floor":12.0,"key":"Regal Pillow"},{"floor":22,"key":"Red Mask"},{"floor":26,"key":"White Beast Statue"},{"floor":27,"key":"Centennial Puzzle"}],"event_choices":[{"damage_healed":0.0,"max_hp_gain":0.0,"max_hp_loss":0.0,"gold_gain":75.0,"event_name":"World of Goop","player_choice":"Gather Gold","floor":3.0,"gold_loss":0.0,"damage_taken":11.0},{"damage_healed":22.0,"max_hp_gain":0.0,"max_hp_loss":0.0,"gold_gain":0.0,"event_name":"Big Fish","player_choice":"Banana","floor":5.0,"gold_loss":0.0,"damage_taken":0.0},{"damage_healed":0.0,"max_hp_gain":0.0,"max_hp_loss":0.0,"gold_gain":0.0,"event_name":"Liars Game","player_choice":"Ignored","floor":7.0,"gold_loss":0.0,"damage_taken":0.0},{"damage_healed":0.0,"max_hp_gain":0.0,"max_hp_loss":0.0,"gold_gain":0.0,"event_name":"Dead Adventurer","player_choice":"Searched \u00271\u0027 times","floor":10.0,"gold_loss":0.0,"damage_taken":0.0,"relics_obtained":["StrikeDummy"]},{"cards_removed":["Defend_G"],"damage_healed":0.0,"max_hp_gain":0.0,"max_hp_loss":0.0,"gold_gain":0.0,"event_name":"The Cleric","player_choice":"Card Removal","floor":14.0,"gold_loss":75.0,"damage_taken":0.0},{"cards_removed":["Strike_G"],"damage_healed":0,"gold_gain":0,"player_choice":"Gave Gold","damage_taken":0,"max_hp_gain":0,"max_hp_loss":0,"event_name":"Beggar","floor":19,"gold_loss":75},{"damage_healed":0,"gold_gain":0,"player_choice":"Fought Bandits","damage_taken":0,"max_hp_gain":0,"max_hp_loss":0,"event_name":"Masked Bandits","floor":22,"gold_loss":0},{"damage_healed":0,"gold_gain":0,"player_choice":"Read","damage_taken":0,"max_hp_gain":0,"max_hp_loss":0,"event_name":"The Library","floor":24,"gold_loss":0,"cards_obtained":["Leg Sweep"]},{"damage_healed":0,"gold_gain":0,"player_choice":"Upgraded","damage_taken":0,"max_hp_gain":0,"max_hp_loss":0,"event_name":"Upgrade Shrine","floor":29,"gold_loss":0,"cards_upgraded":["Deadly Poison"]},{"damage_healed":0,"gold_gain":0,"player_choice":"Copied","damage_taken":0,"max_hp_gain":0,"max_hp_loss":0,"event_name":"Duplicator","floor":36,"gold_loss":0,"cards_obtained":["After Image"]}],"is_beta":false,"boss_relics":[{"not_picked":["Coffee Dripper","Runic Dome"],"picked":"Ring of the Serpent"},{"not_picked":["SlaversCollar","Astrolabe"],"picked":"Busted Crown"}],"items_purged_floors":[13],"is_endless":false,"potions_floor_spawned":[2,4,12,16,20,22,27,28,31,33,35,37,38],"killed_by":"Spire Growth","ascension_level":20}}