{"host":"xxl27ehzxw6j4k3y","time":1613216105,"event":{"mods":["Act Like it!","Alarm Clock","Aspiration","BaseMod","Better Altar","Better Match","Better Note","Better Sensory Stone","Better Skull","Better Third Choice","BetterRewards","Card Forge","Conspire","Displayed Cursed Tome","Hermit","Hubris","Minty Spire (QoL Compilation)","Quick Restart","Shop Mod","Spicy Shops","StSLib","SuperFastMode","Transform Curses"],"gold_per_floor":[130,167,218,218,368,368,431,456,456],"floor_reached":8,"language":"ENG","playtime":243,"items_purged":[],"score":96,"play_id":"1f8e3a33-831c-4f3c-a0bb-1a1db9d0202e","local_time":"20210213123505","is_ascension_mode":true,"campfire_choices":[{"data":"HandOfGreed","floor":6,"key":"SMITH"}],"circlet_count":0,"master_deck":["AscendersBane","Strike_B","Strike_B","Strike_B","Strike_B","Defend_B","Defend_B","Defend_B","Defend_B","Zap","Dualcast","HandOfGreed+1","White Noise","Stack","Doubt","hubris:PowerSurge"],"relics":["Cracked Core","Hammer of Thor","Seething Fire","Anvil of the Gods"],"acts_visited":["Exordium"],"potions_floor_usage":[8],"damage_taken":[{"damage":7,"enemies":"Jaw Worm","floor":1,"turns":3},{"damage":7,"enemies":"Small Slimes","floor":2,"turns":3},{"damage":2,"enemies":"2 Louse","floor":3,"turns":4},{"damage":20,"enemies":"Exordium Thugs","floor":7,"turns":5},{"damage":28,"enemies":"3 Sentries","floor":8,"turns":5}],"seed_played":"2961025282858803810","potions_obtained":[{"floor":1,"key":"BlessingOfTheForge"}],"is_trial":false,"path_per_floor":["M","M","M","?","?","R","M","E"],"character_chosen":"DEFECT","items_purchased":["HandOfGreed"],"campfire_rested":0,"item_purchase_floors":[0],"current_hp_per_floor":[57,50,48,48,48,48,28,0,0],"gold":456,"neow_bonus":"","is_daily":false,"chose_seed":false,"campfire_upgraded":1,"win_rate":0.0,"timestamp":1613216105,"path_taken":["M","M","M","?","?","R","M","E"],"items_purchased_type":["Card"],"build_version":"2020-12-22","purchased_purges":0,"victory":false,"max_hp_per_floor":[71,71,71,71,71,71,71,71,71],"card_choices":[{"not_picked":["Skim","Steam"],"picked":"White Noise","floor":1},{"not_picked":["Cold Snap","Compile Driver"],"picked":"Stack","floor":2},{"not_picked":["Darkness","Recycle","Compile Driver"],"picked":"SKIP","floor":3},{"not_picked":["Barrage","Sweeping Beam"],"picked":"hubris:PowerSurge","floor":7}],"player_experience":571577,"relics_obtained":[],"event_choices":[{"damage_healed":0,"gold_gain":0,"player_choice":"Disagree","damage_taken":0,"max_hp_gain":0,"max_hp_loss":0,"event_name":"conspire:LoneGhost","floor":4,"gold_loss":0},{"damage_healed":0,"gold_gain":150,"player_choice":"AGREE","damage_taken":218,"max_hp_gain":0,"max_hp_loss":0,"event_name":"betterThird:BetterSerpent","floor":5,"gold_loss":0}],"is_beta":false,"boss_relics":[],"items_purged_floors":[],"is_endless":false,"potions_floor_spawned":[1],"killed_by":"3 Sentries","ascension_level":20}}