{"host":"c0d2r9m1ewt1i24o","time":1613231988,"event":{"mods":["AchievementEnabler","BaseMod","Better Vampires","Colored Powertips","Downfall","Duelist Mod","Hermit","Jorbs\u0027s Wanderer Trilogy","Minty Spire (QoL Compilation)","Rare Cards Sparkle","Relic Stats","Shop Mod","StSLib","The Bug Knight","The Hierophant","TheHero"],"gold_per_floor":[109,122,138,138,103,135,135,152,206,206,236,236,259,275,275,406,706,727,727,747,299,322,322,347,366,435,435,435,449,108,131,131,131,131],"floor_reached":33,"language":"ENG","playtime":3252,"items_purged":["Decay","Strike_R"],"score":261,"play_id":"2692d827-dfc8-422a-bd91-56253db721cc","local_time":"20210213105948","is_ascension_mode":false,"campfire_choices":[{"data":"Intimidate","floor":7.0,"key":"SMITH"},{"data":"Flex","floor":10.0,"key":"SMITH"},{"data":"Searing Blow+1","floor":15,"key":"SMITH"},{"floor":23,"key":"REST"},{"floor":28,"key":"REST"},{"data":"Mind Blast","floor":32,"key":"SMITH"}],"circlet_count":0,"master_deck":["Strike_R+1","Strike_R","Strike_R","Strike_R+1","Defend_R+1","Defend_R","Defend_R","Defend_R","Bash","Bloodletting","Ghostly Armor","Flex+1","Intimidate+1","Searing Blow+2","Heavy Blade","Twin Strike","Double Tap","CurseOfTheBell","Headbutt+1","Pommel Strike+1","Inflame","Warcry+1","Dual Wield+1","Cleave+1","Mind Blast+1"],"relics":["Burning Blood","NeowsBlessing","HornCleat","Whetstone","Oddly Smooth Stone","Golden Idol","Toy Ornithopter","Ornamental Fan","Old Coin","Sling","Bag of Preparation","Eternal Feather","Nloth\u0027s Gift","Blood Vial"],"acts_visited":["Exordium","TheCity"],"potions_floor_usage":[20,22,33,33],"damage_taken":[{"damage":0.0,"enemies":"Small Slimes","floor":1.0,"turns":1.0},{"damage":3.0,"enemies":"2 Louse","floor":2.0,"turns":1.0},{"damage":0.0,"enemies":"Cultist","floor":3.0,"turns":1.0},{"damage":16.0,"enemies":"HollowMod:MossKnight","floor":6.0,"turns":13.0},{"damage":3.0,"enemies":"3 Louse","floor":8.0,"turns":5.0},{"damage":2.0,"enemies":"Lagavulin","floor":11.0,"turns":6.0},{"damage":0.0,"enemies":"Exordium Wildlife","floor":13.0,"turns":2.0},{"damage":0.0,"enemies":"3 Louse","floor":14.0,"turns":3.0},{"damage":68,"enemies":"The Guardian","floor":16,"turns":15},{"damage":24,"enemies":"Shell Parasite","floor":18,"turns":7},{"damage":27,"enemies":"Chosen","floor":20,"turns":6},{"damage":26,"enemies":"3 Cultists","floor":22,"turns":6},{"damage":11,"enemies":"Snecko","floor":24,"turns":6},{"damage":17,"enemies":"Chosen and Byrds","floor":25,"turns":7},{"damage":10,"enemies":"Snake Plant","floor":29,"turns":6},{"damage":16,"enemies":"Snecko","floor":31,"turns":5},{"damage":89,"enemies":"Champ","floor":33,"turns":8}],"seed_played":"2090865222796200579","potions_obtained":[{"floor":1.0,"key":"LiquidMemories"},{"floor":3.0,"key":"Dexterity Potion"},{"floor":6.0,"key":"Energy Potion"},{"floor":11.0,"key":"Guardian:BlockOnCardUsePotion"},{"floor":16,"key":"Explosive Potion"},{"floor":18,"key":"GamblersBrew"},{"floor":25,"key":"champ:CounterPotion"},{"floor":29,"key":"BlessingOfTheForge"}],"is_trial":false,"path_per_floor":["M","M","M","?","?","E","R","M","T","R","E","?","M","M","R","B",null,"M","?","M","$","M","R","M","M","T","?","R","M","$","M","R","B"],"character_chosen":"IRONCLAD","items_purchased":["Inflame","Sling","Bag of Preparation","Blood Vial","Mind Blast"],"campfire_rested":2,"item_purchase_floors":[21,21,21,30,30],"current_hp_per_floor":[80,80,80,64,80,70,70,73,73,73,77,74,74,74,74,12,74,56,56,40,40,25,47,42,31,31,31,68,64,64,56,71,0,0],"gold":131,"neow_bonus":"THREE_ENEMY_KILL","is_daily":false,"chose_seed":false,"campfire_upgraded":4,"win_rate":0.0,"timestamp":1613231988,"path_taken":["M","M","M","?","?","E","R","M","T","R","E","?","M","M","R","BOSS","M","?","M","$","M","R","?","M","T","?","R","M","$","?","R","BOSS"],"items_purchased_type":["Card","Relic","Relic","Relic","Card"],"build_version":"2020-12-22","purchased_purges":2,"victory":false,"max_hp_per_floor":[80,80,80,80,80,80,80,80,80,80,80,74,74,74,74,74,74,74,74,74,74,74,74,74,74,74,74,74,74,74,74,74,74,74],"relic_stats":{"Blood Vial":4,"counters":[17,98],"Golden Idol":64,"Ornamental Fan":[36],"Eternal Feather":30,"Bag of Preparation":[12],"Nloth\u0027s Gift":0,"Whetstone":["Searing Blow","Strike_R"],"obtain_stats":[{"NeowsBlessing":0,"Golden Idol":12,"Oddly Smooth Stone":11,"Eternal Feather":26,"Bag of Preparation":21,"Whetstone":9,"Sling":21,"Burning Blood":0,"Old Coin":17,"Calling Bell":17,"Blood Vial":30,"HornCleat":6,"Ornamental Fan":17,"Nloth\u0027s Gift":27,"Toy Ornithopter":17},{"NeowsBlessing":0,"Golden Idol":6,"Oddly Smooth Stone":6,"Eternal Feather":14,"Bag of Preparation":11,"Whetstone":5,"Sling":11,"Burning Blood":0,"Old Coin":9,"Calling Bell":9,"Blood Vial":15,"HornCleat":4,"Ornamental Fan":9,"Nloth\u0027s Gift":14,"Toy Ornithopter":9},{"NeowsBlessing":0,"Golden Idol":27,"Oddly Smooth Stone":27,"Eternal Feather":79,"Bag of Preparation":60,"Whetstone":21,"Sling":60,"Burning Blood":0,"Old Coin":47,"Calling Bell":47,"Blood Vial":85,"HornCleat":16,"Ornamental Fan":47,"Nloth\u0027s Gift":79,"Toy Ornithopter":47}],"Burning Blood":69,"Toy Ornithopter":16},"card_choices":[{"not_picked":["Dark Embrace","Headbutt"],"picked":"Bloodletting","floor":1.0},{"not_picked":["Rage","Anger"],"picked":"Ghostly Armor","floor":2.0},{"not_picked":["Havoc","Anger"],"picked":"Flex","floor":3.0},{"not_picked":["Spot Weakness","Headbutt"],"picked":"Intimidate","floor":6.0},{"not_picked":["True Grit","Infernal Blade"],"picked":"Searing Blow","floor":8.0},{"not_picked":["Offering","Bloodletting"],"picked":"Heavy Blade","floor":11.0},{"not_picked":["Iron Wave","Perfected Strike"],"picked":"Twin Strike","floor":13.0},{"not_picked":["Reckless Charge","Headbutt","Rampage"],"picked":"SKIP","floor":14.0},{"not_picked":["Offering","Reaper"],"picked":"Double Tap","floor":16},{"not_picked":["Clothesline","Wild Strike"],"picked":"Headbutt+1","floor":18},{"not_picked":["Double Tap","Havoc"],"picked":"Pommel Strike+1","floor":20},{"not_picked":["Flex","Burning Pact"],"picked":"Warcry+1","floor":22},{"not_picked":["Wild Strike","Dark Embrace"],"picked":"Dual Wield+1","floor":24},{"not_picked":["Evolve","Havoc"],"picked":"Cleave+1","floor":25},{"not_picked":["Wild Strike","Anger","Clothesline"],"picked":"SKIP","floor":29},{"not_picked":["Burning Pact","Disarm","Barricade"],"picked":"SKIP","floor":31}],"player_experience":104312,"relics_obtained":[{"floor":6.0,"key":"HornCleat"},{"floor":9.0,"key":"Whetstone"},{"floor":11.0,"key":"Oddly Smooth Stone"},{"floor":17,"key":"Toy Ornithopter"},{"floor":17,"key":"Ornamental Fan"},{"floor":17,"key":"Old Coin"},{"floor":26,"key":"Eternal Feather"}],"event_choices":[{"damage_healed":0.0,"max_hp_gain":0.0,"max_hp_loss":0.0,"gold_gain":0.0,"event_name":"Shining Light","player_choice":"Entered Light","floor":4.0,"gold_loss":0.0,"damage_taken":16.0,"cards_upgraded":["Defend_R","Strike_R"]},{"damage_healed":20.0,"max_hp_gain":0.0,"max_hp_loss":0.0,"gold_gain":0.0,"event_name":"The Cleric","player_choice":"Healed","floor":5.0,"gold_loss":35.0,"damage_taken":0.0},{"damage_healed":0.0,"max_hp_gain":0.0,"max_hp_loss":6.0,"gold_gain":0.0,"event_name":"Golden Idol","player_choice":"Lose Max HP","floor":12.0,"gold_loss":0.0,"damage_taken":0.0,"relics_obtained":["Golden Idol"]},{"damage_healed":0,"gold_gain":0,"player_choice":"Cursed","damage_taken":0,"max_hp_gain":0,"max_hp_loss":0,"event_name":"Wheel of Change","floor":19,"gold_loss":0,"cards_obtained":["Decay"]},{"damage_healed":0,"gold_gain":0,"player_choice":"Traded Relic","damage_taken":0,"relics_obtained":["Nloth\u0027s Gift"],"max_hp_gain":0,"max_hp_loss":0,"event_name":"N\u0027loth","floor":27,"relics_lost":["Calling Bell"],"gold_loss":0}],"is_beta":false,"boss_relics":[{"not_picked":["Runic Dome","Snecko Eye"],"picked":"Calling Bell"}],"items_purged_floors":[21,30],"is_endless":false,"potions_floor_spawned":[1,3,6,11,16,18,25,29],"killed_by":"Champ","ascension_level":0}}