{"host":"nia1zwr35jsu5y7h","time":1613207008,"event":{"mods":["2.2 Compatiblity","Abigail Mod","Bard","BaseMod","Colored Map","Conspire","Downfall","Friendly Minions","Hermit","Highlight Path","Hubris","Infinite Spire","Kiyohime????","Koishi","Marisa????????","Minty Spire (QoL Compilation)","Quick Restart","Replay The Spire","Shade Mod","Shop Mod","StSLib","The Animator","The Construct","The Cursed","The Disciple","The Mystic","The Necromancer","The Servant 0.9.4"],"gold_per_floor":[349,369,379,379,395,395,395,395,395,430,444,470,482,545,570,582,582,582],"floor_reached":16,"language":"ENG","playtime":493,"items_purged":[],"score":127,"play_id":"bdf57c2f-5c95-4b36-a340-51591e0842f5","local_time":"20210213010328","is_ascension_mode":true,"campfire_choices":[{"data":"hexamod:Float","floor":1,"key":"SMITH"},{"data":"hexamod:SearingWound","floor":6,"key":"SMITH"},{"data":"hexamod:SuperheatedStrike","floor":8,"key":"SMITH"},{"floor":13,"key":"REST"}],"circlet_count":0,"master_deck":["hexamod:Strike","hexamod:Strike","hexamod:Strike","hexamod:Strike+1","hexamod:Defend","hexamod:Defend","hexamod:Defend","hexamod:Defend","hexamod:Sear","hexamod:Float+1","hexamod:FastForward","hexamod:SuperheatedStrike+1","hexamod:SearingWound+1","Parasite","hexamod:FastForward","hexamod:EmpoweredFlame","hexamod:SixthSeal","ReplayTheSpireMod:Splinters","hexamod:Rewind","hexamod:StepThrough"],"relics":["hexamod:SpiritBrand","conspire:Flyswatter","Gambling Chip","MawBank","Replay:Bottled Snecko"],"acts_visited":["Exordium"],"potions_floor_usage":[16],"damage_taken":[{"damage":2,"enemies":"2 Louse","floor":2,"turns":3},{"damage":1,"enemies":"conspire:RoseBush","floor":3,"turns":3},{"damage":0,"enemies":"Small Slimes","floor":5,"turns":3},{"damage":15,"enemies":"Gremlin Nob","floor":10,"turns":3},{"damage":18,"enemies":"Exordium Thugs","floor":11,"turns":5},{"damage":25,"enemies":"Lagavulin","floor":12,"turns":6},{"damage":1,"enemies":"Exordium Wildlife","floor":15,"turns":3},{"damage":28,"enemies":"IC_STATUS_ARCHETYPE","floor":16,"turns":5}],"seed_played":"5829356798153764469","potions_obtained":[{"floor":3,"key":"hexamod:SoulburnPotion"},{"floor":4,"key":"Milkshake"},{"floor":4,"key":"Flashbang"},{"floor":4,"key":"Reflective Coating"}],"is_trial":false,"path_per_floor":["R","M","M","?","M","R","T","R","?","E","M","E","R","?","M","B"],"character_chosen":"THE_SPIRIT","items_purchased":[],"campfire_rested":1,"item_purchase_floors":[],"current_hp_per_floor":[49,47,46,46,46,46,46,46,63,48,30,5,26,26,25,0,0,0],"gold":582,"neow_bonus":"TWO_FIFTY_GOLD","is_daily":false,"chose_seed":false,"campfire_upgraded":3,"win_rate":0.0,"timestamp":1613207008,"path_taken":["R","M","M","?","?","R","T","R","?","E","M","E","R","?","M","BOSS"],"items_purchased_type":[],"build_version":"2020-12-22","purchased_purges":0,"victory":false,"max_hp_per_floor":[70,70,70,70,70,70,70,70,70,70,70,70,70,70,70,70,70,70],"card_choices":[{"not_picked":["hexamod:SwordOfDarkness","hexamod:InspiringFlames"],"picked":"hexamod:FastForward","floor":2},{"not_picked":["hexamod:GhostLash","hexamod:NightmareGuise"],"picked":"hexamod:SuperheatedStrike","floor":3},{"not_picked":["hexamod:GhostLash","hexamod:HauntingEcho"],"picked":"hexamod:SearingWound","floor":5},{"not_picked":["hexamod:BurningTouch","hexamod:Haunt"],"picked":"hexamod:FastForward","floor":10},{"not_picked":["hexamod:RainOfEmbers","hexamod:SecondSeal"],"picked":"hexamod:EmpoweredFlame","floor":11},{"not_picked":["hexamod:EmpoweredFlame","hexamod:HeatCrush"],"picked":"hexamod:SixthSeal","floor":12},{"not_picked":["hexamod:GhostShield","hexamod:FlamesFromBeyond"],"picked":"hexamod:Rewind","floor":14},{"not_picked":["hexamod:SpectralSpark","hexamod:ThermalTransfer"],"picked":"hexamod:StepThrough","floor":15}],"player_experience":2196239,"relics_obtained":[{"floor":7,"key":"conspire:Flyswatter"},{"floor":10,"key":"Gambling Chip"},{"floor":12,"key":"MawBank"},{"floor":14,"key":"Replay:Bottled Snecko"}],"event_choices":[{"damage_healed":0,"gold_gain":0,"player_choice":"Got Potions","damage_taken":0,"max_hp_gain":0,"max_hp_loss":0,"event_name":"Lab","floor":4,"gold_loss":0},{"damage_healed":17,"gold_gain":0,"player_choice":"Healed and dodged fight","damage_taken":0,"max_hp_gain":0,"max_hp_loss":0,"event_name":"Mushrooms","floor":9,"gold_loss":0,"cards_obtained":["Parasite"]}],"is_beta":false,"boss_relics":[],"items_purged_floors":[],"is_endless":false,"potions_floor_spawned":[3,10,15],"killed_by":"IC_STATUS_ARCHETYPE","ascension_level":3}}