{"host":"BK","time":1613190875,"event":{"mods":["BaseMod","Highlight Path","Minty Spire (QoL Compilation)","StSLib"],"gold_per_floor":[216,230,287,304,321,321,337,337,337],"floor_reached":8,"language":"ENG","playtime":318,"items_purged":[],"score":100,"play_id":"58a6a264-ed22-4611-bf40-18c1ea227973","local_time":"20210212213435","is_ascension_mode":true,"campfire_choices":[{"data":"Melter","floor":6,"key":"SMITH"}],"circlet_count":0,"master_deck":["AscendersBane","Strike_B","Strike_B","Strike_B","Strike_B","Defend_B","Defend_B","Defend_B","Defend_B","Zap","Dualcast","Reinforced Body","Melter+1","Rebound","Machine Learning"],"relics":["Cracked Core"],"acts_visited":["Exordium"],"potions_floor_usage":[8],"damage_taken":[{"damage":3,"enemies":"2 Louse","floor":1,"turns":3},{"damage":7,"enemies":"Jaw Worm","floor":2,"turns":5},{"damage":5,"enemies":"Small Slimes","floor":4,"turns":4},{"damage":8,"enemies":"Blue Slaver","floor":5,"turns":3},{"damage":9,"enemies":"Lots of Slimes","floor":7,"turns":4},{"damage":43,"enemies":"Gremlin Nob","floor":8,"turns":4}],"seed_played":"1193235209306606803","potions_obtained":[{"floor":4,"key":"Explosive Potion"},{"floor":7,"key":"Swift Potion"}],"is_trial":false,"path_per_floor":["M","M","?","M","M","R","M","E"],"character_chosen":"DEFECT","items_purchased":[],"campfire_rested":0,"item_purchase_floors":[],"current_hp_per_floor":[61,54,54,49,41,41,32,0,0],"gold":337,"neow_bonus":"HUNDRED_GOLD","is_daily":false,"chose_seed":false,"campfire_upgraded":1,"win_rate":0.0,"timestamp":1613190875,"path_taken":["M","M","?","M","M","R","M","E"],"items_purchased_type":[],"build_version":"2020-12-18","purchased_purges":0,"victory":false,"max_hp_per_floor":[71,71,71,71,71,71,71,71,71],"card_choices":[{"not_picked":["Beam Cell","Go for the Eyes"],"picked":"Reinforced Body","floor":1},{"not_picked":["Beam Cell","Reprogram"],"picked":"Melter","floor":2},{"not_picked":["Gash","Force Field"],"picked":"Rebound","floor":4},{"not_picked":["Stack","Steam","Go for the Eyes"],"picked":"SKIP","floor":5},{"not_picked":["Sunder","Scrape"],"picked":"Machine Learning","floor":7}],"player_experience":2568266,"relics_obtained":[],"event_choices":[{"damage_healed":0,"gold_gain":57,"player_choice":"Gained Gold","damage_taken":0,"max_hp_gain":0,"max_hp_loss":0,"event_name":"Golden Wing","floor":3,"gold_loss":0}],"is_beta":true,"boss_relics":[],"items_purged_floors":[],"is_endless":false,"potions_floor_spawned":[4,7],"killed_by":"Gremlin Nob","ascension_level":20}}