{"host":"37ccm3d17clopct7","time":1613201508,"event":{"mods":["BaseMod","GungeonMod","Hermit","Lobotomy","Minty Spire (QoL Compilation)","StSLib","The Bug Knight","The Cursed","The Hierophant","The Jungle","The Runesmith"],"gold_per_floor":[213,232,232,108,108,143,143,176,246,261,261,13,13,29,29,129,129,147,157,169,181,181,181,181,181,181],"floor_reached":25,"language":"KOR","playtime":1199,"items_purged":["Runesmith:Defend_RS"],"score":222,"play_id":"7deef5b0-8643-497e-9cd1-902b7df91234","local_time":"20210213163148","is_ascension_mode":true,"campfire_choices":[{"floor":11,"key":"REST"},{"floor":13,"key":"REST"},{"floor":15,"key":"REST"},{"floor":23,"key":"RECALL"}],"circlet_count":0,"master_deck":["Runesmith:Strike_RS+1","Runesmith:Strike_RS","Runesmith:Strike_RS","Runesmith:Defend_RS","Runesmith:Defend_RS","Runesmith:Defend_RS+1","Runesmith:CraftFirestone","Runesmith:Fortify+1","Runesmith:EarthShield","Runesmith:CraftMagma","Runesmith:DoubleUp","Runesmith:Grindstone","Runesmith:Permafrost+1","Runesmith:RunicBlueprint","Runesmith:BackupBattery+1","Runesmith:CraftProtectio+1"],"relics":["Runesmith:BrokenRuby","DemoMod:VorpalBullet","Blood Vial","Frozen Egg 2","Runesmith:Nanobots","theJungle:WildMango"],"acts_visited":["Exordium","theJungle:Jungle"],"potions_floor_usage":[6],"damage_taken":[{"damage":0,"enemies":"Cultist","floor":1,"turns":4},{"damage":1,"enemies":"Jaw Worm","floor":2,"turns":4},{"damage":45,"enemies":"Gremlin Nob","floor":6,"turns":6},{"damage":7,"enemies":"Lagavulin","floor":8,"turns":8},{"damage":0,"enemies":"Small Slimes","floor":10,"turns":4},{"damage":4,"enemies":"Exordium Wildlife","floor":14,"turns":4},{"damage":27,"enemies":"The Guardian","floor":16,"turns":11},{"damage":1,"enemies":"theJungle:Flameango_and_Byrd","floor":18,"turns":9},{"damage":5,"enemies":"theJungle:GiantWrat","floor":19,"turns":6},{"damage":0,"enemies":"theJungle:SlimyTreeVines","floor":20,"turns":7},{"damage":4,"enemies":"theJungle:Snecko_Cultist_And_Trap","floor":21,"turns":6},{"damage":0,"enemies":"theJungle:2_Phrogs","floor":25,"turns":1}],"seed_played":"-7611365552230571764","potions_obtained":[{"floor":1,"key":"PowerPotion"},{"floor":10,"key":"Explosive Potion"},{"floor":14,"key":"LiquidMemories"},{"floor":19,"key":"SteroidPotion"},{"floor":21,"key":"Block Potion"}],"is_trial":false,"path_per_floor":["M","M","?","$","?","E","?","E","T","M","R","$","R","M","R","B",null,"M","M","M","M","?","R","?","E"],"character_chosen":"RUNESMITH_CLASS","items_purchased":["Runesmith:CraftMagma","Runesmith:Nanobots"],"campfire_rested":3,"item_purchase_floors":[4,12],"current_hp_per_floor":[70,69,69,69,55,10,10,3,3,5,26,26,47,45,66,41,70,69,65,70,66,56,56,70,72,72],"gold":181,"neow_bonus":"HUNDRED_GOLD","is_daily":false,"chose_seed":false,"campfire_upgraded":0,"win_rate":0.0,"timestamp":1613201508,"path_taken":["M","?","?","$","?","E","?","E","T","?","R","$","R","M","R","BOSS","M","M","M","M","?","R","?","E"],"items_purchased_type":["Card","Relic"],"build_version":"2020-12-22","purchased_purges":1,"victory":false,"max_hp_per_floor":[70,70,70,70,70,70,70,70,70,70,70,70,70,70,70,70,70,70,70,70,70,70,70,84,84,84],"card_choices":[{"not_picked":["Runesmith:Discharge","Runesmith:StaticCage","Runesmith:UnstableHammer"],"picked":"SKIP","floor":1},{"not_picked":["Runesmith:ShiftingStrike","Runesmith:HammerThrow"],"picked":"Runesmith:EarthShield","floor":2},{"not_picked":["Runesmith:HammerThrow","Runesmith:Supernova"],"picked":"Runesmith:DoubleUp","floor":6},{"not_picked":["Runesmith:MakeshiftArmor","Runesmith:FissionHammer"],"picked":"Runesmith:Grindstone","floor":8},{"not_picked":["Runesmith:EarthShield","Runesmith:ChaoticBlast"],"picked":"Runesmith:Permafrost+1","floor":10},{"not_picked":["Runesmith:ChaoticBlast","Runesmith:ChargedHammer"],"picked":"Runesmith:RunicBlueprint","floor":14},{"not_picked":["Runesmith:DoubleUp","Runesmith:EnergizedChisel"],"picked":"Runesmith:BackupBattery+1","floor":18},{"not_picked":["Runesmith:Grindstone","Runesmith:Firewall","Runesmith:Repurpose+1"],"picked":"SKIP","floor":19},{"not_picked":["Runesmith:Repurpose+1","Runesmith:Augment","Runesmith:Accelerate"],"picked":"SKIP","floor":20},{"not_picked":["Runesmith:WhiteBalance","Runesmith:HammerAndChisel"],"picked":"Runesmith:CraftProtectio+1","floor":21}],"player_experience":194254,"relics_obtained":[{"floor":6,"key":"DemoMod:VorpalBullet"},{"floor":8,"key":"Blood Vial"},{"floor":9,"key":"Frozen Egg 2"}],"event_choices":[{"damage_healed":0,"gold_gain":0,"player_choice":"Grow","damage_taken":0,"max_hp_gain":0,"max_hp_loss":0,"event_name":"Living Wall","floor":3,"gold_loss":0,"cards_upgraded":["Runesmith:Fortify"]},{"damage_healed":0,"gold_gain":0,"player_choice":"Entered Light","damage_taken":14,"max_hp_gain":0,"max_hp_loss":0,"event_name":"Shining Light","floor":5,"gold_loss":0,"cards_upgraded":["Runesmith:Strike_RS","Runesmith:Defend_RS"]},{"damage_healed":0,"gold_gain":0,"player_choice":"Ignored","damage_taken":0,"max_hp_gain":0,"max_hp_loss":0,"event_name":"Golden Idol","floor":7,"gold_loss":0}],"is_beta":false,"boss_relics":[{"not_picked":["Runesmith:UraniumAnvil","Cursed Key","Fusion Hammer"]}],"items_purged_floors":[4],"is_endless":false,"potions_floor_spawned":[1,10,14,19,21],"killed_by":"theJungle:2_Phrogs","ascension_level":1}}