{"host":"e5u7qs1emxzejr12","time":1613203331,"event":{"mods":["100% Spire Juice","2.2 Compatiblity","Act Like it!","Arknights","Ascension Unlocker","BaseMod","CapriCore","Card Forge","Colored Powertips","Custom Start","GifTheSpireLib","Highlight Path","KomeijiMod","Marisa£®ÏF”Í°°ƒß¿Ì…≥£©","Minty Spire (QoL Compilation)","Monster B Gone","MostiFishMod","Quick Restart","Relic Filter Mod","Reliquary","Replay The Spire","StSLib","SuperFastMode","The Blackbeard","WarShipGirlsR/’ΩΩ¢…Ÿ≈ÆR mod","Youmu£®ªÍ∆«—˝√Œ£©","ÛÙª÷∏ƒœ"],"gold_per_floor":[132,132,132,183,225,300,405,480,506,587,644,394,469,544,281,518,518,572,400,850,895,895],"floor_reached":21,"language":"ZHS","playtime":532,"items_purged":[],"score":934,"play_id":"7f2f80b8-be5f-496c-9f61-4ec7b697c52d","local_time":"20210213160211","daily_mods":["Heirloom","Flight","DeadlyEvents","Midas"],"is_ascension_mode":true,"campfire_choices":[],"circlet_count":0,"master_deck":["AscendersBane","Strike_B+1","Defend_B+1","Zap+1","Dualcast+1","BasicCrystalCard+1","Chaos+1","MostiFishMod:ReadyAimFire+1","Defragment+1","FIFO Queue+1","Loop+1","Loop+1","MostiFishMod:StrandedSiren+1","Static Discharge+1","Amplify+1","Master of Strategy+1"],"relics":["Cracked Core","Hammer of Thor","Seething Fire","Anvil of the Gods","DaveBox","Membership Card","Mango","SynthV:TestCard","ThirstyCross","Singing Bowl","Replay:Rubber Ducky","Gremlin Food","Strawberry","reliquary:Aerogel","Garlic","ReplayTheSpireMod:Lightbulb","reliquary:SilkGlove","Pantograph","Orrery","Black Star","Nunchaku"],"acts_visited":["Exordium","TheCity"],"potions_floor_usage":[],"damage_taken":[{"damage":4.0,"enemies":"Jaw Worm","floor":1.0,"turns":2.0},{"damage":0.0,"enemies":"2 Louse","floor":4.0,"turns":2.0},{"damage":0.0,"enemies":"Cultist","floor":5.0,"turns":3.0},{"damage":43.0,"enemies":"Gremlin Nob","floor":6.0,"turns":4.0},{"damage":2.0,"enemies":"3 Sentries","floor":7.0,"turns":3.0},{"damage":0.0,"enemies":"Gremlin Nob","floor":8.0,"turns":2.0},{"damage":9.0,"enemies":"3 Sentries","floor":10.0,"turns":3.0},{"damage":0.0,"enemies":"2 Fungi Beasts","floor":11.0,"turns":1.0},{"damage":6.0,"enemies":"Lagavulin","floor":13.0,"turns":3.0},{"damage":9.0,"enemies":"Hexaghost","floor":16.0,"turns":4.0},{"damage":6.0,"enemies":"3 Byrds","floor":18.0,"turns":4.0},{"damage":6,"enemies":"2 Thieves","floor":21,"turns":4}],"seed_played":"-8302575128614142848","potions_obtained":[{"floor":5.0,"key":"Elixir"},{"floor":7.0,"key":"Adrenaline Potion"},{"floor":18.0,"key":"Swift Potion"}],"is_trial":true,"path_per_floor":["M","?","?","M","M","E","E","E","T","E","M","R","E","?","R","B",null,"M","$","?","M"],"character_chosen":"DEFECT","items_purchased":["Garlic","ReplayTheSpireMod:Lightbulb","Pantograph","Loop","Orrery","Nunchaku","Master of Strategy"],"campfire_rested":0,"item_purchase_floors":[12,12,15,15,15,19,19],"current_hp_per_floor":[74,74,74,74,74,31,29,31,38,29,31,31,27,16,18,34,84,80,80,34,28,28],"gold":895,"neow_bonus":"","is_daily":false,"chose_seed":false,"campfire_upgraded":0,"win_rate":0.0,"timestamp":1613203331,"path_taken":["M","?","?","M","M","E","E","E","T","E","M","R","?","?","R","BOSS","M","$","?","?"],"items_purchased_type":["Relic","Relic","Relic","Card","Relic","Relic","Card"],"build_version":"2020-12-22","purchased_purges":0,"victory":false,"max_hp_per_floor":[85,85,85,85,85,85,85,87,94,94,96,96,98,98,100,100,100,102,102,102,102,102],"card_choices":[{"not_picked":["Turbo","Coolheaded"],"picked":"BasicCrystalCard","floor":1.0},{"not_picked":["Aggregate","Beam Cell","Darkness","Go for the Eyes","MostiFishMod:FluxCapactior"],"picked":"SKIP","floor":4.0},{"not_picked":["MostiFishMod:LinkProtocol","Compile Driver","Barrage","Stack"],"picked":"Chaos","floor":5.0},{"not_picked":["Go for the Eyes","BasicCrystalCard","Rip and Tear","Redo"],"picked":"MostiFishMod:ReadyAimFire","floor":6.0},{"not_picked":["Leap","ReplayTheSpireMod:System Scan","Sweeping Beam","Ball Lightning"],"picked":"Defragment","floor":7.0},{"not_picked":["Ball Lightning","Redo","ReplayTheSpireMod:GoodbyeWorld","MostiFishMod:TalkingToTheRain","Reprogram"],"picked":"Singing Bowl","floor":8.0},{"not_picked":["Turbo","FTL","Barrage","Genetic Algorithm"],"picked":"FIFO Queue","floor":10.0},{"not_picked":["Barrage","Gash","Melter","MostiFishMod:PushDownKick","Crystallizer"],"picked":"Singing Bowl","floor":11.0},{"not_picked":["Barrage","Crystallizer","Gash","Auto Shields","Multi-Cast"],"picked":"Singing Bowl","floor":13.0},{"not_picked":["Sweeping Beam","Hologram","BasicCrystalCard","Reinforced Body"],"picked":"Loop","floor":15.0},{"not_picked":["Go for the Eyes","Ball Lightning","ReplayTheSpireMod:Reroute Power","Stack"],"picked":"MostiFishMod:StrandedSiren","floor":15.0},{"not_picked":["Coolheaded","Rip and Tear","Turbo","ReplayTheSpireMod:GoodbyeWorld"],"picked":"Static Discharge","floor":15.0},{"not_picked":["Hello World","Rip and Tear","Scrape","Steam Power","MostiFishMod:IceShield"],"picked":"Singing Bowl","floor":15.0},{"not_picked":["ReplayRNGCard","Electrodynamics","MostiFishMod:ReadyAimFire","MostiFishMod:Nova"],"picked":"Amplify","floor":16.0},{"not_picked":["Double Energy","MostiFishMod:LinkProtocol","Sweeping Beam","Streamline","Leap+1"],"picked":"Singing Bowl","floor":18.0}],"player_experience":109168,"relics_obtained":[{"floor":1.0,"key":"SynthV:TestCard"},{"floor":6.0,"key":"Singing Bowl"},{"floor":7.0,"key":"Replay:Rubber Ducky"},{"floor":8.0,"key":"Gremlin Food"},{"floor":9.0,"key":"Strawberry"},{"floor":10.0,"key":"reliquary:Aerogel"},{"floor":13.0,"key":"reliquary:SilkGlove"}],"event_choices":[{"damage_healed":0.0,"max_hp_gain":0.0,"max_hp_loss":0.0,"gold_gain":0.0,"event_name":"Upgrade Shrine","player_choice":"Ignored","floor":3.0,"gold_loss":0.0,"damage_taken":0.0},{"damage_healed":0.0,"max_hp_gain":0.0,"max_hp_loss":0.0,"gold_gain":75.0,"event_name":"World of Goop","player_choice":"Gather Gold","floor":14.0,"gold_loss":0.0,"damage_taken":11.0},{"damage_healed":0,"gold_gain":450,"player_choice":"GOLD GOLD GOLD GOLD GOLD ","damage_taken":46,"max_hp_gain":0,"max_hp_loss":0,"event_name":"Knowing Skull","floor":20,"potions_obtained":[],"gold_loss":0,"cards_obtained":[]}],"is_beta":false,"boss_relics":[{"not_picked":["GuanYuAspect","xbg"],"picked":"Black Star"}],"items_purged_floors":[],"is_endless":true,"potions_floor_spawned":[5,7,8,10,18,21],"killed_by":"2 Thieves","ascension_level":20}}