{"host":"pqs17sqrgflf4eqa","time":1613225739,"event":{"mods":["AchievementEnabler","BaseMod","Bestiary","Better Altar","Better Match","Better Skull","Block Reminder","Bossed Relics","Colored Map","Colored Powertips","Curses Come First","Dark Map","DeckTracker","Defective Defect","Displayed Cursed Tome","Emptier Cage","Googly Eyes","Highlight Path","Minty Spire (QoL Compilation)","Quick Restart","Slay-I","StSLib","SuperFastMode","Synergy Search","Thieving Mod","Transform Curses","everything is the same but u backflip on backflip","slay the spire mod where everything is the same but ironclad has a cowboy hat"],"gold_per_floor":[119,139,139,157,157,190,190,215,269,269,444,457,482,50,50,148,148,160,175,274,274,26,26,26],"floor_reached":23,"language":"ENG","playtime":460,"items_purged":[],"score":269,"play_id":"3d0fadb8-2fdb-463c-a603-4b60342b369a","local_time":"20210213091539","is_ascension_mode":true,"campfire_choices":[{"data":"Eruption","floor":7,"key":"SMITH"},{"floor":10,"key":"REST"},{"data":"Vigilance","floor":15,"key":"SMITH"}],"circlet_count":0,"master_deck":["Strike_P+1","Strike_P+1","Strike_P+1","Strike_P+1","Defend_P+1","Defend_P+1","Defend_P+1","Defend_P+1","Eruption+1","Vigilance+1","WaveOfTheHand+1","BowlingBash","Tantrum","Worship","Doubt","DeusExMachina","DeusExMachina","WaveOfTheHand+1","Halt"],"relics":["PureWater","NeowsBlessing","Mercury Hourglass","Ancient Tea Set","War Paint","Art of War","CloakClasp","Ice Cream","Philosopher\u0027s Stone","Nunchaku"],"acts_visited":["Exordium","TheCity"],"potions_floor_usage":[6,16,16,16,19,19,22,23],"damage_taken":[{"damage":0,"enemies":"2 Louse","floor":1,"turns":1},{"damage":0,"enemies":"Cultist","floor":2,"turns":1},{"damage":0,"enemies":"Jaw Worm","floor":4,"turns":1},{"damage":35,"enemies":"3 Sentries","floor":6,"turns":4},{"damage":12,"enemies":"Gremlin Nob","floor":8,"turns":3},{"damage":0,"enemies":"Large Slime","floor":12,"turns":3},{"damage":24,"enemies":"3 Sentries","floor":13,"turns":7},{"damage":6,"enemies":"Hexaghost","floor":16,"turns":8},{"damage":8,"enemies":"Chosen","floor":18,"turns":4},{"damage":4,"enemies":"Spheric Guardian","floor":19,"turns":3},{"damage":49,"enemies":"Slavers","floor":23,"turns":3}],"seed_played":"-8554119972037160801","potions_obtained":[{"floor":1,"key":"SkillPotion"},{"floor":8,"key":"BlessingOfTheForge"},{"floor":16,"key":"Ancient Potion"},{"floor":18,"key":"EntropicBrew"},{"floor":19,"key":"ColorlessPotion"}],"is_trial":false,"path_per_floor":["M","M","?","M","?","E","R","E","T","R","?","M","E","$","R","B",null,"M","M","?","?","$","E"],"character_chosen":"WATCHER","items_purchased":["Ice Cream","Strength Potion","DistilledChaos","Nunchaku","Fruit Juice"],"campfire_rested":1,"item_purchase_floors":[14,14,14,22,22],"current_hp_per_floor":[65,65,65,65,65,30,30,18,18,39,39,39,15,15,15,9,56,48,44,44,44,49,0,0],"gold":26,"neow_bonus":"THREE_ENEMY_KILL","is_daily":false,"chose_seed":false,"campfire_upgraded":2,"win_rate":0.0,"timestamp":1613225739,"path_taken":["M","M","?","?","?","E","R","E","T","R","?","M","E","$","R","BOSS","M","M","?","?","$","E"],"items_purchased_type":["Relic","Potion","Potion","Relic","Potion"],"build_version":"2020-12-22","purchased_purges":0,"victory":false,"max_hp_per_floor":[72,72,72,72,72,72,72,72,72,72,72,72,72,72,72,72,72,72,72,72,72,77,77,77],"card_choices":[{"not_picked":["DeceiveReality","JustLucky"],"picked":"WaveOfTheHand","floor":1},{"not_picked":["SashWhip","PathToVictory"],"picked":"CutThroughFate","floor":2},{"not_picked":["EmptyBody","CutThroughFate"],"picked":"BowlingBash","floor":4},{"not_picked":["ThirdEye","FlurryOfBlows"],"picked":"Tantrum","floor":6},{"not_picked":["ThirdEye","Crescendo"],"picked":"Worship","floor":8},{"not_picked":["Evaluate","WreathOfFlame","EmptyBody"],"picked":"SKIP","floor":12},{"not_picked":["PathToVictory","ClearTheMind"],"picked":"DeusExMachina","floor":13},{"not_picked":["SpiritShield","LessonLearned"],"picked":"DeusExMachina","floor":16},{"not_picked":["TalkToTheHand","Vengeance+1"],"picked":"WaveOfTheHand+1","floor":18},{"not_picked":["Wallop","ReachHeaven"],"picked":"Halt","floor":19}],"player_experience":202064,"relics_obtained":[{"floor":6,"key":"Ancient Tea Set"},{"floor":8,"key":"War Paint"},{"floor":9,"key":"Art of War"},{"floor":13,"key":"CloakClasp"}],"event_choices":[{"cards_removed":["CutThroughFate"],"damage_healed":0,"gold_gain":0,"player_choice":"Gave Card","damage_taken":0,"relics_obtained":["Mercury Hourglass"],"max_hp_gain":0,"max_hp_loss":0,"event_name":"WeMeetAgain","floor":3,"gold_loss":0},{"damage_healed":0,"gold_gain":0,"player_choice":"Leave","damage_taken":0,"max_hp_gain":0,"max_hp_loss":0,"event_name":"The Cleric","floor":5,"gold_loss":0},{"damage_healed":0,"gold_gain":175,"player_choice":"AGREE","damage_taken":0,"max_hp_gain":0,"max_hp_loss":0,"event_name":"Liars Game","floor":11,"gold_loss":0,"cards_obtained":["Doubt"]},{"damage_healed":0,"gold_gain":99,"player_choice":"Stole From Cult","damage_taken":0,"max_hp_gain":0,"max_hp_loss":0,"event_name":"Nest","floor":20,"gold_loss":0},{"damage_healed":0,"gold_gain":0,"player_choice":"Simplicity","damage_taken":0,"max_hp_gain":0,"max_hp_loss":0,"event_name":"Back to Basics","floor":21,"gold_loss":0,"cards_upgraded":["Strike_P","Strike_P","Strike_P","Strike_P","Defend_P","Defend_P","Defend_P"]}],"is_beta":false,"boss_relics":[{"not_picked":["Cursed Key","Fusion Hammer"],"picked":"Philosopher\u0027s Stone"}],"items_purged_floors":[],"is_endless":false,"potions_floor_spawned":[1,8,16,18,19],"killed_by":"Slavers","ascension_level":6}}