{"host":"eaiphzh066bwqdh7","time":1613257558,"event":{"mods":["BaseMod","Better Note","Halation","Hubris","Minty Spire (QoL Compilation)","Reliquary","Replay The Spire","StSLib"],"gold_per_floor":[111,111,36,36,36,36,52,52,120,137,156,116,116,129,129,228,228,239,255,4,16,30,30,62,62,87,87,87,100,111,131,131,229,229,248,248,51,66,28,28,44,44,44,61,61,91,91,103,103,103],"floor_reached":51,"language":"ENG","playtime":1377,"items_purged":["Spreading Infection","Strike_R","Defend_R"],"score":637,"play_id":"49465d53-bdfe-46ec-82bc-7995f77be9fd","local_time":"20210213180558","is_ascension_mode":true,"campfire_choices":[{"data":"Juggernaut","floor":6.0,"key":"SMITH"},{"data":"Ghostly Armor","floor":8.0,"key":"SMITH"},{"data":"Demon Form","floor":13.0,"key":"SMITH"},{"data":"Seeing Red","floor":15.0,"key":"SMITH"},{"data":"Limit Break","floor":23.0,"key":"SMITH"},{"floor":25.0,"key":"REST"},{"floor":32,"key":"REST"},{"floor":40,"key":"REST"},{"data":"hubris:StunningStrike","floor":42,"key":"SMITH"},{"floor":49,"key":"REST"}],"circlet_count":0,"master_deck":["Strike_R","Strike_R","Strike_R","Defend_R+1","Defend_R+1","Defend_R","Juggernaut+1","Ghostly Armor+1","Armaments","Seeing Red+1","Demon Form+1","Limit Break+1","Pommel Strike","Seeing Red","Flex","Shrug It Off","hubris:StunningStrike+1","Carnage+1","Ghostly Armor","Rampage+1","Shrug It Off+1"],"relics":["Burning Blood","ReplayTheSpireMod:Ring of Exchange","halation:PinkSoulGem","halation:TwoAmDonut","Runic Pyramid","Regal Pillow","reliquary:RoseTintedGlasses","Smiling Mask","hubris:Towel","halation:PinkAlligatorPlush","Bag of Marbles","Another Sword","halation:PapillonHeart","reliquary:Buckler"],"acts_visited":["Exordium","TheCity","TheBeyond"],"potions_floor_usage":[33,46,50,50],"damage_taken":[{"damage":3.0,"enemies":"2 Louse","floor":1.0,"turns":3.0},{"damage":1.0,"enemies":"Jaw Worm","floor":7.0,"turns":4.0},{"damage":0.0,"enemies":"Small Slimes","floor":10.0,"turns":4.0},{"damage":2.0,"enemies":"Gremlin Gang","floor":11.0,"turns":5.0},{"damage":10.0,"enemies":"2 Fungi Beasts","floor":14.0,"turns":5.0},{"damage":25.0,"enemies":"Hexaghost","floor":16.0,"turns":8.0},{"damage":14.0,"enemies":"Shell Parasite","floor":18.0,"turns":6.0},{"damage":0.0,"enemies":"2 Thieves","floor":19.0,"turns":1.0},{"damage":18.0,"enemies":"Snake Plant","floor":21.0,"turns":4.0},{"damage":16.0,"enemies":"Sentry and Sphere","floor":22.0,"turns":5.0},{"damage":29.0,"enemies":"Slavers","floor":24.0,"turns":2.0},{"damage":33.0,"enemies":"Centurion and Healer","floor":29.0,"turns":4.0},{"damage":18,"enemies":"3 Cultists","floor":30,"turns":4},{"damage":13,"enemies":"Snecko","floor":31,"turns":4},{"damage":57,"enemies":"Automaton","floor":33,"turns":8},{"damage":37,"enemies":"3 Shapes","floor":35,"turns":7},{"damage":2,"enemies":"Orb Walker","floor":38,"turns":1},{"damage":90,"enemies":"Spire Growth","floor":41,"turns":5},{"damage":13,"enemies":"Jaw Worm Horde","floor":44,"turns":4},{"damage":15,"enemies":"Nemesis","floor":46,"turns":6},{"damage":14,"enemies":"3 Darklings","floor":48,"turns":5},{"damage":72,"enemies":"Replay:Hell Engine","floor":50,"turns":8}],"seed_played":"-7677097186254241422","potions_obtained":[{"floor":7.0,"key":"DuplicationPotion"},{"floor":12.0,"key":"Fruit Juice"},{"floor":12.0,"key":"LifebloodPotion"},{"floor":12.0,"key":"Venom Potion"},{"floor":18.0,"key":"Fire Potion"},{"floor":30,"key":"SteroidPotion"},{"floor":31,"key":"ColorlessPotion"},{"floor":44,"key":"Weak Potion"},{"floor":47,"key":"HeartOfIron"},{"floor":47,"key":"Swift Potion"}],"is_trial":false,"path_per_floor":["M","?","$","?","?","R","M","R","T","M","M","?","R","M","R","B",null,"M","M","$","M","M","R","E","R","T","?","?","M","M","M","R","B",null,"M","?","$","M","$","R","M","R","T","M","?","E","?","M","R","B",null],"character_chosen":"IRONCLAD","items_purchased":["Regal Pillow","Bag of Marbles","Ghostly Armor"],"campfire_rested":4,"item_purchase_floors":[20,37,39],"current_hp_per_floor":[80,80,80,73,73,73,78,78,78,80,80,85,85,81,81,62,85,77,83,83,71,61,61,38,78,78,62,62,35,23,16,58,7,90,59,59,59,63,63,90,90,90,90,83,83,74,74,66,85,19],"gold":103,"neow_bonus":"ONE_RANDOM_RARE_CARD","is_daily":false,"chose_seed":false,"campfire_upgraded":6,"win_rate":0.0,"timestamp":1613257558,"path_taken":["M","?","$","?","?","R","M","R","T","M","M","?","R","M","R","BOSS","M","?","$","?","M","R","E","R","T","?","?","M","M","M","R","BOSS","M","?","?","M","$","R","M","R","T","M","?","E","?","M","R","BOSS"],"items_purchased_type":["Relic","Relic","Card"],"build_version":"2020-12-22","purchased_purges":3,"victory":true,"max_hp_per_floor":[80,80,80,80,80,80,80,80,80,80,80,85,85,85,85,85,85,85,85,85,85,85,85,85,85,85,90,90,90,90,90,90,90,90,90,90,90,90,90,90,90,90,90,90,85,85,85,85,85,85],"card_choices":[{"not_picked":["Body Slam","Cleave"],"picked":"Ghostly Armor","floor":1.0},{"not_picked":["ReplayTheSpireMod:Limb From Limb","Clothesline"],"picked":"Armaments","floor":7.0},{"not_picked":["Blood for Blood","Power Through"],"picked":"Seeing Red","floor":10.0},{"not_picked":["Heavy Blade","Replay:Undeath\u0027s Touch"],"picked":"Demon Form","floor":11.0},{"not_picked":["Clash","Clothesline","Havoc"],"picked":"SKIP","floor":14.0},{"not_picked":["Brutality","Offering"],"picked":"Limit Break","floor":16.0},{"not_picked":["True Grit+1","Armaments"],"picked":"Pommel Strike","floor":18.0},{"not_picked":["Thunderclap+1","Warcry","Perfected Strike"],"picked":"SKIP","floor":19.0},{"not_picked":["Blood for Blood","Warcry","Perfected Strike+1"],"picked":"SKIP","floor":21.0},{"not_picked":["Sword Boomerang","Replay:Undeath\u0027s Touch"],"picked":"Seeing Red","floor":22.0},{"not_picked":["Clothesline+1","Shockwave+1"],"picked":"Flex","floor":24.0},{"not_picked":["Iron Wave","Fire Breathing+1","Corruption"],"picked":"SKIP","floor":29},{"not_picked":["hubris:ReadiedAction","Warcry","Havoc"],"picked":"SKIP","floor":30},{"not_picked":["Dropkick","Havoc"],"picked":"Shrug It Off","floor":31},{"not_picked":["Offering","Feed"],"picked":"hubris:StunningStrike","floor":33},{"not_picked":["ReplayTheSpireMod:Strike From Hell+1","Sword Boomerang"],"picked":"Carnage+1","floor":35},{"not_picked":["Dropkick","Carnage","True Grit"],"picked":"SKIP","floor":38},{"not_picked":["Defy Death","Wild Strike+1"],"picked":"Rampage+1","floor":41},{"not_picked":["Anger+1","True Grit+1"],"picked":"Shrug It Off+1","floor":44},{"not_picked":["Shockwave","Run Through","Twin Strike+1"],"picked":"SKIP","floor":46},{"not_picked":["Headbutt+1","Dropkick+1","Anger+1"],"picked":"SKIP","floor":48}],"player_experience":306499,"relics_obtained":[{"floor":2.0,"key":"ReplayTheSpireMod:Ring of Exchange"},{"floor":9.0,"key":"halation:TwoAmDonut"},{"floor":24.0,"key":"reliquary:RoseTintedGlasses"},{"floor":26.0,"key":"Smiling Mask"},{"floor":43,"key":"Another Sword"},{"floor":46,"key":"reliquary:Buckler"}],"event_choices":[{"cards_removed":["Bash"],"damage_healed":0.0,"max_hp_gain":0.0,"max_hp_loss":0.0,"gold_gain":0.0,"event_name":"Golden Wing","player_choice":"Card Removal","floor":4.0,"gold_loss":0.0,"damage_taken":7.0},{"damage_healed":0.0,"max_hp_gain":0.0,"max_hp_loss":0.0,"gold_gain":0.0,"event_name":"The Woman in Blue","player_choice":"Bought 3 Potions","floor":12.0,"gold_loss":0.0,"damage_taken":0.0},{"damage_healed":0.0,"max_hp_gain":5.0,"max_hp_loss":0.0,"gold_gain":0.0,"event_name":"Forgotten Altar","player_choice":"Shed Blood","floor":27.0,"gold_loss":0.0,"damage_taken":21.0},{"cards_removed":["Strike_R"],"damage_healed":0,"gold_gain":0,"player_choice":"Purged","damage_taken":0,"max_hp_gain":0,"max_hp_loss":0,"event_name":"Purifier","floor":36,"gold_loss":0},{"damage_healed":0,"gold_gain":0,"player_choice":"Got Potions","damage_taken":0,"max_hp_gain":0,"max_hp_loss":0,"event_name":"Lab","floor":47,"gold_loss":0}],"is_beta":false,"boss_relics":[{"not_picked":["halation:TrafficLight","halation:PlatinumPhoenix"],"picked":"Runic Pyramid"},{"not_picked":["Toolbox","Lee\u0027s Waffle"],"picked":"halation:PinkAlligatorPlush"}],"items_purged_floors":[3,20,37],"is_endless":false,"potions_floor_spawned":[7,18,30,31,44,48],"ascension_level":4}}