{"host":"0awa854l6bexpjrv","time":1613259257,"event":{"mods":["BaseMod","Block Reminder","Colored Map","Colored Powertips","Downfall","Highlight Path","Minty Spire (QoL Compilation)","Quick Restart","Rare Cards Sparkle","StSLib","SuperFastMode"],"gold_per_floor":[117,134,134,153,167,167,181,198,223,241,20,20,38,58,58,154,154,170,170,181,181,193,193,173,184,208,208,223,238,238,254,254,354,354,374,374,386,399,399,399,399,399,399],"floor_reached":42,"language":"ENG","playtime":5233,"items_purged":["Strike_G"],"score":489,"play_id":"3cd94386-9664-4725-907d-567476259bbf","local_time":"20210213153417","is_ascension_mode":true,"campfire_choices":[{"data":"Neutralize","floor":6,"key":"SMITH"},{"floor":12,"key":"REST"},{"data":"Phantasmal Killer","floor":15,"key":"SMITH"},{"floor":23,"key":"REST"},{"floor":27,"key":"REST"},{"floor":30,"key":"REST"},{"floor":32,"key":"REST"},{"floor":40,"key":"REST"}],"circlet_count":0,"master_deck":["Defend_G","Defend_G","Defend_G","Defend_G","Survivor","Neutralize+1","Blade Dance","Blade Dance","Backflip","Dagger Throw","Acrobatics","Cloak And Dagger","Noxious Fumes","Phantasmal Killer+1","Heel Hook","Caltrops","Dash","Burst","Footwork","Terror","Slimebound:Tackle+1","Slimebound:Tackle+1","Slimebound:Tackle+1","Flying Knee","Choke","Footwork+1","Die Die Die","Predator","After Image","Reflex"],"relics":["Ring of the Snake","Oddly Smooth Stone","TwistedFunnel","HoveringKite","Enchiridion","Happy Flower","Busted Crown"],"acts_visited":["Exordium","TheCity","TheBeyond"],"potions_floor_usage":[7,22,25,29,33,38,41],"damage_taken":[{"damage":2,"enemies":"Small Slimes","floor":1,"turns":3},{"damage":0,"enemies":"Cultist","floor":2,"turns":3},{"damage":0,"enemies":"2 Louse","floor":4,"turns":2},{"damage":3,"enemies":"Blue Slaver","floor":5,"turns":5},{"damage":4,"enemies":"Gremlin Gang","floor":7,"turns":5},{"damage":7,"enemies":"Looter","floor":8,"turns":4},{"damage":0,"enemies":"Large Slime","floor":10,"turns":7},{"damage":0,"enemies":"Blue Slaver","floor":13,"turns":3},{"damage":6,"enemies":"2 Fungi Beasts","floor":14,"turns":4},{"damage":26,"enemies":"Slime Boss","floor":16,"turns":8},{"damage":14,"enemies":"Spheric Guardian","floor":18,"turns":5},{"damage":4,"enemies":"Chosen","floor":20,"turns":6},{"damage":2,"enemies":"Shelled Parasite and Fungi","floor":22,"turns":3},{"damage":14,"enemies":"Snake Plant","floor":25,"turns":4},{"damage":22,"enemies":"Snecko","floor":28,"turns":6},{"damage":14,"enemies":"Centurion and Healer","floor":29,"turns":6},{"damage":28,"enemies":"Shelled Parasite and Fungi","floor":31,"turns":4},{"damage":42,"enemies":"Collector","floor":33,"turns":7},{"damage":4,"enemies":"Orb Walker","floor":35,"turns":4},{"damage":0,"enemies":"3 Shapes","floor":37,"turns":3},{"damage":24,"enemies":"Writhing Mass","floor":38,"turns":3},{"damage":0,"enemies":"Jaw Worm Horde","floor":41,"turns":2},{"damage":27,"enemies":"3 Darklings","floor":42,"turns":3}],"seed_played":"1601158498259063134","potions_obtained":[{"floor":1,"key":"PowerPotion"},{"floor":5,"key":"Block Potion"},{"floor":8,"key":"AttackPotion"},{"floor":10,"key":"Weak Potion"},{"floor":14,"key":"EssenceOfSteel"},{"floor":16,"key":"FairyPotion"},{"floor":24,"key":"GhostInAJar"},{"floor":28,"key":"SmokeBomb"},{"floor":31,"key":"BlessingOfTheForge"},{"floor":37,"key":"Poison Potion"}],"is_trial":false,"path_per_floor":["M","M","?","M","M","R","M","M","T","M","$","R","M","M","R","B",null,"M","?","M","?","M","R","?","M","T","R","M","M","R","M","R","B",null,"M","?","M","M","?","R","M","M"],"character_chosen":"THE_SILENT","items_purchased":["TwistedFunnel"],"campfire_rested":6,"item_purchase_floors":[11],"current_hp_per_floor":[68,68,68,68,65,65,61,54,54,54,54,70,70,64,64,38,70,56,40,36,36,34,55,55,41,41,62,40,26,47,19,40,21,70,66,66,66,42,42,63,63,36,36],"gold":399,"neow_bonus":"THREE_CARDS","is_daily":false,"chose_seed":false,"campfire_upgraded":2,"win_rate":0.0,"timestamp":1613259257,"path_taken":["M","M","?","M","M","R","M","M","T","M","$","R","?","M","R","BOSS","M","?","M","?","M","R","?","M","T","R","M","?","R","M","R","BOSS","M","?","M","?","?","R","M","M"],"items_purchased_type":["Relic"],"build_version":"2020-12-22","purchased_purges":1,"victory":false,"max_hp_per_floor":[70,70,70,70,70,70,70,70,70,70,70,70,70,70,70,70,70,70,70,70,70,70,70,70,70,70,70,70,70,70,70,70,70,70,70,70,70,70,70,70,70,70,70],"card_choices":[{"not_picked":["Escape Plan","Masterful Stab"],"picked":"Blade Dance","floor":0},{"not_picked":["Backstab","Dodge and Roll"],"picked":"Blade Dance","floor":1},{"not_picked":["Quick Slash","Tactician"],"picked":"Backflip","floor":2},{"not_picked":["Riddle With Holes","Skewer"],"picked":"Acrobatics","floor":4},{"not_picked":["Backflip","Outmaneuver"],"picked":"Cloak And Dagger","floor":5},{"not_picked":["Bouncing Flask","Infinite Blades"],"picked":"Noxious Fumes","floor":7},{"not_picked":["Underhanded Strike","Poisoned Stab"],"picked":"Phantasmal Killer","floor":8},{"not_picked":["Dodge and Roll","Deflect"],"picked":"Heel Hook","floor":10},{"not_picked":["Cloak And Dagger","Deadly Poison"],"picked":"Caltrops","floor":13},{"not_picked":["Slice","Tactician"],"picked":"Dash","floor":14},{"not_picked":["Adrenaline","Unload"],"picked":"Burst","floor":16},{"not_picked":["Masterful Stab","Poisoned Stab"],"picked":"Footwork","floor":18},{"not_picked":["Flying Knee","Concentrate"],"picked":"Terror","floor":20},{"not_picked":["Underhanded Strike","Poisoned Stab"],"picked":"Flying Knee","floor":22},{"not_picked":["Flying Knee","Outmaneuver"],"picked":"Choke","floor":25},{"not_picked":["Prepared","Skewer"],"picked":"Footwork+1","floor":28},{"not_picked":["Poisoned Stab+1","Endless Agony"],"picked":"Die Die Die","floor":29},{"not_picked":["Slice","Dagger Throw"],"picked":"Predator","floor":31},{"not_picked":["Bullet Time","Envenom"],"picked":"After Image","floor":33},{"not_picked":["Dodge and Roll+1"],"picked":"SKIP","floor":35},{"not_picked":["Backflip"],"picked":"SKIP","floor":37},{"not_picked":["Distraction"],"picked":"SKIP","floor":38}],"player_experience":765653,"relics_obtained":[{"floor":9,"key":"Oddly Smooth Stone"},{"floor":19,"key":"Enchiridion"},{"floor":26,"key":"Happy Flower"}],"event_choices":[{"damage_healed":0,"gold_gain":0,"cards_transformed":["Strike_G"],"player_choice":"Transformed","damage_taken":0,"max_hp_gain":0,"max_hp_loss":0,"event_name":"Transmorgrifier","floor":3,"gold_loss":0,"cards_obtained":["Dagger Throw"]},{"damage_healed":0,"gold_gain":0,"player_choice":"Obtained Book","damage_taken":16,"max_hp_gain":0,"max_hp_loss":0,"event_name":"Cursed Tome","floor":19,"gold_loss":0},{"damage_healed":0,"gold_gain":0,"player_choice":"Bought 1 Potion","damage_taken":0,"max_hp_gain":0,"max_hp_loss":0,"event_name":"The Woman in Blue","floor":24,"gold_loss":0},{"damage_healed":0,"gold_gain":0,"cards_transformed":["Defend_G"],"player_choice":"Transformed","damage_taken":0,"max_hp_gain":0,"max_hp_loss":0,"event_name":"Transmorgrifier","floor":36,"gold_loss":0,"cards_obtained":["Reflex"]},{"damage_healed":0,"gold_gain":0,"player_choice":"Ignored","damage_taken":0,"max_hp_gain":0,"max_hp_loss":0,"event_name":"Mysterious Sphere","floor":39,"gold_loss":0}],"is_beta":false,"boss_relics":[{"not_picked":["Runic Dome","Velvet Choker"],"picked":"HoveringKite"},{"not_picked":["Empty Cage","Sozu"],"picked":"Busted Crown"}],"items_purged_floors":[11],"is_endless":false,"potions_floor_spawned":[1,5,8,10,14,16,18,28,31,37],"killed_by":"3 Darklings","ascension_level":3}}