{"host":"d0btaf6p0msba79e","time":1613232921,"event":{"mods":["BaseMod","BetterRewards","Minty Spire (QoL Compilation)"],"gold_per_floor":[18,18,18,18,18,18,49,49,122,132,158,171,171,182,182,285,285,297,297,312,81,6,6,26,26,77,105,105,105,5,39,39,136,136,152,5,5,25,0,0,0,0,71,71,91,91,91],"floor_reached":46,"language":"ENG","playtime":2475,"items_purged":["Strike_P","SignatureMove"],"score":509,"play_id":"ab8e948d-4747-4243-92f0-33a6175f1725","local_time":"20210214031521","is_ascension_mode":true,"campfire_choices":[{"floor":6,"key":"REST"},{"floor":13,"key":"REST"},{"floor":15,"key":"REST"},{"data":"MasterReality","floor":23,"key":"SMITH"},{"floor":25,"key":"REST"},{"floor":28,"key":"REST"},{"floor":32,"key":"REST"},{"floor":40,"key":"REST"},{"data":"Protect","floor":41,"key":"SMITH"},{"data":"Vigilance","floor":42,"key":"SMITH"}],"circlet_count":0,"master_deck":["Strike_P+1","Defend_P","Defend_P+1","Defend_P+1","Defend_P","Eruption","Vigilance+1","Alpha+1","EmptyFist","Protect+1","Devotion","MasterReality+1","Flash of Steel","WaveOfTheHand+1","DeusExMachina+1","CurseOfTheBell","Establishment"],"relics":["PureWater","Pocketwatch","Anchor","Mummified Hand","Blue Candle","Runic Pyramid","Strange Spoon","Ancient Tea Set","Toxic Egg 2","Matryoshka","FossilizedHelix","Calling Bell","War Paint","Singing Bowl","WingedGreaves","Red Mask","Dream Catcher","White Beast Statue"],"acts_visited":["Exordium","TheCity","TheBeyond"],"potions_floor_usage":[7,24,27],"damage_taken":[{"damage":2,"enemies":"Small Slimes","floor":1,"turns":5},{"damage":13,"enemies":"3 Sentries","floor":7,"turns":3},{"damage":0,"enemies":"2 Louse","floor":10,"turns":3},{"damage":37,"enemies":"Gremlin Nob","floor":11,"turns":5},{"damage":0,"enemies":"Jaw Worm","floor":12,"turns":3},{"damage":0,"enemies":"Exordium Wildlife","floor":14,"turns":3},{"damage":30,"enemies":"Hexaghost","floor":16,"turns":6},{"damage":26,"enemies":"Spheric Guardian","floor":18,"turns":6},{"damage":3,"enemies":"Chosen","floor":20,"turns":5},{"damage":21,"enemies":"Snecko","floor":24,"turns":7},{"damage":16,"enemies":"Book of Stabbing","floor":27,"turns":4},{"damage":18,"enemies":"Gremlin Leader","floor":31,"turns":4},{"damage":43,"enemies":"Automaton","floor":33,"turns":7},{"damage":22,"enemies":"Orb Walker","floor":35,"turns":6},{"damage":40,"enemies":"3 Darklings","floor":38,"turns":4},{"damage":8,"enemies":"Maw","floor":45,"turns":7},{"damage":30,"enemies":"Sphere and 2 Shapes","floor":46,"turns":4}],"seed_played":"6048061805346043577","potions_obtained":[{"floor":1,"key":"Fire Potion"},{"floor":7,"key":"SneckoOil"},{"floor":16,"key":"Fire Potion"},{"floor":27,"key":"BottledMiracle"},{"floor":33,"key":"SteroidPotion"},{"floor":45,"key":"Ancient Potion"}],"is_trial":false,"path_per_floor":["M","?","?","?","$","R","E","$","T","M","E","M","R","M","R","B",null,"M","?","M","$","?","R","M","R","T","E","R","T","$","E","R","B",null,"M","$","?","M","?","R","R","R","T","$","M","M"],"character_chosen":"WATCHER","items_purchased":["Strange Spoon","Establishment"],"campfire_rested":7,"item_purchase_floors":[21,36],"current_hp_per_floor":[70,70,56,44,44,65,52,52,52,52,15,15,36,36,57,27,72,46,46,43,43,43,43,22,43,43,27,48,48,48,30,51,8,72,52,52,52,14,14,36,36,36,36,36,30,0,0],"gold":91,"neow_bonus":"THREE_RARE_CARDS","is_daily":false,"chose_seed":false,"campfire_upgraded":3,"win_rate":0.0,"timestamp":1613232921,"path_taken":["M","?","?","?","?","R","E","$","T","?","E","M","R","M","R","BOSS","M","?","M","?","?","R","M","R","T","E","R","?","$","E","R","BOSS","M","$","?","M","?","R","R","R","T","$","M","?"],"items_purchased_type":["Relic","Card"],"build_version":"2020-12-22","purchased_purges":2,"victory":false,"max_hp_per_floor":[72,72,72,72,72,72,72,72,72,72,72,72,72,72,72,72,72,72,72,72,72,72,72,72,72,72,72,72,72,72,72,72,72,72,74,74,74,76,76,76,76,76,76,76,78,78,78],"card_choices":[{"not_picked":["ConjureBlade","DeusExMachina"],"picked":"Alpha","floor":0},{"not_picked":["JustLucky","FlyingSleeves"],"picked":"EmptyFist","floor":1},{"not_picked":["FlurryOfBlows","Worship"],"picked":"SignatureMove","floor":7},{"not_picked":["Crescendo","Consecrate"],"picked":"Protect","floor":10},{"not_picked":["ReachHeaven","FlurryOfBlows","Pray"],"picked":"SKIP","floor":11},{"not_picked":["EmptyBody","PathToVictory"],"picked":"Devotion","floor":12},{"not_picked":["ClearTheMind","Consecrate","Halt"],"picked":"SKIP","floor":14},{"not_picked":["Vault","LessonLearned"],"picked":"MasterReality","floor":16},{"not_picked":["ClearTheMind+1","Protect","EmptyFist+1"],"picked":"SKIP","floor":18},{"not_picked":["Crescendo+1","Halt","JustLucky"],"picked":"SKIP","floor":20},{"not_picked":["Fasting2","EmptyMind","Halt+1"],"picked":"SKIP","floor":24},{"not_picked":["EmptyFist+1","FlyingSleeves","EmptyMind+1"],"picked":"SKIP","floor":27},{"not_picked":["CrushJoints","Pray+1"],"picked":"WaveOfTheHand+1","floor":31},{"not_picked":["Blasphemy+1","Scrawl+1"],"picked":"DeusExMachina+1","floor":33},{"not_picked":["SandsOfTime","JustLucky+1","CutThroughFate+1"],"picked":"Singing Bowl","floor":35},{"not_picked":["Study","Crescendo+1","PathToVictory+1"],"picked":"Singing Bowl","floor":38},{"not_picked":["FlyingSleeves","Indignation+1","Study+1"],"picked":"Singing Bowl","floor":45}],"player_experience":994069,"relics_obtained":[{"floor":7,"key":"Anchor"},{"floor":9,"key":"Mummified Hand"},{"floor":11,"key":"Blue Candle"},{"floor":26,"key":"Ancient Tea Set"},{"floor":27,"key":"Toxic Egg 2"},{"floor":29,"key":"Matryoshka"},{"floor":31,"key":"FossilizedHelix"},{"floor":34,"key":"War Paint"},{"floor":34,"key":"Singing Bowl"},{"floor":34,"key":"WingedGreaves"},{"floor":43,"key":"Dream Catcher"},{"floor":43,"key":"White Beast Statue"}],"event_choices":[{"damage_healed":0,"gold_gain":0,"player_choice":"Grow","damage_taken":0,"max_hp_gain":0,"max_hp_loss":0,"event_name":"Living Wall","floor":2,"gold_loss":0,"cards_upgraded":["Alpha"]},{"damage_healed":0,"gold_gain":0,"player_choice":"Entered Light","damage_taken":14,"max_hp_gain":0,"max_hp_loss":0,"event_name":"Shining Light","floor":3,"gold_loss":0,"cards_upgraded":["Strike_P","Strike_P"]},{"damage_healed":0,"gold_gain":0,"player_choice":"Success","damage_taken":12,"relics_obtained":["Pocketwatch"],"max_hp_gain":0,"max_hp_loss":0,"event_name":"Scrap Ooze","floor":4,"gold_loss":0},{"damage_healed":0,"gold_gain":0,"player_choice":"1 cards matched","damage_taken":0,"max_hp_gain":0,"max_hp_loss":0,"event_name":"Match and Keep!","floor":19,"gold_loss":0,"cards_obtained":["Flash of Steel"]},{"cards_removed":["Strike_P"],"damage_healed":0,"gold_gain":0,"player_choice":"Gave Gold","damage_taken":0,"max_hp_gain":0,"max_hp_loss":0,"event_name":"Beggar","floor":22,"gold_loss":75},{"cards_removed":["Strike_P"],"damage_healed":0,"gold_gain":0,"player_choice":"Removed Attack","damage_taken":0,"max_hp_gain":0,"max_hp_loss":0,"event_name":"Falling","floor":37,"gold_loss":0},{"damage_healed":0,"gold_gain":0,"player_choice":"Paid","damage_taken":0,"relics_obtained":["Red Mask"],"max_hp_gain":0,"max_hp_loss":0,"event_name":"Tomb of Lord Red Mask","floor":39,"gold_loss":25}],"is_beta":false,"boss_relics":[{"not_picked":["Astrolabe","Tiny House"],"picked":"Runic Pyramid"},{"not_picked":["Cursed Key","Coffee Dripper"],"picked":"Calling Bell"}],"items_purged_floors":[21,30],"is_endless":false,"potions_floor_spawned":[1,7,16,27,33,45],"killed_by":"Sphere and 2 Shapes","ascension_level":1}}