{"host":"syoelbwvqoivx1mb","time":1613234111,"event":{"mods":["BaseMod","Bestiary","Curses Come First","Minty Spire (QoL Compilation)","Relic Stats","StSLib"],"gold_per_floor":[411,411,425,198,198,198,238,513,538,554,588,53,53,97,97,97,97],"floor_reached":16,"language":"ENG","playtime":1004,"items_purged":["Writhe","Regret"],"score":124,"play_id":"bccb6608-7595-4d31-bd2a-5d8425473460","local_time":"20210213173511","is_ascension_mode":true,"campfire_choices":[{"data":"Battle Trance","floor":6,"key":"SMITH"},{"data":"Feed","floor":13,"key":"SMITH"},{"data":"HandOfGreed","floor":15,"key":"SMITH"}],"circlet_count":0,"master_deck":["Strike_R","Strike_R","Strike_R","Strike_R","Strike_R","Defend_R","Defend_R","Defend_R","Defend_R","Bash","Battle Trance+1","Pommel Strike","Carnage","Metallicize","Armaments","HandOfGreed+1","Feed+1","Bandage Up","Hemokinesis"],"relics":["Burning Blood","Old Coin","Brimstone","Golden Idol","Dead Branch","Blood Vial","Anchor"],"acts_visited":["Exordium"],"potions_floor_usage":[7,16],"damage_taken":[{"damage":10,"enemies":"Small Slimes","floor":1,"turns":4},{"damage":10,"enemies":"Cultist","floor":3,"turns":5},{"damage":23,"enemies":"3 Sentries","floor":7,"turns":5},{"damage":4,"enemies":"2 Louse","floor":10,"turns":2},{"damage":10,"enemies":"Gremlin Nob","floor":11,"turns":3},{"damage":10,"enemies":"Exordium Thugs","floor":14,"turns":3},{"damage":56,"enemies":"Hexaghost","floor":16,"turns":7}],"seed_played":"6626214639166370744","potions_obtained":[{"floor":3,"key":"ColorlessPotion"},{"floor":7,"key":"LiquidBronze"}],"is_trial":false,"path_per_floor":["M","?","M","$","?","R","E","?","T","M","E","$","R","M","R","B"],"character_chosen":"IRONCLAD","items_purchased":["Brimstone","HandOfGreed","Feed","Bandage Up"],"campfire_rested":0,"item_purchase_floors":[4,12,12,12],"current_hp_per_floor":[76,81,77,77,56,56,39,39,39,43,41,41,41,39,39,0,0],"gold":97,"neow_bonus":"ONE_RARE_RELIC","is_daily":false,"chose_seed":false,"campfire_upgraded":3,"win_rate":0.0,"timestamp":1613234111,"path_taken":["M","?","M","$","?","R","E","?","T","M","E","$","R","M","R","BOSS"],"items_purchased_type":["Relic","Card","Card","Card"],"build_version":"2020-12-22","purchased_purges":2,"victory":false,"max_hp_per_floor":[80,85,85,85,85,85,85,85,85,85,85,85,85,85,85,85,85],"relic_stats":{"Blood Vial":8,"counters":[7,29],"Golden Idol":23,"Dead Branch":[4],"obtain_stats":[{"Blood Vial":9,"Anchor":11,"Brimstone":4,"Golden Idol":5,"Dead Branch":7,"Burning Blood":0,"Old Coin":0},{"Blood Vial":3,"Anchor":5,"Brimstone":2,"Golden Idol":2,"Dead Branch":3,"Burning Blood":0,"Old Coin":0},{"Blood Vial":14,"Anchor":19,"Brimstone":9,"Golden Idol":9,"Dead Branch":14,"Burning Blood":0,"Old Coin":0}],"Burning Blood":36},"card_choices":[{"not_picked":["Dark Embrace","Shrug It Off"],"picked":"Battle Trance","floor":1},{"not_picked":["Sword Boomerang","Headbutt"],"picked":"Pommel Strike","floor":3},{"not_picked":["Flex","Perfected Strike"],"picked":"Carnage","floor":7},{"not_picked":["Flex","Armaments"],"picked":"Metallicize","floor":10},{"not_picked":["Thunderclap","Twin Strike"],"picked":"Armaments","floor":11},{"not_picked":["Body Slam","Rage"],"picked":"Hemokinesis","floor":14}],"player_experience":691940,"relics_obtained":[{"floor":7,"key":"Dead Branch"},{"floor":9,"key":"Blood Vial"},{"floor":11,"key":"Anchor"}],"event_choices":[{"damage_healed":0,"gold_gain":0,"player_choice":"Donut","damage_taken":0,"max_hp_gain":5,"max_hp_loss":0,"event_name":"Big Fish","floor":2,"gold_loss":0},{"damage_healed":0,"gold_gain":0,"player_choice":"Take Damage","damage_taken":21,"relics_obtained":["Golden Idol"],"max_hp_gain":0,"max_hp_loss":0,"event_name":"Golden Idol","floor":5,"gold_loss":0},{"damage_healed":0,"gold_gain":275,"player_choice":"Desecrate","damage_taken":0,"max_hp_gain":0,"max_hp_loss":0,"event_name":"Golden Shrine","floor":8,"gold_loss":0,"cards_obtained":["Regret"]}],"is_beta":false,"boss_relics":[],"items_purged_floors":[4,12],"is_endless":false,"potions_floor_spawned":[3,7],"killed_by":"Hexaghost","ascension_level":3}}