{"host":"re327vnqwpdy5ott","time":1613204265,"event":{"mods":["BaseMod","Conspire","Downfall","Hubris","Infinite Spire","Marisa????????","Minty Spire (QoL Compilation)","Replay The Spire","StSLib"],"gold_per_floor":[99,111,111,177,194,208,234,260,36,47,65,65,75,75,95,199,199,199,219,219,219,219],"floor_reached":20,"language":"ENG","playtime":1456,"items_purged":[],"score":176,"play_id":"c55fea56-e05a-4da8-a2a2-88432f377ee7","local_time":"20210213001745","is_ascension_mode":false,"campfire_choices":[{"data":"sneckomod:UnknownBoss","floor":18,"key":"SMITH"}],"circlet_count":0,"master_deck":["conspire:GhostlyStrike","conspire:GhostlyStrike","conspire:GhostlyStrike","conspire:GhostlyDefend","conspire:GhostlyDefend","conspire:GhostlyDefend","sneckomod:TailWhip","sneckomod:SnekBite","sneckomod:Unknown","sneckomod:Unknown2Cost","ReplayTheSpireMod:Tripwire","sneckomod:UnknownUncommonSkill","sneckomod:ImprovisedAttack","sneckomod:UnknownDraw","sneckomod:UnknownBoss+1","sneckomod:Unknown0Cost","sneckomod:SoulRoll","sneckomod:UnendingSupply","sneckomod:UnendingSupply","sneckomod:Unknown0Cost","sneckomod:UnknownExhaust","sneckomod:CheapStock","Amnesia","sneckomod:SerpentIdol","sneckomod:UnknownBoss","CurseOfTheBell"],"relics":["conspire:TopHat","Ancient Tea Set","Pantograph","ReplayTheSpireMod:Shallot","hubris:IronBody","infinitespire:Chaos","hubris:Towel","Calling Bell","Art of War","infinitespire:Broken Mirror","StoneCalendar"],"acts_visited":["Exordium","TheCity"],"potions_floor_usage":[8,8,11,20],"damage_taken":[{"damage":0,"enemies":"Small Slimes","floor":2,"turns":4},{"damage":4,"enemies":"Jaw Worm","floor":5,"turns":4},{"damage":11,"enemies":"2 Louse","floor":6,"turns":2},{"damage":18,"enemies":"Lagavulin","floor":8,"turns":4},{"damage":5,"enemies":"downfall:FleeingMerchant","floor":9,"turns":4},{"damage":34,"enemies":"Large Slime","floor":10,"turns":6},{"damage":20,"enemies":"Exordium Wildlife","floor":11,"turns":4},{"damage":2,"enemies":"Red Slaver","floor":13,"turns":5},{"damage":24,"enemies":"Exordium Thugs","floor":15,"turns":5},{"damage":9,"enemies":"IC_STATUS_ARCHETYPE","floor":16,"turns":5},{"damage":1,"enemies":"Spheric Guardian","floor":19,"turns":3},{"damage":89,"enemies":"3 Cultists","floor":20,"turns":6}],"seed_played":"6088623111796259926","potions_obtained":[{"floor":4,"key":"Death Potion"},{"floor":6,"key":"Fire Potion"},{"floor":8,"key":"SkillPotion"},{"floor":10,"key":"FearPotion"},{"floor":13,"key":"sneckomod:MuddlingPotion"},{"floor":15,"key":"Explosive Potion"},{"floor":16,"key":"ColorlessPotion"}],"is_trial":false,"path_per_floor":["R","M","?","?","M","M","T","E","$","M","M","?","M","?","M","B",null,"R","M","M"],"character_chosen":"THE_SNECKO","items_purchased":["infinitespire:Chaos","sneckomod:UnendingSupply"],"campfire_rested":0,"item_purchase_floors":[9,9],"current_hp_per_floor":[90,90,90,68,64,53,53,35,30,20,20,20,18,90,66,81,90,90,89,0,0,0],"gold":219,"neow_bonus":"THREE_CARDS","is_daily":false,"chose_seed":false,"campfire_upgraded":1,"win_rate":0.0,"timestamp":1613204265,"path_taken":["R","M","?","?","M","M","T","E","$","M","M","?","M","?","M","BOSS","R","M","M"],"items_purchased_type":["Relic","Card"],"build_version":"2020-12-22","purchased_purges":0,"victory":false,"max_hp_per_floor":[90,90,90,90,90,90,90,90,90,90,90,90,90,90,90,90,90,90,90,90,90,90],"card_choices":[{"not_picked":["sneckomod:IronFang","sneckomod:SnekBeam"],"picked":"sneckomod:Unknown2Cost","floor":0},{"not_picked":["sneckomod:UnknownCommonSkill","sneckomod:DiceBlock"],"picked":"sneckomod:UnknownUncommonSkill","floor":2},{"not_picked":["sneckomod:RainOfDice","sneckomod:UnknownBlock"],"picked":"sneckomod:ImprovisedAttack","floor":4},{"not_picked":["sneckomod:QuickMove","sneckomod:SlitherStrike"],"picked":"sneckomod:UnknownDraw","floor":4},{"not_picked":["sneckomod:DiceBlock","sneckomod:DiceCrush"],"picked":"sneckomod:UnknownBoss","floor":5},{"not_picked":["sneckomod:Nope","sneckomod:Unknown1Cost","sneckomod:ImprovisedAttack"],"picked":"SKIP","floor":6},{"not_picked":["sneckomod:WideSting","sneckomod:UnknownDraw"],"picked":"sneckomod:Unknown0Cost","floor":8},{"not_picked":["sneckomod:ImprovisedAttack","sneckomod:ImprovisedGuard"],"picked":"sneckomod:SoulRoll","floor":9},{"not_picked":["sneckomod:IronFang","sneckomod:DiceCrush"],"picked":"sneckomod:Unknown0Cost","floor":10},{"not_picked":["sneckomod:UnknownDraw","sneckomod:UnknownCommonSkill"],"picked":"sneckomod:UnknownExhaust","floor":11},{"not_picked":["sneckomod:SlitherStrike","sneckomod:Nope"],"picked":"sneckomod:CheapStock","floor":13},{"not_picked":["sneckomod:Unknown1Cost","sneckomod:UnknownBlock"],"picked":"sneckomod:SerpentIdol","floor":15},{"not_picked":["sneckomod:Unknown3Cost","sneckomod:UnknownRarePower"],"picked":"sneckomod:UnknownBoss","floor":16},{"not_picked":["sneckomod:SoulRoll","sneckomod:DiceCrush","sneckomod:QuickMove"],"picked":"SKIP","floor":19}],"player_experience":281791,"relics_obtained":[{"floor":4,"key":"Omamori"},{"floor":7,"key":"conspire:TopHat"},{"floor":8,"key":"Blue Candle"},{"floor":8,"key":"infinitespire:Beetle Shell"},{"floor":17,"key":"Art of War"},{"floor":17,"key":"infinitespire:Broken Mirror"},{"floor":17,"key":"StoneCalendar"}],"event_choices":[{"damage_healed":0,"gold_gain":0,"player_choice":"Agree","damage_taken":0,"max_hp_gain":0,"max_hp_loss":0,"event_name":"conspire:LoneGhost","floor":3,"gold_loss":0}],"is_beta":false,"boss_relics":[{"not_picked":["Kintsugi","hubris:Stopwatch"],"picked":"Calling Bell"}],"items_purged_floors":[],"is_endless":false,"potions_floor_spawned":[6,8,10,13,15,16,19],"killed_by":"3 Cultists","ascension_level":0}}