{"host":"3e3mwsgb9gfqiuxm","time":1613195160,"event":{"mods":["Act Like it!","BaseMod","Colored Map","Colored Powertips","Downfall","Gensokyo","Hermit","Hubris","Infinite Spire","Jorbs\u0027s Wanderer Trilogy","Koishi","Marisa????????","Minty Spire (QoL Compilation)","Quick Restart","Rare Cards Sparkle","Reimu??????","Remilia??????","Replay The Spire","Shop Mod","StSLib","SuperFastMode","Td1madao Mod","The Animator","The Bug Knight","The Cursed","The Hierophant","The Servant 0.9.4","everything is the same but u backflip on backflip","slay the spire mod where everything is the same but ironclad has a cowboy hat"],"gold_per_floor":[99,109,109,13,95,95,122,122,168,168,168,168,195,522,542,668,668,568,626,626,355,382,382,382,458,458,458],"floor_reached":26,"language":"ENG","playtime":805,"items_purged":[],"score":296,"play_id":"9ad58bfe-1f2a-43f5-8ef7-11c93783add7","local_time":"20210213004600","is_ascension_mode":true,"campfire_choices":[{"data":"MasterSpark","floor":1.0,"key":"SMITH"},{"data":"MagicChant","floor":10.0,"key":"SMITH"},{"data":"WitchOfGreed","floor":12.0,"key":"SMITH"},{"data":"EscapeVelocity","floor":18.0,"key":"SMITH"},{"floor":23,"key":"REST"},{"data":"Robbery","floor":23,"key":"SMITH"}],"circlet_count":0,"master_deck":["Strike_MRS","Strike_MRS","Strike_MRS","Strike_MRS","Defend_MRS","Defend_MRS","Defend_MRS","Defend_MRS","UpSweep","WitchOfGreed+1","MagicChant+1","EnergyFlow","Pain","BigCrunch","Robbery+1","StarlightTyphoon","EscapeVelocity+1","BigCrunch","Gensokyo:Shovel","Gensokyo:ScrapIron","DarkSpark"],"relics":["MiniHakkero","NeowsBlessing","hubris:Towel","Orichalcum","Gensokyo:LunaticRedEyes","infinitespire:Lucky Rock","Happy Flower","Tiny Chest","hubris:Icosahedron","infinitespire:Magic Flask","Runic Pyramid","downfall:HeartBlessingGreen","Prayer Wheel","Gensokyo:RedStar","hubris:EmptyBottle","Replay:Mystery Machine","infinitespire:BottledMercury","Snack Pack"],"acts_visited":["Gensokyo:Gensokyo","Gensokyo:Gensokyoer"],"potions_floor_usage":[19,25,25],"damage_taken":[{"damage":0.0,"enemies":"Gensokyo:2_Kodama","floor":2.0,"turns":1.0},{"damage":0.0,"enemies":"Gensokyo:Aya","floor":9.0,"turns":2.0},{"damage":7.0,"enemies":"Gensokyo:Mamizou","floor":13.0,"turns":4.0},{"damage":0.0,"enemies":"Gensokyo:3_Fairies","floor":14.0,"turns":3.0},{"damage":2.0,"enemies":"Gensokyo:Gryphon","floor":15.0,"turns":3.0},{"damage":44.0,"enemies":"SI_SHIV_ARCHETYPE","floor":16.0,"turns":10.0},{"damage":27,"enemies":"Gensokyo:CosmicMonolith","floor":19,"turns":5},{"damage":48,"enemies":"Gensokyo:Koishi","floor":25,"turns":5},{"damage":30,"enemies":"Gensokyo:AngelMirror","floor":26,"turns":3}],"seed_played":"-6925352595308750613","potions_obtained":[{"floor":2.0,"key":"Elixir"},{"floor":9.0,"key":"SkillPotion"},{"floor":13.0,"key":"PowerPotion"},{"floor":15.0,"key":"AttackPotion"},{"floor":16.0,"key":"ColorlessPotion"},{"floor":19,"key":"hexamod:SoulburnPotion"},{"floor":25,"key":"StarNLove"}],"is_trial":false,"path_per_floor":["R","M","?","COS","?","?","T","?","E","R","?","R","E","M","M","B",null,"R","M","?","COS","T","R","T","E","M"],"character_chosen":"MARISA","items_purchased":[],"campfire_rested":1,"item_purchase_floors":[],"current_hp_per_floor":[75,75,75,75,75,75,75,75,75,75,75,75,68,68,66,22,75,75,48,48,48,48,70,70,22,0,0],"gold":458,"neow_bonus":"THREE_ENEMY_KILL","is_daily":false,"chose_seed":false,"campfire_upgraded":5,"win_rate":0.0,"timestamp":1613195160,"path_taken":["R","M","?","COS","?","?","T","?","E","R","?","R","E","?","M","BOSS","R","M","?","COS","?","R","T","E","M"],"items_purchased_type":[],"build_version":"2020-12-22","purchased_purges":0,"victory":false,"max_hp_per_floor":[75,75,75,75,75,75,75,75,75,75,75,75,75,75,75,75,75,75,75,75,75,75,75,75,75,75,75],"card_choices":[{"not_picked":["DarkSpark","StarBarrage"],"picked":"WitchOfGreed","floor":2.0},{"not_picked":["AlicesGift","ShootingEcho"],"picked":"MagicChant","floor":5.0},{"not_picked":["PulseMagic","ShootTheMoon"],"picked":"EnergyFlow","floor":5.0},{"not_picked":["WitchLeyline","LuminesStrike"],"picked":"BigCrunch","floor":9.0},{"not_picked":["SprinkleStarSeal","PowerUp"],"picked":"Robbery","floor":13.0},{"not_picked":["GrandCross","DoubleSpark","6A"],"picked":"SKIP","floor":14.0},{"not_picked":["GrandCross","DoubleSpark","6A"],"picked":"SKIP","floor":14.0},{"not_picked":["GalacticHalo","EventHorizon"],"picked":"StarlightTyphoon","floor":15.0},{"not_picked":["StarDustReverie","MaximisePower"],"picked":"EscapeVelocity","floor":16.0},{"not_picked":["AsteroidBelt","6A"],"picked":"BigCrunch","floor":19},{"not_picked":["BlazeAway","IllusionStar","NonDirectionalLaser"],"picked":"SKIP","floor":19},{"not_picked":["SporeBomb","6A"],"picked":"DarkSpark","floor":25}],"player_experience":1379020,"relics_obtained":[{"floor":5.0,"key":"Orichalcum"},{"floor":7.0,"key":"infinitespire:Lucky Rock"},{"floor":9.0,"key":"Tiny Chest"},{"floor":13.0,"key":"infinitespire:Magic Flask"},{"floor":22,"key":"Replay:Mystery Machine"},{"floor":24,"key":"infinitespire:BottledMercury"},{"floor":25,"key":"Snack Pack"}],"event_choices":[],"is_beta":false,"boss_relics":[{"not_picked":["hubris:RunicObelisk","Astrolabe"],"picked":"Runic Pyramid"}],"items_purged_floors":[],"is_endless":false,"potions_floor_spawned":[2,13,15,25],"killed_by":"Gensokyo:AngelMirror","ascension_level":4}}