{"host":"Vegetablebread","time":1613183467,"event":{"mods":["BaseMod","Bestiary","Minty Spire (QoL Compilation)","Relic Stats","Slay the Relics Exporter"],"gold_per_floor":[119,119,119,130,10,43,43,74,74,86,98,127,155,197,209,325,337,368,380,392,427,45,374,374,403,403,438,63,97,116,133,133,233,233,246,260,272,287,299,330,343,343,343,378,338,370,382,16,16,16],"floor_reached":51,"language":"ENG","playtime":9428,"items_purged":["Dash","JustLucky+1","Perseverance","FlyingSleeves+1"],"score":1082,"play_id":"9b1a5b8e-f920-4de8-9478-b80b8dd509f6","local_time":"20210212183107","daily_mods":["Draft","Purple Cards"],"is_ascension_mode":true,"campfire_choices":[{"data":"PathToVictory","floor":7,"key":"SMITH"},{"data":"PathToVictory","floor":10,"key":"SMITH"},{"data":"Meditate","floor":15,"key":"SMITH"},{"data":"WaveOfTheHand","floor":24,"key":"SMITH"},{"data":"Crescendo","floor":32,"key":"SMITH"},{"data":"EmptyMind","floor":42,"key":"SMITH"},{"data":"Outmaneuver","floor":49,"key":"SMITH"}],"circlet_count":0,"master_deck":["Meditate+1","Halt","PiercingWail+1","Protect","PathToVictory+1","Wireheading","EmptyMind+1","ClearTheMind","Protect","PathToVictory+1","Evaluate+1","Prepared","Omniscience","Scrawl","Ghostly","Ghostly","Ghostly","Ghostly","Ghostly","Adaptation+1","Adaptation+1","ClearTheMind+1","WaveOfTheHand+1","Study","ThirdEye+1","Crescendo+1","Acrobatics+1","Meditate","Outmaneuver+1"],"relics":["Ring of the Snake","Shuriken","HornCleat","MawBank","Potion Belt","SacredBark","Whetstone","Orrery","Lantern","Old Coin","Dream Catcher","FossilizedHelix","War Paint","Strange Spoon","Bag of Preparation","Busted Crown","Toy Ornithopter","StoneCalendar","Smiling Mask","Unceasing Top","Incense Burner"],"acts_visited":["Exordium","TheCity","TheBeyond"],"potions_floor_usage":[],"damage_taken":[{"damage":0,"enemies":"Small Slimes","floor":1,"turns":3},{"damage":2,"enemies":"Jaw Worm","floor":4,"turns":3},{"damage":15,"enemies":"3 Sentries","floor":6,"turns":6},{"damage":0,"enemies":"Gremlin Nob","floor":8,"turns":2},{"damage":0,"enemies":"Cultist","floor":12,"turns":3},{"damage":0,"enemies":"Large Slime","floor":13,"turns":4},{"damage":0,"enemies":"Lagavulin","floor":14,"turns":3},{"damage":10,"enemies":"Hexaghost","floor":16,"turns":4},{"damage":0,"enemies":"3 Byrds","floor":18,"turns":3},{"damage":1,"enemies":"Gremlin Leader","floor":23,"turns":5},{"damage":6,"enemies":"Book of Stabbing","floor":25,"turns":5},{"damage":0,"enemies":"Gremlin Leader","floor":27,"turns":6},{"damage":2,"enemies":"Book of Stabbing","floor":29,"turns":7},{"damage":1,"enemies":"2 Thieves","floor":30,"turns":3},{"damage":2,"enemies":"Centurion and Healer","floor":31,"turns":8},{"damage":1,"enemies":"Collector","floor":33,"turns":5},{"damage":0,"enemies":"Orb Walker","floor":35,"turns":3},{"damage":2,"enemies":"3 Darklings","floor":36,"turns":5},{"damage":0,"enemies":"Writhing Mass","floor":37,"turns":2},{"damage":0,"enemies":"4 Shapes","floor":38,"turns":5},{"damage":0,"enemies":"Spire Growth","floor":39,"turns":5},{"damage":1,"enemies":"Giant Head","floor":40,"turns":6},{"damage":0,"enemies":"Transient","floor":41,"turns":5},{"damage":0,"enemies":"Nemesis","floor":44,"turns":5},{"damage":0,"enemies":"Reptomancer","floor":46,"turns":5},{"damage":0,"enemies":"Maw","floor":47,"turns":5},{"damage":0,"enemies":"Time Eater","floor":50,"turns":9}],"seed_played":"6950679392756172950","potions_obtained":[{"floor":3,"key":"FairyPotion"},{"floor":3,"key":"AttackPotion"},{"floor":4,"key":"LiquidMemories"},{"floor":6,"key":"SneckoOil"},{"floor":8,"key":"Block Potion"},{"floor":13,"key":"GhostInAJar"},{"floor":16,"key":"Dexterity Potion"},{"floor":38,"key":"Regen Potion"},{"floor":39,"key":"DuplicationPotion"}],"is_trial":true,"path_per_floor":["M","?","?","M","$","E","R","E","T","R","?","M","M","E","R","B",null,"M","?","?","T","$","E","R","E","T","E","$","E","M","M","R","B",null,"M","M","M","M","M","E","M","R","T","E","?","E","M","$","R","B",null],"character_chosen":"THE_SILENT","items_purchased":["Prepared","Orrery","Lantern","GhostInAJar","Strange Spoon","Incense Burner","Outmaneuver"],"campfire_rested":0,"item_purchase_floors":[5,22,22,28,28,48,48],"current_hp_per_floor":[70,63,63,61,61,46,46,46,46,46,46,46,46,46,46,36,70,70,57,37,37,37,36,36,30,30,30,30,28,27,25,25,24,37,37,35,35,35,35,34,34,34,34,34,34,34,34,34,34,34],"gold":16,"neow_bonus":"","is_daily":false,"chose_seed":false,"campfire_upgraded":7,"win_rate":0.0,"timestamp":1613183467,"path_taken":["M","?","?","?","$","E","R","E","T","R","?","M","?","E","R","BOSS","M","?","?","?","?","E","R","E","T","E","$","E","M","M","R","BOSS","M","?","?","M","M","E","M","R","T","E","?","E","?","$","R","BOSS"],"items_purchased_type":["Card","Relic","Relic","Potion","Relic","Relic","Card"],"build_version":"2020-12-18","purchased_purges":4,"victory":true,"max_hp_per_floor":[70,70,70,70,70,70,70,70,70,70,70,70,70,70,70,70,70,70,75,37,37,37,37,37,37,37,37,37,37,37,37,37,37,37,37,37,37,37,37,37,37,37,37,37,37,37,37,37,37,37],"relic_stats":{"counters":[27,125],"StoneCalendar":[32],"Bag of Preparation":[28],"Whetstone":["JustLucky","FlyingSleeves"],"War Paint":["Evaluate","PiercingWail"],"MawBank":156,"Smiling Mask":100,"Strange Spoon":[90],"Dream Catcher":0,"Busted Crown":20,"Shuriken":[0],"obtain_stats":[{"Potion Belt":14,"Lantern":22,"SacredBark":17,"StoneCalendar":43,"Bag of Preparation":29,"Incense Burner":48,"Whetstone":21,"War Paint":27,"MawBank":9,"Smiling Mask":44,"Old Coin":23,"Strange Spoon":28,"Dream Catcher":25,"HornCleat":8,"Busted Crown":34,"Shuriken":6,"Orrery":22,"FossilizedHelix":26,"Toy Ornithopter":40,"Unceasing Top":46,"Ring of the Snake":0},{"Potion Belt":7,"Lantern":9,"SacredBark":8,"StoneCalendar":23,"Bag of Preparation":13,"Incense Burner":26,"Whetstone":9,"War Paint":12,"MawBank":4,"Smiling Mask":24,"Old Coin":10,"Strange Spoon":12,"Dream Catcher":11,"HornCleat":4,"Busted Crown":16,"Shuriken":3,"Orrery":9,"FossilizedHelix":11,"Toy Ornithopter":22,"Unceasing Top":25,"Ring of the Snake":0},{"Potion Belt":24,"Lantern":31,"SacredBark":28,"StoneCalendar":101,"Bag of Preparation":54,"Incense Burner":116,"Whetstone":31,"War Paint":47,"MawBank":14,"Smiling Mask":106,"Old Coin":36,"Strange Spoon":47,"Dream Catcher":41,"HornCleat":14,"Busted Crown":70,"Shuriken":12,"Orrery":31,"FossilizedHelix":41,"Toy Ornithopter":96,"Unceasing Top":111,"Ring of the Snake":0}],"Toy Ornithopter":0,"Unceasing Top":[0],"Ring of the Snake":[54]},"card_choices":[{"not_picked":["JustLucky","BowlingBash"],"picked":"Meditate","floor":0},{"not_picked":["Catalyst","SashWhip"],"picked":"Halt","floor":0},{"not_picked":["ClearTheMind","Tantrum"],"picked":"PiercingWail","floor":0},{"not_picked":["Infinite Blades","EmptyFist"],"picked":"Protect","floor":0},{"not_picked":["Catalyst","Riddle With Holes"],"picked":"JustLucky","floor":0},{"not_picked":["ClearTheMind","Study"],"picked":"PathToVictory","floor":0},{"not_picked":["CrushJoints","Backstab"],"picked":"FlyingSleeves","floor":0},{"not_picked":["Study","Setup"],"picked":"Wireheading","floor":0},{"not_picked":["Accuracy","Prostrate"],"picked":"EmptyMind","floor":0},{"not_picked":["Vengeance","Crescendo"],"picked":"ClearTheMind","floor":0},{"not_picked":["JustLucky","Indignation"],"picked":"Protect","floor":0},{"not_picked":["Sucker Punch","Finisher"],"picked":"Dash","floor":0},{"not_picked":["BattleHymn","Evaluate"],"picked":"PathToVictory","floor":0},{"not_picked":["Infinite Blades","Conclude"],"picked":"FollowUp","floor":0},{"not_picked":["EmptyFist","Study"],"picked":"Evaluate","floor":0},{"not_picked":["EmptyBody","Underhanded Strike","Blade Dance"],"picked":"SKIP","floor":1},{"not_picked":["EmptyFist","SashWhip","FlyingSleeves"],"picked":"SKIP","floor":4},{"not_picked":["Flying Knee","Conclude","CrushJoints"],"picked":"SKIP","floor":6},{"not_picked":["Quick Slash","JustLucky","Sucker Punch"],"picked":"SKIP","floor":8},{"not_picked":["PiercingWail","Consecrate"],"picked":"Perseverance","floor":12},{"not_picked":["Heel Hook","Dodge and Roll","FlyingSleeves"],"picked":"SKIP","floor":13},{"not_picked":["Crippling Poison","DeceiveReality"],"picked":"Omniscience","floor":14},{"not_picked":["SpiritShield","DeusExMachina"],"picked":"Scrawl","floor":16},{"not_picked":["EmptyFist","WreathOfFlame+1","Consecrate"],"picked":"SKIP","floor":18},{"not_picked":["Leg Sweep","TalkToTheHand"],"picked":"Adaptation+1","floor":22},{"not_picked":["Backflip","MasterReality"],"picked":"Adaptation+1","floor":22},{"not_picked":["SashWhip","Blade Dance"],"picked":"ClearTheMind+1","floor":22},{"not_picked":["Skewer","Quick Slash"],"picked":"WaveOfTheHand","floor":23},{"not_picked":["Dash","Poisoned Stab"],"picked":"Study","floor":25},{"not_picked":["Crippling Poison","FollowUp"],"picked":"ThirdEye+1","floor":27},{"not_picked":["Accuracy","Slice","Dagger Throw"],"picked":"SKIP","floor":29},{"not_picked":["JustLucky+1","Halt+1","ForeignInfluence"],"picked":"SKIP","floor":30},{"not_picked":["Collect+1","Dagger Throw"],"picked":"Crescendo","floor":31},{"not_picked":["Halt"],"picked":"SKIP","floor":35},{"not_picked":["WindmillStrike"],"picked":"SKIP","floor":36},{"not_picked":[],"picked":"Acrobatics+1","floor":37},{"not_picked":["WaveOfTheHand+1"],"picked":"SKIP","floor":38},{"not_picked":["FollowUp+1"],"picked":"SKIP","floor":39},{"not_picked":["Noxious Fumes+1"],"picked":"SKIP","floor":40},{"not_picked":["SandsOfTime+1"],"picked":"SKIP","floor":41},{"not_picked":[],"picked":"Meditate","floor":44},{"not_picked":["Masterful Stab"],"picked":"SKIP","floor":46},{"not_picked":["All Out Attack+1"],"picked":"SKIP","floor":47}],"player_experience":10515305,"relics_obtained":[{"floor":6,"key":"Shuriken"},{"floor":8,"key":"HornCleat"},{"floor":9,"key":"MawBank"},{"floor":14,"key":"Potion Belt"},{"floor":21,"key":"Whetstone"},{"floor":23,"key":"Old Coin"},{"floor":25,"key":"Dream Catcher"},{"floor":26,"key":"FossilizedHelix"},{"floor":27,"key":"War Paint"},{"floor":29,"key":"Bag of Preparation"},{"floor":40,"key":"Toy Ornithopter"},{"floor":43,"key":"StoneCalendar"},{"floor":44,"key":"Smiling Mask"},{"floor":46,"key":"Unceasing Top"}],"event_choices":[{"cards_removed":["FollowUp"],"damage_healed":0,"gold_gain":0,"player_choice":"Card Removal","damage_taken":7,"max_hp_gain":0,"max_hp_loss":0,"event_name":"Golden Wing","floor":2,"gold_loss":0},{"damage_healed":0,"gold_gain":0,"player_choice":"Got Potions","damage_taken":0,"max_hp_gain":0,"max_hp_loss":0,"event_name":"Lab","floor":3,"gold_loss":0},{"damage_healed":0,"gold_gain":0,"player_choice":"Ignored","damage_taken":0,"max_hp_gain":0,"max_hp_loss":0,"event_name":"NoteForYourself","floor":11,"gold_loss":0},{"damage_healed":0,"gold_gain":0,"player_choice":"Shed Blood","damage_taken":18,"max_hp_gain":5,"max_hp_loss":0,"event_name":"Forgotten Altar","floor":19,"gold_loss":0},{"damage_healed":0,"gold_gain":0,"player_choice":"Became a Ghost","damage_taken":0,"max_hp_gain":0,"max_hp_loss":38,"event_name":"Ghosts","floor":20,"gold_loss":0,"cards_obtained":["Ghostly","Ghostly","Ghostly","Ghostly","Ghostly"]},{"damage_healed":0,"gold_gain":0,"player_choice":"Bought 3 Potions","damage_taken":0,"max_hp_gain":0,"max_hp_loss":0,"event_name":"The Woman in Blue","floor":45,"gold_loss":0}],"is_beta":true,"boss_relics":[{"not_picked":["Tiny House","Runic Dome"],"picked":"SacredBark"},{"not_picked":["Fusion Hammer","Calling Bell"],"picked":"Busted Crown"}],"items_purged_floors":[5,22,28,48],"is_endless":false,"potions_floor_spawned":[4,6,8,12,13,16,29,30,38,39,40,44,47],"ascension_level":1}}