{"host":"n5x0e04y88v3omrc","time":1613218270,"event":{"mods":["Aspiration","BaseMod","Colored Powertips","Downfall","Minty Spire (QoL Compilation)","Replay The Spire","Shop Mod","StSLib"],"gold_per_floor":[117,131,144,144,159,185,40,40,121,121,121,137,152,165,165,90,90,188,188,198,198,198,209,228,228,153,185,185,34,34,45,45,45,45,65,65,65,65],"floor_reached":37,"language":"ZHS","playtime":2224,"items_purged":["Strike_R"],"score":239,"play_id":"eb1ef98f-f145-4c80-a6e2-b726d407e6b0","local_time":"20210213201110","is_ascension_mode":false,"campfire_choices":[{"data":"Rage","floor":8,"key":"SMITH"},{"data":"Dual Wield","floor":15,"key":"SMITH"},{"data":"Dual Wield","floor":17,"key":"SMITH"},{"data":"Clash","floor":25,"key":"SMITH"},{"floor":36,"key":"DIG"}],"circlet_count":0,"master_deck":["Strike_R","Strike_R","Strike_R","Strike_R","Defend_R","Defend_R","Defend_R","Bash","Rage+1","Cleave","Clash","Demon Form","Thunderclap","Dual Wield+1","Anger","Clash+1","Dual Wield+1","Pummel+1","Blood for Blood","Flex","Combust","ReplayTheSpireMod:Limb From Limb+1","Dagger Throw","Slimebound:CheckThePlaybook","downfall:Icky"],"relics":["Replay:Bronze Core","Question Card","MerchantsRug","Meat on the Bone","Philosopher\u0027s Stone","King of Hearts","Bag of Preparation","Orichalcum","PrismaticShard","Bottled Lightning"],"acts_visited":["Exordium","TheCity"],"potions_floor_usage":[12],"damage_taken":[{"damage":4,"enemies":"2 Louse","floor":1,"turns":3},{"damage":0,"enemies":"Cultist","floor":2,"turns":3},{"damage":2,"enemies":"Small Slimes","floor":3,"turns":3},{"damage":2,"enemies":"Blue Slaver","floor":5,"turns":2},{"damage":26,"enemies":"3 Sentries","floor":6,"turns":6},{"damage":12,"enemies":"Exordium Thugs","floor":12,"turns":5},{"damage":0,"enemies":"2 Fungi Beasts","floor":13,"turns":2},{"damage":11,"enemies":"Exordium Wildlife","floor":14,"turns":2},{"damage":1,"enemies":"Slime Boss","floor":18,"turns":6},{"damage":3,"enemies":"3 Byrds","floor":20,"turns":3},{"damage":0,"enemies":"Spheric Guardian","floor":23,"turns":1},{"damage":22,"enemies":"Shelled Parasite and Fungi","floor":24,"turns":3},{"damage":28,"enemies":"Book of Stabbing","floor":27,"turns":4},{"damage":8,"enemies":"Chosen and Byrds","floor":31,"turns":3},{"damage":18,"enemies":"Centurion and Healer","floor":35,"turns":4},{"damage":47,"enemies":"Champ","floor":37,"turns":3}],"seed_played":"311966163180582280","potions_obtained":[{"floor":3,"key":"Fire Potion"},{"floor":6,"key":"ColorlessPotion"},{"floor":12,"key":"Fruit Juice"},{"floor":20,"key":"Fire Potion"},{"floor":27,"key":"Regen Potion"},{"floor":35,"key":"Regen Potion"}],"is_trial":false,"path_per_floor":["M","M","M","?","M","E","$","R","T","PTL","PTL","M","M","M","R","$","R","B",null,"M","?","?","M","M","R","?","E","T","$","?","M","PTL","PTL","?","M","R","B"],"character_chosen":"IRONCLAD","items_purchased":["MerchantsRug","Orichalcum"],"campfire_rested":0,"item_purchase_floors":[7,29],"current_hp_per_floor":[76,76,74,74,72,46,46,46,46,46,46,51,51,52,52,52,52,51,85,82,82,82,82,60,60,60,44,44,44,36,40,40,40,40,34,34,0,0],"gold":65,"neow_bonus":"BOSS_RELIC","is_daily":false,"chose_seed":false,"campfire_upgraded":4,"win_rate":0.0,"timestamp":1613218270,"path_taken":["M","M","M","?","?","E","?","R","T","PTL","PTL","M","M","M","R","$","R","BOSS","M","?","?","?","M","R","?","E","T","$","?","M","PTL","PTL","?","M","R","BOSS"],"items_purchased_type":["Relic","Relic"],"build_version":"2020-12-22","purchased_purges":1,"victory":false,"max_hp_per_floor":[80,80,80,80,80,80,80,80,80,80,80,85,85,85,85,85,85,85,85,85,85,85,85,85,85,85,85,85,85,85,85,85,85,85,85,85,85,85],"card_choices":[{"not_picked":["Sword Boomerang","Clothesline"],"picked":"Rage","floor":1},{"not_picked":["Replay:Undeath\u0027s Touch","Whirlwind"],"picked":"Cleave","floor":2},{"not_picked":["Uppercut","Fire Breathing"],"picked":"Clash","floor":3},{"not_picked":["Reckless Charge","Rupture"],"picked":"Thunderclap","floor":5},{"not_picked":["Iron Wave","Ghostly Armor"],"picked":"Dual Wield","floor":6},{"not_picked":["Sword Boomerang","Fiend Fire","Perfected Strike"],"picked":"Anger","floor":12},{"not_picked":["Armaments","Run Through","Headbutt"],"picked":"Clash","floor":13},{"not_picked":["Infernal Blade","Feel No Pain","Heavy Blade"],"picked":"Dual Wield","floor":14},{"not_picked":["Brutality","Replay:Many Hands","Limit Break"],"picked":"Fiend Fire","floor":18},{"not_picked":["Spot Weakness","ReplayReversal","Run Through"],"picked":"Pummel+1","floor":20},{"not_picked":["ReplayReversal","Thunderclap","Warcry"],"picked":"Blood for Blood","floor":23},{"not_picked":["Thunderclap+1","Rage","Twin Strike+1"],"picked":"Flex","floor":24},{"not_picked":["Flex","Clothesline","True Grit+1"],"picked":"Combust","floor":27},{"not_picked":["Replay:Undeath\u0027s Touch","Heavy Blade","Armaments"],"picked":"ReplayTheSpireMod:Limb From Limb+1","floor":30},{"not_picked":["Guardian:FierceBash","Slimebound:Prepare","Slimebound:LeechEnergy"],"picked":"Dagger Throw","floor":31},{"not_picked":["Poisoned Stab+1","FlurryOfBlows","Auto Shields","CarveReality"],"picked":"SKIP","floor":35}],"player_experience":17103,"relics_obtained":[{"floor":6,"key":"Question Card"},{"floor":9,"key":"Meat on the Bone"},{"floor":27,"key":"King of Hearts"},{"floor":28,"key":"Bag of Preparation"},{"floor":30,"key":"PrismaticShard"},{"floor":36,"key":"Bottled Lightning"}],"event_choices":[{"damage_healed":0,"gold_gain":0,"player_choice":"1 cards matched","damage_taken":0,"max_hp_gain":0,"max_hp_loss":0,"event_name":"Match and Keep!","floor":4,"gold_loss":0,"cards_obtained":["Demon Form"]},{"damage_healed":0,"gold_gain":0,"player_choice":"Ignored","damage_taken":0,"max_hp_gain":0,"max_hp_loss":0,"event_name":"Vampires","floor":21,"gold_loss":0},{"cards_removed":["Defend_R"],"damage_healed":0,"gold_gain":0,"player_choice":"Purged","damage_taken":0,"max_hp_gain":0,"max_hp_loss":0,"event_name":"Purifier","floor":22,"gold_loss":0},{"cards_removed":["Fiend Fire"],"damage_healed":0,"gold_gain":0,"player_choice":"Gave Gold","damage_taken":0,"max_hp_gain":0,"max_hp_loss":0,"event_name":"Beggar","floor":26,"gold_loss":75}],"is_beta":false,"boss_relics":[{"not_picked":["aspiration:RitualDagger","Runic Pyramid"],"picked":"Philosopher\u0027s Stone"}],"items_purged_floors":[16],"is_endless":false,"potions_floor_spawned":[3,6,12,20,24,27,35],"killed_by":"Champ","ascension_level":0}}