{"host":"8vqkh0x3c7vpgzzm","time":1613228000,"event":{"mods":["AchievementEnabler","BaseMod","Colored Map","Colored Powertips","Curses Come First","DeckTracker","Highlight Path","Minty Spire (QoL Compilation)","Permanent Neow","Quick Restart","Random Character Mod","Rare Cards Sparkle","Relic Sorter","Relic Stats","StSLib","SuperFastMode","Unceasing Turn Reminder","egg","everything is the same but u backflip on backflip"],"gold_per_floor":[115,40,40,52,52,52,63,63,90,106,106,137,102,52,52,126,126,136,136,146,146,96,127,127,155,182,232,232,252,252,281,281,281,281],"floor_reached":33,"language":"ENG","playtime":1243,"items_purged":["Strike_R","Strike_R","Strike_R"],"score":648,"play_id":"fb2d33cb-9748-48aa-a55f-4734839bab6b","local_time":"20210213155320","is_ascension_mode":true,"campfire_choices":[{"data":"Bash","floor":6,"key":"SMITH"},{"data":"Barricade","floor":8,"key":"SMITH"},{"data":"Clothesline","floor":11,"key":"SMITH"},{"data":"Demon Form","floor":15,"key":"SMITH"},{"data":"Bludgeon","floor":24,"key":"SMITH"},{"data":"Offering","floor":28,"key":"SMITH"},{"data":"Fire Breathing","floor":30,"key":"SMITH"},{"data":"Ghostly","floor":32,"key":"SMITH"}],"circlet_count":0,"master_deck":["AscendersBane","Strike_R+1","Defend_R","Defend_R+1","Defend_R","Bash+1","Fire Breathing+1","Iron Wave","Barricade+1","Clothesline+1","Demon Form+1","Offering+1","Body Slam","Bludgeon+1","Ghostly","Ghostly","Ghostly+1","True Grit+1","Shrug It Off"],"relics":["Burning Blood","Dream Catcher","Smiling Mask","Meat on the Bone","Snecko Eye","Bottled Tornado","Pear","Tiny Chest","Incense Burner"],"acts_visited":["Exordium","TheCity"],"potions_floor_usage":[12,31,31],"damage_taken":[{"damage":6,"enemies":"Jaw Worm","floor":1,"turns":5},{"damage":7,"enemies":"Small Slimes","floor":4,"turns":3},{"damage":1,"enemies":"Cultist","floor":7,"turns":3},{"damage":16,"enemies":"Exordium Wildlife","floor":10,"turns":6},{"damage":17,"enemies":"Lagavulin","floor":12,"turns":6},{"damage":33,"enemies":"Slime Boss","floor":16,"turns":8},{"damage":45,"enemies":"3 Byrds","floor":18,"turns":5},{"damage":0,"enemies":"Chosen","floor":20,"turns":4},{"damage":1,"enemies":"Gremlin Leader","floor":23,"turns":3},{"damage":2,"enemies":"Slavers","floor":25,"turns":6},{"damage":12,"enemies":"Snecko","floor":29,"turns":5},{"damage":15,"enemies":"Book of Stabbing","floor":31,"turns":4},{"damage":30,"enemies":"Automaton","floor":33,"turns":3}],"seed_played":"-4226191602833401365","potions_obtained":[{"floor":1,"key":"ElixirPotion"},{"floor":10,"key":"AttackPotion"},{"floor":16,"key":"CultistPotion"},{"floor":20,"key":"Fire Potion"},{"floor":25,"key":"Energy Potion"}],"is_trial":false,"path_per_floor":["M","$","?","M","?","R","M","R","T","M","R","E","?","$","R","B",null,"M","?","M","?","$","E","R","E","T","?","R","M","R","E","R","B"],"character_chosen":"IRONCLAD","items_purchased":[],"campfire_rested":0,"item_purchase_floors":[],"current_hp_per_floor":[68,68,63,62,42,42,47,47,47,37,37,26,43,43,43,28,58,31,31,49,34,34,34,34,44,44,44,44,38,38,29,29,0,0],"gold":281,"neow_bonus":"REMOVE_TWO","is_daily":false,"chose_seed":false,"campfire_upgraded":8,"win_rate":0.0,"timestamp":1613228000,"path_taken":["M","$","?","M","?","R","M","R","T","M","R","E","?","$","R","BOSS","M","?","M","?","$","E","R","E","T","?","R","M","R","E","R","BOSS"],"items_purchased_type":[],"build_version":"2020-12-22","purchased_purges":3,"victory":false,"max_hp_per_floor":[68,68,68,68,68,68,68,68,68,68,68,68,68,68,68,68,68,68,68,68,34,34,34,34,44,44,44,44,44,44,44,44,44,44],"relic_stats":{"Dream Catcher":0,"counters":[13,61],"Snecko Eye":[55,53,53,46],"Tiny Chest":0,"Smiling Mask":125,"obtain_stats":[{"Dream Catcher":3,"Pear":25,"Snecko Eye":17,"Tiny Chest":26,"Incense Burner":31,"Bottled Tornado":23,"Smiling Mask":9,"Burning Blood":0,"Meat on the Bone":12},{"Dream Catcher":1,"Pear":10,"Snecko Eye":6,"Tiny Chest":10,"Incense Burner":12,"Bottled Tornado":9,"Smiling Mask":3,"Burning Blood":0,"Meat on the Bone":5},{"Dream Catcher":5,"Pear":49,"Snecko Eye":31,"Tiny Chest":49,"Incense Burner":58,"Bottled Tornado":43,"Smiling Mask":11,"Burning Blood":0,"Meat on the Bone":23}],"Burning Blood":63,"Meat on the Bone":36},"card_choices":[{"not_picked":["Headbutt","Rage"],"picked":"Fire Breathing","floor":1},{"not_picked":["Entrench","Pommel Strike"],"picked":"Iron Wave","floor":4},{"not_picked":["Twin Strike","Headbutt"],"picked":"Barricade","floor":7},{"not_picked":["Flex","Thunderclap"],"picked":"Clothesline","floor":10},{"not_picked":["Fire Breathing","Heavy Blade"],"picked":"Demon Form","floor":12},{"not_picked":["Berserk","Fiend Fire"],"picked":"Offering","floor":16},{"not_picked":["Flex","Anger"],"picked":"Body Slam","floor":18},{"not_picked":["Havoc","Clothesline"],"picked":"Bludgeon","floor":20},{"not_picked":["Reckless Charge","Carnage","Power Through"],"picked":"SKIP","floor":23},{"not_picked":["Feel No Pain","Shrug It Off"],"picked":"True Grit+1","floor":25},{"not_picked":["Feel No Pain","Anger","Rage"],"picked":"SKIP","floor":29},{"not_picked":["Sword Boomerang+1","Dark Embrace"],"picked":"Shrug It Off","floor":31}],"player_experience":540478,"relics_obtained":[{"floor":9,"key":"Smiling Mask"},{"floor":12,"key":"Meat on the Bone"},{"floor":23,"key":"Bottled Tornado"},{"floor":25,"key":"Pear"},{"floor":26,"key":"Tiny Chest"},{"floor":31,"key":"Incense Burner"}],"event_choices":[{"damage_healed":0,"gold_gain":0,"player_choice":"Success","damage_taken":5,"relics_obtained":["Dream Catcher"],"max_hp_gain":0,"max_hp_loss":0,"event_name":"Scrap Ooze","floor":3,"gold_loss":0},{"damage_healed":0,"gold_gain":0,"player_choice":"Entered Light","damage_taken":20,"max_hp_gain":0,"max_hp_loss":0,"event_name":"Shining Light","floor":5,"gold_loss":0,"cards_upgraded":["Strike_R","Defend_R"]},{"damage_healed":17,"gold_gain":0,"player_choice":"Healed","damage_taken":0,"max_hp_gain":0,"max_hp_loss":0,"event_name":"The Cleric","floor":13,"gold_loss":35},{"damage_healed":0,"gold_gain":0,"player_choice":"Ignored","damage_taken":0,"max_hp_gain":0,"max_hp_loss":0,"event_name":"The Mausoleum","floor":19,"gold_loss":0},{"damage_healed":0,"gold_gain":0,"player_choice":"Became a Ghost","damage_taken":0,"max_hp_gain":0,"max_hp_loss":34,"event_name":"Ghosts","floor":21,"gold_loss":0,"cards_obtained":["Ghostly","Ghostly","Ghostly"]},{"damage_healed":0,"gold_gain":50,"player_choice":"Pray","damage_taken":0,"max_hp_gain":0,"max_hp_loss":0,"event_name":"Golden Shrine","floor":27,"gold_loss":0}],"is_beta":false,"boss_relics":[{"not_picked":["Coffee Dripper","Runic Cube"],"picked":"Snecko Eye"}],"items_purged_floors":[2,14,22],"is_endless":false,"potions_floor_spawned":[1,10,16,20,23,25],"killed_by":"Automaton","ascension_level":20}}