{"host":"vrsxkkch9ccrec7k","time":1613245083,"event":{"mods":["Act Like it!","BaseMod","Bestiary","Better Altar","Better Match","Better Note","Better Sensory Stone","Better Skull","Better Third Choice","Better Vampires","Downfall","Minty Spire (QoL Compilation)","Permanent Neow","Relic Stats","Spicy Shops","StSLib"],"gold_per_floor":[99,116,232,244,3,3,3,0,0,35,35,64,64,64,76,76,76,76],"floor_reached":16,"language":"ENG","playtime":982,"items_purged":["Clumsy"],"score":154,"play_id":"04082537-829a-4665-8e29-a19e629b507e","local_time":"20210213143803","is_ascension_mode":true,"campfire_choices":[{"data":"hexamod:Float","floor":1,"key":"SMITH"},{"data":"hexamod:PowerFromBeyond","floor":6,"key":"SMITH"},{"data":"hexamod:SwordOfDarkness","floor":9,"key":"SMITH"},{"floor":11,"key":"REST"},{"data":"hexamod:HauntingEcho","floor":13,"key":"SMITH"}],"circlet_count":0,"master_deck":["hexamod:Strike","hexamod:Strike","hexamod:Strike","hexamod:Defend","hexamod:Defend","hexamod:Defend","hexamod:Defend","hexamod:Sear","hexamod:Float+1","hexamod:SwordOfDarkness+1","hexamod:HauntingEcho+1","hexamod:PowerFromBeyond+1","hexamod:FirstSeal","hexamod:NightmareGuise","hexamod:GhostLash","hexamod:GhostflameBarrier"],"relics":["hexamod:SpiritBrand","Turnip","Kunai","Strawberry","hexamod:BolsterEngine","sneckomod:BlankCard"],"acts_visited":["Exordium"],"potions_floor_usage":[10,16],"damage_taken":[{"damage":8,"enemies":"Jaw Worm","floor":2,"turns":5},{"damage":0,"enemies":"Cultist","floor":4,"turns":3},{"damage":0,"enemies":"downfall:FleeingMerchant","floor":5,"turns":4},{"damage":0,"enemies":"downfall:FleeingMerchant","floor":8,"turns":4},{"damage":27,"enemies":"Gremlin Nob","floor":10,"turns":4},{"damage":11,"enemies":"Lagavulin","floor":12,"turns":6},{"damage":0,"enemies":"Small Slimes","floor":15,"turns":3},{"damage":116,"enemies":"DF_ARCHETYPE_STREAMLINE","floor":16,"turns":17}],"seed_played":"1504369519715695401","potions_obtained":[{"floor":4,"key":"Dexterity Potion"},{"floor":12,"key":"Strength Potion"},{"floor":15,"key":"SmokeBomb"}],"is_trial":false,"path_per_floor":["R","M","?","M","$","R","T","$","R","E","R","E","R","?","M","B"],"character_chosen":"THE_SPIRIT","items_purchased":["Kunai","PowerPotion"],"campfire_rested":1,"item_purchase_floors":[5,5],"current_hp_per_floor":[63,55,49,49,49,49,56,56,56,36,57,53,53,53,60,0,0,0],"gold":76,"neow_bonus":"ONE_RARE_RELIC","is_daily":false,"chose_seed":false,"campfire_upgraded":4,"win_rate":0.0,"timestamp":1613245083,"path_taken":["R","M","?","?","?","R","T","$","R","E","R","E","R","?","M","BOSS"],"items_purchased_type":["Relic","Potion"],"build_version":"2020-12-22","purchased_purges":1,"victory":false,"max_hp_per_floor":[63,63,63,63,63,63,70,70,70,70,70,70,70,70,70,70,70,70],"relic_stats":{"counters":[8,46],"Turnip":[0],"Kunai":[4],"obtain_stats":[{"Strawberry":7,"sneckomod:BlankCard":12,"Turnip":0,"Kunai":5,"hexamod:BolsterEngine":10,"hexamod:SpiritBrand":0},{"Strawberry":3,"sneckomod:BlankCard":6,"Turnip":0,"Kunai":3,"hexamod:BolsterEngine":5,"hexamod:SpiritBrand":0},{"Strawberry":12,"sneckomod:BlankCard":26,"Turnip":0,"Kunai":12,"hexamod:BolsterEngine":20,"hexamod:SpiritBrand":0}]},"card_choices":[{"not_picked":["hexamod:GhostLash","hexamod:BurningTouch"],"picked":"hexamod:SwordOfDarkness","floor":2},{"not_picked":["hexamod:SwordOfDarkness","hexamod:Hexaguard"],"picked":"hexamod:HauntingEcho","floor":4},{"not_picked":["hexamod:HeatMetal","hexamod:HauntingEcho"],"picked":"hexamod:PowerFromBeyond","floor":5},{"not_picked":["hexamod:GhostLash","hexamod:ThermalTransfer"],"picked":"hexamod:FirstSeal","floor":8},{"not_picked":["hexamod:HauntingEcho","hexamod:Haunt"],"picked":"hexamod:NightmareGuise","floor":10},{"not_picked":["hexamod:GhostShield","hexamod:ChargedBarrage"],"picked":"hexamod:GhostLash","floor":12},{"not_picked":["hexamod:ThermalTransfer","hexamod:InspiringFlames"],"picked":"hexamod:GhostflameBarrier","floor":15}],"player_experience":1899119,"relics_obtained":[{"floor":7,"key":"Strawberry"},{"floor":10,"key":"hexamod:BolsterEngine"},{"floor":12,"key":"sneckomod:BlankCard"}],"event_choices":[{"damage_healed":0,"gold_gain":116,"player_choice":"GO ","damage_taken":7,"relics_obtained":[],"max_hp_gain":0,"max_hp_loss":0,"event_name":"betterSkull:BetterSkull","floor":3,"gold_loss":0,"cards_upgraded":[]},{"cards_removed":["hexamod:Strike"],"damage_healed":0,"gold_gain":0,"player_choice":"Card Removal","damage_taken":0,"max_hp_gain":0,"max_hp_loss":0,"event_name":"The Cleric","floor":14,"gold_loss":0}],"is_beta":false,"boss_relics":[],"items_purged_floors":[5],"is_endless":false,"potions_floor_spawned":[4,12,15],"killed_by":"DF_ARCHETYPE_STREAMLINE","ascension_level":9}}