{"host":"0flpm62pz1oti8w0","time":1613216238,"event":{"mods":["ATMod(ªü½@Mod)","AchievementEnabler","Act Like it!","Arknights","BaseMod","Conspire","Downfall","Hermit","Minty Spire (QoL Compilation)","Reimu¡]³Õ???¡^","Remilia¡]Á¢¦Ì²ú?¡^","Spicy Shops","StSLib","The Animator","Waifu the Spire","Youmu¡]»î¾z§¯?¡^","êº¤õ«ü«n"],"gold_per_floor":[113,133,999369,999544,1999563,1998297,1997530,1997211,1997281,1996831,1996631,1996199,1996242,1996242,1996125,1996245,1996245,1996290,1996290,1996290,1996334,1996334,1995789,1995715,1995703,1995730,1995419,1995323,1995360,1995360,1995400,1995328,1995449,1995449,1995541,1995586,1995524,1995524,1995524,1995524,1995375,1995375,1995375,1995350,1995219,1995219,1995041,1994889,1994719,1994719,1994719],"floor_reached":50,"language":"ZHS","playtime":1284,"items_purged":["Perfected Strike","Flame Barrier","Second Wind","Armaments","Doubt","Body Slam","Pommel Strike","Cleave","Sentinel"],"score":895,"play_id":"3b66f01a-c5d5-417c-9faf-e5d6c38a7ce5","local_time":"20210213193718","daily_mods":["SealedDeck","Vintage","Red Cards","Time Dilation","Flight"],"is_ascension_mode":false,"campfire_choices":[],"circlet_count":0,"master_deck":["Armaments","AT_ShrugMaster","Apotheosis","AT_ShrugMaster","conspire:SpireCoStock","conspire:SpireCoStock","conspire:SpireCoStock","conspire:SpireCoStock","Barricade","Shrug It Off","AT_ShrugMaster","Dual Wield","Shrug It Off+1","Shrug It Off+1","Shrug It Off+1"],"relics":["Unceasing Top","AT_ATBox","Molten Egg 2","hexamod:BolsterEngine","AT_ForceNature","Guardian:PocketSentry","Strange Spoon","Regal Pillow","conspire:Flyswatter","Pear","Paper Frog","Thread and Needle","AT_MibuBalloonWealth","DollysMirror","Anchor","conspire:DeflatedDodgeball","Kunai","Smiling Mask","Potion Belt","AT_TrinityForce","AT_ImmortalShieldbow","Bottled Tornado","Shuriken","Membership Card","conspire:GiftBox","Lee\u0027s Waffle","PreservedInsect","Bottled Lightning","AT_GoldPhoenixTree","Oddly Smooth Stone","conspire:InfiniteJournal","Lantern","conspire:SpecialSausage","Orichalcum","MawBank","Bag of Preparation","CaptainsWheel","Blood Vial","Strawberry","Toxic Egg 2","HornCleat","Torii","Calipers","AT_Manta"],"acts_visited":["Exordium","TheCity","TheBeyond"],"potions_floor_usage":[18],"damage_taken":[{"damage":0.0,"enemies":"2 Louse","floor":1.0,"turns":1.0},{"damage":0.0,"enemies":"Small Slimes","floor":2.0,"turns":1.0},{"damage":0.0,"enemies":"Jaw Worm","floor":5.0,"turns":2.0},{"damage":0.0,"enemies":"Blue Slaver","floor":13.0,"turns":1.0},{"damage":0.0,"enemies":"Slime Boss","floor":16.0,"turns":1.0},{"damage":0,"enemies":"Shell Parasite","floor":18,"turns":12},{"damage":0,"enemies":"Spheric Guardian","floor":21,"turns":1},{"damage":0,"enemies":"Snake Plant","floor":29,"turns":1},{"damage":0,"enemies":"Snecko","floor":31,"turns":1},{"damage":0,"enemies":"Automaton","floor":33,"turns":1},{"damage":0,"enemies":"3 Shapes","floor":35,"turns":1},{"damage":0,"enemies":"Orb Walker","floor":36,"turns":1},{"damage":0,"enemies":"conspire:OrnateMirror","floor":50,"turns":13}],"seed_played":"8638435981439935590","potions_obtained":[{"floor":1.0,"key":"Block Potion"},{"floor":16,"key":"BlessingOfTheForge"},{"floor":29,"key":"ZuzhouPotion:ReiMu"}],"is_trial":true,"path_per_floor":["M","M","$","?","M","R","$","R","T","R","?","R","M","?","R","B",null,"M","?","$","M","?","R","R","$","T","R","R","M","$","M","R","B",null,"M","M","$","?","T","R","R","?","T","R","R","R","R","$","R","B"],"character_chosen":"IRONCLAD","items_purchased":["AT_ForceNature","Guardian:PocketSentry","Strange Spoon","Regal Pillow","Pear","Paper Frog","Apotheosis","Thread and Needle","AT_MibuBalloonWealth","DollysMirror","Anchor","Kunai","Smiling Mask","AT_ShrugMaster","Shuriken","Membership Card","conspire:GiftBox","Lee\u0027s Waffle","Shrug It Off","Bottled Lightning","AT_ShrugMaster","AT_GoldPhoenixTree","Oddly Smooth Stone","Dual Wield","Lantern","Bag of Preparation","Blood Vial","Strawberry","Shrug It Off+1","HornCleat","Shrug It Off+1","Torii","Calipers","Shrug It Off+1","AT_Manta"],"campfire_rested":0,"item_purchase_floors":[3,3,3,3,6,6,6,7,7,7,8,10,12,15,23,23,23,24,25,27,27,27,28,28,32,37,41,41,44,45,47,47,48,49,49],"current_hp_per_floor":[80,80,80,80,80,90,90,90,90,90,90,90,90,90,90,90,90,90,90,90,90,90,90,97,97,97,97,97,97,97,97,97,97,97,97,97,97,97,97,97,104,104,104,104,104,104,104,104,104,104,104],"gold":1994719,"neow_bonus":"","is_daily":false,"chose_seed":false,"campfire_upgraded":0,"win_rate":0.0,"timestamp":1613216238,"path_taken":["M","M","$","?","M","R","$","R","T","R","?","R","M","?","R","BOSS","BOSS","M","?","$","M","?","R","R","$","T","R","R","?","$","M","R","BOSS","M","?","$","?","?","R","R","?","T","R","R","R","R","$","R","BOSS"],"items_purchased_type":["Relic","Relic","Relic","Relic","Relic","Relic","Card","Relic","Relic","Relic","Relic","Relic","Relic","Card","Relic","Relic","Relic","Relic","Card","Relic","Card","Relic","Relic","Card","Relic","Relic","Relic","Relic","Card","Relic","Card","Relic","Relic","Card","Relic"],"build_version":"2020-12-22","purchased_purges":9,"victory":false,"max_hp_per_floor":[80,80,80,80,80,90,90,90,90,90,90,90,90,90,90,90,90,90,90,90,90,90,90,97,97,97,97,97,97,97,97,97,97,97,97,97,97,97,97,97,104,104,104,104,104,104,104,104,104,104,104],"card_choices":[{"not_picked":["Juggernaut","AT_Dispersion"],"picked":"Barricade","floor":16}],"player_experience":144337,"relics_obtained":[{"floor":1.0,"key":"Molten Egg 2"},{"floor":2.0,"key":"hexamod:BolsterEngine"},{"floor":5.0,"key":"conspire:Flyswatter"},{"floor":9.0,"key":"conspire:DeflatedDodgeball"},{"floor":13.0,"key":"Potion Belt"},{"floor":21,"key":"Bottled Tornado"},{"floor":26,"key":"PreservedInsect"},{"floor":29,"key":"conspire:InfiniteJournal"},{"floor":35,"key":"Orichalcum"},{"floor":36,"key":"MawBank"},{"floor":39,"key":"CaptainsWheel"},{"floor":43,"key":"Toxic Egg 2"}],"event_choices":[{"damage_healed":0.0,"max_hp_gain":0.0,"max_hp_loss":0.0,"gold_gain":175.0,"event_name":"Liars Game","player_choice":"AGREE","floor":4.0,"gold_loss":0.0,"damage_taken":0.0,"cards_obtained":["Doubt"]},{"damage_healed":0.0,"max_hp_gain":0.0,"max_hp_loss":0.0,"gold_gain":0.0,"event_name":"conspire:Investor","player_choice":"Invest 4","floor":11.0,"gold_loss":0.0,"damage_taken":0.0},{"damage_healed":0.0,"max_hp_gain":0.0,"max_hp_loss":0.0,"gold_gain":0.0,"event_name":"conspire:LoneGhost","player_choice":"Disagree","floor":14.0,"gold_loss":0.0,"damage_taken":0.0},{"damage_healed":0,"gold_gain":0,"player_choice":"Opened","damage_taken":0,"relics_obtained":["AT_ImmortalShieldbow"],"max_hp_gain":0,"max_hp_loss":0,"event_name":"The Mausoleum","floor":19,"gold_loss":0},{"cards_removed":["AT_ShrugMaster"],"damage_healed":0,"gold_gain":0,"player_choice":"Offered Uncommon","damage_taken":0,"max_hp_gain":0,"max_hp_loss":0,"event_name":"Bonfire Elementals","floor":22,"gold_loss":0},{"damage_healed":0,"gold_gain":0,"player_choice":"Ignored","damage_taken":0,"max_hp_gain":0,"max_hp_loss":0,"event_name":"Tomb of Lord Red Mask","floor":38,"gold_loss":0},{"damage_healed":0,"gold_gain":0,"player_choice":"Memory 1","damage_taken":0,"max_hp_gain":0,"max_hp_loss":0,"event_name":"SensoryStone","floor":42,"gold_loss":0}],"is_beta":false,"boss_relics":[{"not_picked":["Black Star","Fusion Hammer"],"picked":"AT_TrinityForce"},{"not_picked":["Astrolabe","conspire:SlowCooker"],"picked":"conspire:SpecialSausage"}],"items_purged_floors":[3,6,6,7,8,10,12,12,15],"is_endless":true,"potions_floor_spawned":[1,16,29,31,33],"killed_by":"conspire:OrnateMirror","ascension_level":0}}