{"host":"v0xbo920qxoewo3e","time":1613253637,"event":{"mods":["Act Like it!","Aspiration","Astrologer","BaseMod","Conspire","Downfall","Friendly Minions","GifTheSpireLib","Halation","Hermit","Hubris","Infinite Spire","Jedi Mod","Jorbs\u0027s Wanderer Trilogy","Koishi","Marisa????????","Minty Spire (QoL Compilation)","Potionbrewer","Rare Cards Sparkle","Reimu??????","Remilia??????","Replay The Spire","StSLib","Stuff the Spire","The Animator","The Blackbeard","The Bladedancer","The Bug Knight","The Construct","The Cursed","The Disciple","The Gatherer","The Jungle","The Problem Sleuth","The Runesmith","The Servant 0.9.4","TheBandit","Unceasing Turn Reminder"],"gold_per_floor":[119,136,153,6,26,57,57,57,57,57,70,95,105,116,116,212,212,231,231,246,94,94,94,110,110,110,122,456,473,493,528,528,625,625,637,650,661,674,399,399,410,410,492,492,492,527,527,545,545,545],"floor_reached":51,"language":"ENG","playtime":3428,"items_purged":["Defend_B","Time Bomb"],"score":1159,"play_id":"cdc9e815-fe50-492f-923b-0de565f0dde6","local_time":"20210214000037","is_ascension_mode":true,"campfire_choices":[{"data":"StuffTheSpire:Synthwave","floor":7,"key":"SMITH"},{"data":"Zap","floor":10,"key":"SMITH"},{"data":"jedi:blockon","floor":15,"key":"SMITH"},{"data":"jedi:BurstFrost","floor":23,"key":"SMITH"},{"data":"Reinforced Body","floor":25,"key":"SMITH"},{"data":"ReplayTheSpireMod:Calculation Training","floor":32,"key":"SMITH"},{"floor":42,"key":"REST"},{"data":"Static Discharge","floor":45,"key":"SMITH"},{"floor":47,"key":"REST"},{"data":"Stack","floor":49,"key":"SMITH"}],"circlet_count":0,"master_deck":["AscendersBane","Defend_B","Defend_B","Defend_B","Zap+1","Dualcast","Rebound","Ball Lightning","jedi:BurstFrost+1","Reinforced Body+1","StuffTheSpire:Synthwave+1","hubris:Ukulele","jedi:readyaimfire","jedi:blockon+1","Static Discharge+1","Rainbow+1","Buffer+1","Bite+1","Bite+1","Bite+1","Bite+1","Reinforced Body+1","hubris:PowerSurge+1","jedi:blockon+1","jedi:BurstLightning+1","ReplayTheSpireMod:Calculation Training+1","Electrodynamics+1","Stack+1","Stack","Crystallizer","Electrodynamics+1","Leap+1","Leap+1","Replay:Dark Deal+1","Seek+1"],"relics":["Cracked Core","infinitespire:WardingShard","Golden Egg","Philosopher\u0027s Stone","ReplayTheSpireMod:Ring of Sloth","ReplayTheSpireMod:Ring of Collecting","ReplayTheSpireMod:Ring of Exchange","Replay:Antivirus Software","Old Coin","Gambling Chip","potionbrewer:BoosterPack","Ring of Hypnosis","HollowMod:LifeEnderRelic","Du-Vu Doll"],"acts_visited":["Exordium","TheCity","TheBeyond"],"potions_floor_usage":[12,16,16,31,37,50],"damage_taken":[{"damage":1,"enemies":"Cultist","floor":1,"turns":3},{"damage":2,"enemies":"conspire:RoseBush","floor":2,"turns":3},{"damage":0,"enemies":"Small Slimes","floor":3,"turns":3},{"damage":0,"enemies":"Gremlin Gang","floor":5,"turns":4},{"damage":18,"enemies":"HollowMod:MossKnight","floor":6,"turns":7},{"damage":4,"enemies":"Blue Slaver","floor":11,"turns":3},{"damage":11,"enemies":"Replay:BlueRogue","floor":12,"turns":3},{"damage":0,"enemies":"2 Fungi Beasts","floor":13,"turns":3},{"damage":0,"enemies":"Large Slime","floor":14,"turns":4},{"damage":39,"enemies":"Fading Forest","floor":16,"turns":11},{"damage":7,"enemies":"conspire:FuzzyDice","floor":18,"turns":5},{"damage":6,"enemies":"Chosen and Byrds","floor":20,"turns":6},{"damage":0,"enemies":"conspire:HollyBat","floor":24,"turns":6},{"damage":0,"enemies":"Centurion and Healer","floor":27,"turns":7},{"damage":6,"enemies":"Replay:Snechameleon","floor":28,"turns":6},{"damage":7,"enemies":"Cultist and Chosen","floor":29,"turns":5},{"damage":27,"enemies":"Snake Plant","floor":30,"turns":3},{"damage":2,"enemies":"Gremlin Leader","floor":31,"turns":6},{"damage":1,"enemies":"Champ","floor":33,"turns":8},{"damage":17,"enemies":"Orb Walker","floor":35,"turns":3},{"damage":7,"enemies":"3 Darklings","floor":36,"turns":2},{"damage":29,"enemies":"Jaw Worm Horde","floor":37,"turns":4},{"damage":15,"enemies":"Sphere and 2 Shapes","floor":38,"turns":6},{"damage":0,"enemies":"Spire Growth","floor":41,"turns":4},{"damage":13,"enemies":"Nemesis","floor":46,"turns":4},{"damage":5,"enemies":"Maw","floor":48,"turns":4},{"damage":29,"enemies":"Time Eater","floor":50,"turns":11}],"seed_played":"-9051910428515773361","potions_obtained":[{"floor":6,"key":"DistilledChaos"},{"floor":12,"key":"EssenceOfSteel"},{"floor":13,"key":"Elixir"},{"floor":27,"key":"FairyPotion"},{"floor":28,"key":"Fire Potion"},{"floor":31,"key":"jedi:StrikingPotion"},{"floor":37,"key":"potionbrewer:FreezingPotion"}],"is_trial":false,"path_per_floor":["M","M","M","$","M","E","R","$","T","R","M","E","M","M","R","B",null,"M","?","M","$","?","R","M","R","T","M","E","M","M","E","R","B",null,"M","M","M","M","$","?","M","R","T","?","R","E","R","M","R","B",null],"character_chosen":"DEFECT","items_purchased":["StuffTheSpire:Synthwave","hubris:Ukulele","hubris:PowerSurge","Replay:Dark Deal"],"campfire_rested":2,"item_purchase_floors":[4,4,21,39],"current_hp_per_floor":[67,65,65,65,65,47,47,47,47,47,43,32,32,32,32,1,57,50,50,53,53,53,53,68,68,68,75,75,72,51,64,64,75,75,58,54,34,25,25,25,28,50,50,50,50,43,65,66,66,37],"gold":545,"neow_bonus":"THREE_CARDS","is_daily":false,"chose_seed":false,"campfire_upgraded":8,"win_rate":0.0,"timestamp":1613253637,"path_taken":["M","M","M","$","M","E","R","?","T","R","M","E","M","M","R","BOSS","M","?","M","$","?","R","M","R","T","M","E","M","M","E","R","BOSS","M","M","M","M","$","?","M","R","T","?","R","E","R","M","R","BOSS"],"items_purchased_type":["Card","Card","Card","Card"],"build_version":"2020-12-22","purchased_purges":2,"victory":true,"max_hp_per_floor":[75,75,75,75,75,75,75,75,75,75,75,75,75,75,75,75,75,75,75,75,75,75,75,75,75,75,75,75,75,75,75,75,75,75,75,75,75,75,75,75,75,75,75,75,75,75,75,75,75,75],"card_choices":[{"not_picked":["Panic Button","jedi:BurstFrost"],"picked":"Rebound","floor":0},{"not_picked":["Panic Button","Barrage"],"picked":"Ball Lightning","floor":1},{"not_picked":["Compile Driver","Stack"],"picked":"jedi:BurstFrost","floor":2},{"not_picked":["Redo","Rebound"],"picked":"Reinforced Body","floor":3},{"not_picked":["Turbo","StuffTheSpire:Plugnplay"],"picked":"jedi:readyaimfire","floor":5},{"not_picked":["Ball Lightning","Turbo","StuffTheSpire:Rend"],"picked":"SKIP","floor":6},{"not_picked":["Stack","Streamline"],"picked":"jedi:blockon","floor":11},{"not_picked":["jedi:spotbugs","Sweeping Beam"],"picked":"Static Discharge","floor":12},{"not_picked":["Coolheaded","Heatsinks","jedi:blockon"],"picked":"SKIP","floor":13},{"not_picked":["ReplaySolidLightProjector","Coolheaded"],"picked":"Rainbow","floor":14},{"not_picked":["hubris:SpecializedCircuitry","StuffTheSpire:LaunchingStrike"],"picked":"Buffer","floor":16},{"not_picked":["Beam Cell","Double Energy","jedi:BurstLightning"],"picked":"SKIP","floor":18},{"not_picked":["Stack","Chill"],"picked":"Reinforced Body+1","floor":20},{"not_picked":["Rebound+1","StuffTheSpire:Plugnplay","Beam Cell"],"picked":"SKIP","floor":24},{"not_picked":["ReplayGash","StuffTheSpire:LoadUp"],"picked":"jedi:blockon+1","floor":27},{"not_picked":["All For One","BasicCrystalCard","StuffTheSpire:Rend"],"picked":"SKIP","floor":28},{"not_picked":["Conserve Battery","Force Field"],"picked":"jedi:BurstLightning+1","floor":29},{"not_picked":["Genetic Algorithm+1","BasicCrystalCard","Coolheaded"],"picked":"SKIP","floor":30},{"not_picked":["Lockon+1","hubris:Ukulele"],"picked":"ReplayTheSpireMod:Calculation Training","floor":31},{"not_picked":["Meteor Strike","Buffer"],"picked":"Electrodynamics","floor":33},{"not_picked":["Consume+1","Beam Cell+1"],"picked":"Leap+1","floor":35},{"not_picked":["Turbo","Force Field+1"],"picked":"Leap+1","floor":36},{"not_picked":["Sweeping Beam+1","Stack+1","Steam+1"],"picked":"SKIP","floor":37},{"not_picked":["Blizzard+1","Panic Button","jedi:reiji+1"],"picked":"SKIP","floor":38},{"not_picked":["Rebound+1","BasicCrystalCard","StuffTheSpire:GlassShard+1"],"picked":"SKIP","floor":41},{"not_picked":["Beam Cell","Double Energy+1"],"picked":"Seek","floor":46},{"not_picked":["jedi:BurstFrost","Turbo","Melter+1"],"picked":"SKIP","floor":48}],"player_experience":1484738,"relics_obtained":[{"floor":6,"key":"infinitespire:WardingShard"},{"floor":9,"key":"halation:TwoAmDonut"},{"floor":12,"key":"Golden Egg"},{"floor":22,"key":"ReplayTheSpireMod:Ring of Sloth"},{"floor":22,"key":"ReplayTheSpireMod:Ring of Collecting"},{"floor":26,"key":"ReplayTheSpireMod:Ring of Exchange"},{"floor":26,"key":"Replay:Antivirus Software"},{"floor":28,"key":"Old Coin"},{"floor":31,"key":"Gambling Chip"},{"floor":43,"key":"Ring of Hypnosis"},{"floor":43,"key":"HollowMod:LifeEnderRelic"},{"floor":46,"key":"Du-Vu Doll"}],"event_choices":[{"cards_removed":["Sweeping Beam"],"damage_healed":0,"gold_gain":0,"player_choice":"Purged","damage_taken":0,"max_hp_gain":0,"max_hp_loss":0,"event_name":"Purifier","floor":44,"gold_loss":0}],"is_beta":false,"boss_relics":[{"not_picked":["halation:SmartPhone","infinitespire:Cupcake"],"picked":"Philosopher\u0027s Stone"},{"not_picked":["Orrery","hubris:HollowSoul"],"picked":"potionbrewer:BoosterPack"}],"items_purged_floors":[21,39],"is_endless":false,"potions_floor_spawned":[6,12,13,14,27,28,29,31,33,37,38,41],"ascension_level":11}}