{"host":"rm0ctv8qd8mnbkg1","time":1613224160,"event":{"mods":["Act Like it!","BaseMod","Beaked The Cultist","BetterRewards","Colored Map","DNKmod","Dark Map","Defuse TimeMaze Blight","Downfall","Friendly Minions","Gensokyo","Hallownest","Hubris","Marisa????????","Minty Spire (QoL Compilation)","MostiFishMod","Permanent Neow","Quarter Circle Forward PUNCH!","RRrroohrrRGHHhhh!!","Rare Cards Sparkle","Relic Sorter","Reliquary","Replay The Spire","RumiaBox-????????","Shade Mod","Shop Mod","Spicy Shops","Spire Arcade","StSLib","The Construct","The Servant 0.9.4","TheVacant","Wandering Minibosses","??????REMEMod"],"gold_per_floor":[10014,10014,10014,9578,9597,9597,9630,9653,9677,9697,9697,9717,9717,9736,9736,9831,9831,9851,9370,9384,9384,8063,8063,7381,7514,7538,7657,7673,7687,7742,7752,7752,7853,7853,7869,7888,7888,7907,6100,6100,6234,6234,6234,6249,6249,5831,5831,5851,5851,5851,5851,5851,5094,5223,5223],"floor_reached":56,"language":"ENG","playtime":1695,"items_purged":["Normality","Decay","construct:Defend_Gold","construct:Defend_Gold"],"score":1692,"play_id":"cdc24ff8-48d9-42d0-9fdf-d238b65373be","local_time":"20210213134920","is_ascension_mode":false,"campfire_choices":[{"data":"construct:AttackMode","floor":6,"key":"SMITH"},{"data":"construct:ModeShift","floor":11,"key":"SMITH"},{"data":"construct:ModeShift+1","floor":15,"key":"SMITH"},{"data":"construct:ForceCore","floor":23,"key":"SMITH"},{"data":"construct:ElectricArmor+1","floor":32,"key":"SMITH"},{"floor":40,"key":"RECALL"},{"data":"construct:Enhance","floor":42,"key":"SMITH"},{"data":"construct:LaserCore+1","floor":47,"key":"SMITH"},{"data":"construct:FlakBarrage","floor":49,"key":"SMITH"},{"data":"construct:FlakBarrage+1","floor":52,"key":"SMITH"}],"circlet_count":0,"master_deck":["construct:Strike_Gold+1","construct:Strike_Gold","construct:Strike_Gold","construct:Strike_Gold+1","construct:Strike_Gold+1","construct:Defend_Gold","construct:Defend_Gold","construct:Defend_Gold+1","construct:AttackMode+2","construct:DefenseMode","Die Die Die+1","construct:Disrupt","construct:Reinforce","construct:Autoturret+1","construct:ShiftStrike","construct:SweepLaser","construct:SyphonStrike","construct:ModeShift+2","construct:Boost+2","construct:Enhance+1","construct:HyperBeam","construct:FocusedBeam","construct:Autoturret+2","construct:ForceCore+2","ReplayTheSpireMod:Trickstab+1","construct:ElectricArmor+2","construct:Autoturret+2","construct:Autoturret","construct:Autoturret+1","construct:SiegeForm+2","construct:Autoturret+1","construct:Autoturret+1","Poisoned Strike","construct:ElectricArmor+1","construct:LaserCore+2","construct:FlakBarrage+2","construct:SiegeForm+1","construct:Synchronize+1","construct:GatlingGun+1","construct:Autoturret+2","construct:Autoturret+2","REME_FirmDetermination+1"],"relics":["construct:ClockworkPhoenix","REME_ComplimentaryCards","DaveBox","BionicSphere","Sling","ReplayFunnel","Toy Ornithopter","Regal Pillow","hubris:BottledRain","The Courier","reliquary:Buckler","Whetstone","Vajra","Mummified Hand","reliquary:Knoch","qcfpunch:Fighting_Gloves","Ice Cream","Orichalcum","REME_HandOfSuture","REME_PuzzleBoxRelic","rorgmod:Ceramic Fish","Bronze Scales","Guardian:PocketSentry","Frozen Egg 2","hubris:TenFootPole","Toxic Egg 2","Lantern","hubris:64BitClover","BargainBundle","Blood Vial","reliquary:Sideboard","ReplayTheSpireMod:CursedCoin","MoreBug","Replay:WaspNest","GodSword5","Ginger","Singing Bowl","Replay:Mystery Machine","Bag of Marbles","SynthV:C4","wanderingMiniBosses:OtherGremlinHorn","sneckomod:SneckoTalon","reliquary:TuningFork","BirthdayGift-Icosahedron","hubris:ClockworkCow","construct:MasterCore","SSSystem","reliquary:PartyBalloon","StoneCalendar","Juzu Bracelet","hubris:CuriousFeather","HandDrill","Replay:Wax Seal","War Paint","Vajra","qcfpunch:Necklace_of_Skulls","Slimebound:PreparedRelic"],"acts_visited":["Exordium","Hallownest:Greenpath","Hallownest:CityofTears","TheEnding"],"potions_floor_usage":[16],"damage_taken":[{"damage":9,"enemies":"Hallownest:monsterHuskGuard","floor":1,"turns":4},{"damage":0,"enemies":"Hallownest:2_Baldur","floor":5,"turns":2},{"damage":2,"enemies":"Hallownest:eliteCrystalGuardian","floor":7,"turns":4},{"damage":0,"enemies":"2_ Uuma","floor":10,"turns":2},{"damage":0,"enemies":"Hallownest:Guard_and_Warrior","floor":12,"turns":4},{"damage":0,"enemies":"Hallownest:1_Ooma_and_2_Uuma","floor":14,"turns":3},{"damage":0,"enemies":"Hallownest:BossFalseKnight","floor":16,"turns":8},{"damage":0,"enemies":"Hallownest:2_Mistakes","floor":18,"turns":5},{"damage":2,"enemies":"Hallownest:Guard_and_Sentry","floor":20,"turns":3},{"damage":1,"enemies":"Hallownest:eliteSoulWarrior","floor":25,"turns":3},{"damage":0,"enemies":"Hallownest:eliteWatcherKnight","floor":27,"turns":5},{"damage":0,"enemies":"Hallownest:Warrior_and_Youth","floor":28,"turns":6},{"damage":0,"enemies":"Hallownest:monsterMisterMushroom","floor":29,"turns":1},{"damage":0,"enemies":"Hallownest:Glutton_and_Coward","floor":30,"turns":2},{"damage":0,"enemies":"Hallownest:2_Husk_Sentries","floor":31,"turns":1},{"damage":8,"enemies":"Hallownest:BossGrimm","floor":33,"turns":3},{"damage":0,"enemies":"Hallownest:2_Littles","floor":35,"turns":2},{"damage":0,"enemies":"Hallownest:3_Siblings","floor":36,"turns":2},{"damage":0,"enemies":"Hallownest:Shield_Sturdy","floor":38,"turns":2},{"damage":0,"enemies":"Hallownest:StalkingDevout","floor":41,"turns":1},{"damage":0,"enemies":"Hallownest:2_Soldiers_and_1_Guardian","floor":44,"turns":1},{"damage":0,"enemies":"Hallownest:monsterPrimalAspid","floor":48,"turns":1},{"damage":0,"enemies":"Hallownest:Radiance","floor":50,"turns":1},{"damage":0,"enemies":"Shield and Spear","floor":54,"turns":1},{"damage":0,"enemies":"The Heart","floor":55,"turns":3}],"seed_played":"3209549071135321129","potions_obtained":[{"floor":5,"key":"EssenceOfSteel"},{"floor":28,"key":"EssenceOfSteel"},{"floor":33,"key":"DistilledChaos"},{"floor":44,"key":"Adrenaline Potion"}],"is_trial":false,"path_per_floor":["M","?","?","$","M","R","E","T","T","M","R","M","?","M","R","B",null,"M","$","M","$","$","R","$","E","T","E","M","M","M","M","R","B",null,"M","M","?","M","$","R","E","R","T","M","?","$","R","M","R","B",null,"R","$","E","B",null],"character_chosen":"THE_CONSTRUCT_MOD","items_purchased":["Sling","construct:Autoturret+1","construct:ShiftStrike","construct:SweepLaser","ReplayFunnel","construct:Autoturret","hubris:BottledRain","construct:ForceCore","ReplayTheSpireMod:Trickstab","The Courier","reliquary:Buckler","Whetstone","Vajra","Mummified Hand","reliquary:Knoch","qcfpunch:Fighting_Gloves","Ice Cream","Orichalcum","REME_HandOfSuture","REME_PuzzleBoxRelic","rorgmod:Ceramic Fish","Bronze Scales","construct:Autoturret","construct:Autoturret","Guardian:PocketSentry","Frozen Egg 2","hubris:TenFootPole","Toxic Egg 2","Lantern","hubris:64BitClover","BargainBundle","Blood Vial","reliquary:Sideboard","ReplayTheSpireMod:CursedCoin","MoreBug","Replay:WaspNest","GodSword5","Ginger","Singing Bowl","BirthdayGift-Icosahedron","hubris:ClockworkCow","construct:MasterCore","SSSystem","construct:Autoturret+1","construct:SiegeForm+1","construct:Autoturret+1","construct:Autoturret+1","reliquary:PartyBalloon","StoneCalendar","Poisoned Strike","HandDrill","Replay:Wax Seal","War Paint","construct:GatlingGun","reliquary:SculptingSteel","construct:Autoturret+1","qcfpunch:Necklace_of_Skulls","REME_FirmDetermination+1"],"campfire_rested":0,"item_purchase_floors":[4,4,4,4,4,19,19,19,19,21,21,21,21,21,21,21,21,21,21,21,22,22,22,22,22,22,22,22,22,22,24,24,24,24,24,24,24,24,24,39,39,39,39,39,39,39,39,39,39,39,46,46,46,46,53,53,53,53],"current_hp_per_floor":[991,991,991,991,991,991,989,989,989,989,989,989,979,979,979,984,1000,1000,1000,998,852,852,852,852,857,857,859,878,882,886,888,888,882,1008,1008,1008,1008,1010,1010,1010,1012,1012,1012,1014,1014,1014,1014,1016,1016,1016,1016,1016,1016,1016,1016],"gold":5223,"neow_bonus":"THREE_CARDS","is_daily":false,"chose_seed":false,"campfire_upgraded":9,"win_rate":0.0,"timestamp":1613224160,"path_taken":["M","?","?","$","M","R","E","?","T","M","R","M","?","M","R","BOSS","M","$","M","?","$","R","$","E","T","E","M","M","M","M","R","BOSS","M","M","?","M","$","R","E","R","T","M","?","?","R","M","R","BOSS","R","$","E","BOSS"],"items_purchased_type":["Relic","Card","Card","Card","Relic","Card","Relic","Card","Card","Relic","Relic","Relic","Relic","Relic","Relic","Relic","Relic","Relic","Relic","Relic","Relic","Relic","Card","Card","Relic","Relic","Relic","Relic","Relic","Relic","Relic","Relic","Relic","Relic","Relic","Relic","Relic","Relic","Relic","Relic","Relic","Relic","Relic","Card","Card","Card","Card","Relic","Relic","Card","Relic","Relic","Relic","Card","Relic","Card","Relic","Card"],"build_version":"2020-12-22","purchased_purges":4,"victory":true,"max_hp_per_floor":[1000,1000,1000,1000,1000,1000,1000,1000,1000,1000,1000,1000,1000,1000,1000,1000,1000,1000,1000,1000,1000,1000,1000,1000,1002,1002,1002,1004,1006,1008,1008,1008,1008,1008,1008,1008,1008,1010,1010,1010,1012,1012,1012,1014,1014,1014,1014,1016,1016,1016,1016,1016,1016,1016,1016],"card_choices":[{"not_picked":["construct:SuppressiveFire","construct:HeavyBolt"],"picked":"construct:Disrupt","floor":0},{"not_picked":["construct:Versatility","construct:ScrapCannon"],"picked":"construct:Reinforce","floor":1},{"not_picked":["construct:HeavyBolt","construct:Accumulate"],"picked":"construct:SyphonStrike","floor":5},{"not_picked":["construct:Disrupt","construct:SyphonStrike"],"picked":"construct:ModeShift","floor":7},{"not_picked":["construct:Dampening","construct:Chainstrike"],"picked":"construct:Boost","floor":10},{"not_picked":["construct:Backup","construct:HastyRepair"],"picked":"construct:Enhance","floor":12},{"not_picked":["construct:Accumulate","construct:QuickAttack","construct:Isolate"],"picked":"SKIP","floor":14},{"not_picked":["construct:PanicFire","construct:MemoryTap"],"picked":"construct:HyperBeam","floor":16},{"not_picked":["construct:Boost","construct:ShiftStrike+1"],"picked":"construct:FocusedBeam","floor":18},{"not_picked":["construct:UnbalancingBlast+1","construct:SyphonStrike+1"],"picked":"construct:ElectricArmor+1","floor":20},{"not_picked":["construct:HyperBeam","construct:OneWayMirror+1","construct:Analyze+1"],"picked":"Singing Bowl","floor":25},{"not_picked":["construct:Analyze+1","construct:Failsafe+1"],"picked":"construct:ElectricArmor+1","floor":27},{"not_picked":["construct:Backfire+1","construct:FocusedBeam","construct:Disrupt+1"],"picked":"Singing Bowl","floor":28},{"not_picked":["construct:Versatility","construct:FierceBash","construct:Backup+1"],"picked":"Singing Bowl","floor":29},{"not_picked":["construct:Backup+1","construct:ShiftStrike","construct:FierceBash"],"picked":"Singing Bowl","floor":30},{"not_picked":["construct:Missile","construct:ShiftGuard+1"],"picked":"construct:Synchronize+1","floor":31},{"not_picked":["construct:ShiftingStance+1","construct:MassProduction+1"],"picked":"construct:SiegeForm+1","floor":33},{"not_picked":["construct:VentSteam+1","construct:Stasis+1"],"picked":"construct:FlakBarrage","floor":35},{"not_picked":["construct:Autoturret+1","construct:ChargeShot+1"],"picked":"construct:LaserCore+1","floor":36},{"not_picked":["construct:SaveState+1","construct:Accumulate+1","construct:OmegaCannon"],"picked":"Singing Bowl","floor":38},{"not_picked":["construct:FocusedBeam","construct:Autoturret+1","construct:SaveState+1"],"picked":"Singing Bowl","floor":41},{"not_picked":["construct:Disrupt+1","construct:ScopeCore+1","construct:Versatility+1"],"picked":"Singing Bowl","floor":44},{"not_picked":["construct:Forcefield+1","construct:FlameCore+1","construct:VentSteam+1"],"picked":"Singing Bowl","floor":48},{"not_picked":["construct:SweepLaser","construct:GuardCore+1"],"picked":"construct:HammerDown","floor":54}],"player_experience":357598,"relics_obtained":[{"floor":7,"key":"Toy Ornithopter"},{"floor":9,"key":"Regal Pillow"},{"floor":25,"key":"Replay:Mystery Machine"},{"floor":26,"key":"Bag of Marbles"},{"floor":27,"key":"SynthV:C4"},{"floor":28,"key":"wanderingMiniBosses:OtherGremlinHorn"},{"floor":36,"key":"reliquary:TuningFork"},{"floor":41,"key":"Juzu Bracelet"},{"floor":43,"key":"hubris:CuriousFeather"},{"floor":54,"key":"Slimebound:PreparedRelic"}],"event_choices":[],"is_beta":false,"boss_relics":[{"not_picked":["hubris:Stopwatch","hubris:CrackedHourglass","Transparent"]},{"not_picked":["Runic Dome","qcfpunch:Killian_Engine_Alpha"],"picked":"sneckomod:SneckoTalon"}],"items_purged_floors":[22,24,53,53],"is_endless":false,"potions_floor_spawned":[5,10,14,25,28,31,33,36,41,44,54],"ascension_level":0}}