{"host":"gn5np1e2857ww9ha","time":1613211938,"event":{"mods":["AchievementEnabler","Act Like it!","Aspiration","Astrologer","BaseMod","Better Altar","Better Match","Better Note","Better Sensory Stone","Better Skull","Better Third Choice","BetterRewards","Block Reminder","CCEM2","CapriCore","Colored Map","Conspire","DeckTracker","Downfall","Elementarium","Energized Spire","Gensokyo","GungeonMod","Halation","Hallownest","Hermit","Hubris","Infinite Spire","Jedi Mod","JesterMod","Jorbs\u0027s Wanderer Trilogy","Marisa????????","Mimic Mod","Minty Spire (QoL Compilation)","Pale of the Ancients","Quick Restart","RNG Fix","Rare Cards Sparkle","Replay The Spire","StSLib","The Bug Knight","The Construct","The Hierophant","The Immortal","The Jungle","The Kombatant","The Saiyan","The Senshi","The Servant 0.9.4","The Wild Card"],"gold_per_floor":[99,114,129,61,55,55,55,55,55,55],"floor_reached":9,"language":"ENG","playtime":506,"items_purged":[],"score":49,"play_id":"98140c30-7e58-47d6-96a9-e2e5f51314ac","local_time":"20210213042538","daily_mods":["Allstar","Flight","Terminal"],"is_ascension_mode":false,"campfire_choices":[{"data":"Discovery","floor":1,"key":"SMITH"},{"data":"Magnetism","floor":6,"key":"SMITH"},{"data":"DemoMod:Deposit","floor":8,"key":"SMITH"}],"circlet_count":0,"master_deck":["hermit:Strike_Hermit","hermit:Strike_Hermit","hermit:Strike_Hermit","hermit:Strike_Hermit","hermit:Defend_Hermit","hermit:Defend_Hermit","hermit:Defend_Hermit","hermit:Defend_Hermit","hermit:Snapshot","hermit:Covet","Discovery+1","Mind Blast","DemoMod:Deposit+1","Panacea","Magnetism+1","hermit:Desperado","hermit:Ricochet","Gensokyo:TarnishedGold"],"relics":["hermit:Momento","jedi:angrymask"],"acts_visited":["Gensokyo:Gensokyo"],"potions_floor_usage":[],"damage_taken":[{"damage":5,"enemies":"Gensokyo:2_Kodama","floor":2,"turns":4},{"damage":1,"enemies":"Gensokyo:3_Fairies","floor":3,"turns":4},{"damage":79,"enemies":"Gensokyo:Cirno","floor":9,"turns":9}],"seed_played":"6099103822572544471","potions_obtained":[{"floor":2,"key":"PowerPotion"},{"floor":3,"key":"LiquidMemories"}],"is_trial":false,"path_per_floor":["R","M","M","COS","?","R","T","R","E"],"character_chosen":"HERMIT","items_purchased":[],"campfire_rested":0,"item_purchase_floors":[],"current_hp_per_floor":[73,68,67,67,69,68,67,66,0,0],"gold":55,"neow_bonus":"","is_daily":true,"chose_seed":false,"campfire_upgraded":3,"win_rate":0.0,"timestamp":1613211938,"path_taken":["R","M","M","COS","?","R","T","R","E"],"items_purchased_type":[],"build_version":"2020-12-22","purchased_purges":0,"victory":false,"max_hp_per_floor":[73,72,71,70,69,68,67,66,66,66],"card_choices":[{"not_picked":["hermit:WideOpen","hermit:CalledShot"],"picked":"hermit:Desperado","floor":2},{"not_picked":["hermit:Cheat","hermit:Manifest"],"picked":"hermit:Ricochet","floor":3}],"player_experience":47556,"relics_obtained":[{"floor":7,"key":"jedi:angrymask"}],"event_choices":[],"is_beta":false,"boss_relics":[],"items_purged_floors":[],"is_endless":false,"potions_floor_spawned":[2,3],"killed_by":"Gensokyo:Cirno","ascension_level":0}}