{"host":"pj7egx7jkoz18hom","time":1613199101,"event":{"mods":["AchievementEnabler","BaseMod","Keyboard Shortcuts","Minty Spire (QoL Compilation)","SuperFastMode"],"gold_per_floor":[112,112,127,145,156,156,184,202,202,215,246,265,138,151,151,254,254,267,280,299,49,49,84,84,84,84,114,43,43,43,63,63,63,63],"floor_reached":33,"language":"KOR","playtime":1179,"items_purged":["Strike_B","Defend_B"],"score":324,"play_id":"334cb677-6c36-483e-871c-3ee892f3e428","local_time":"20210213155141","is_ascension_mode":false,"campfire_choices":[{"data":"Redo","floor":6,"key":"SMITH"},{"data":"Zap","floor":15,"key":"SMITH"},{"data":"Loop","floor":24,"key":"SMITH"},{"data":"Defragment","floor":32,"key":"SMITH"}],"circlet_count":0,"master_deck":["Defend_B","Defend_B","Zap+1","Dualcast","Beam Cell","Lockon","Ball Lightning","Redo+1","Amplify","Cold Snap","Loop+1","Leap","Leap","Leap","Thunder Strike","Ball Lightning+1","Static Discharge","Defragment+1","Go for the Eyes","Capacitor","Bite","Bite","Bite","Bite","Bite"],"relics":["Cracked Core","Bag of Preparation","Shuriken","HornCleat","Meat on the Bone","Omamori","Sozu","MealTicket","WingedGreaves","Torii","Tiny Chest"],"acts_visited":["Exordium","TheCity"],"potions_floor_usage":[11,14,16],"damage_taken":[{"damage":0,"enemies":"2 Louse","floor":1,"turns":2},{"damage":0,"enemies":"Cultist","floor":3,"turns":3},{"damage":0,"enemies":"Small Slimes","floor":4,"turns":2},{"damage":8,"enemies":"Red Slaver","floor":5,"turns":3},{"damage":26,"enemies":"Lagavulin","floor":7,"turns":4},{"damage":5,"enemies":"Exordium Thugs","floor":8,"turns":2},{"damage":0,"enemies":"2 Fungi Beasts","floor":10,"turns":2},{"damage":16,"enemies":"3 Sentries","floor":11,"turns":5},{"damage":7,"enemies":"Blue Slaver","floor":12,"turns":3},{"damage":12,"enemies":"Exordium Thugs","floor":14,"turns":3},{"damage":16,"enemies":"Hexaghost","floor":16,"turns":9},{"damage":0,"enemies":"Chosen","floor":18,"turns":5},{"damage":7,"enemies":"Shell Parasite","floor":19,"turns":3},{"damage":0,"enemies":"3 Cultists","floor":20,"turns":4},{"damage":27,"enemies":"Slavers","floor":23,"turns":6},{"damage":28,"enemies":"Gremlin Leader","floor":27,"turns":5},{"damage":9,"enemies":"Snake Plant","floor":31,"turns":3},{"damage":68,"enemies":"Collector","floor":33,"turns":6}],"seed_played":"3038111626343927087","potions_obtained":[{"floor":1,"key":"Strength Potion"},{"floor":7,"key":"PowerPotion"},{"floor":10,"key":"SteroidPotion"},{"floor":12,"key":"AttackPotion"}],"is_trial":false,"path_per_floor":["M","?","M","M","M","R","E","M","T","M","E","M","$","M","R","B",null,"M","M","M","$","?","E","R","?","T","E","$","?","?","M","R","B"],"character_chosen":"DEFECT","items_purchased":["Leap","MealTicket","Capacitor"],"campfire_rested":0,"item_purchase_floors":[13,21,28],"current_hp_per_floor":[75,75,75,75,67,67,41,36,36,48,44,49,49,49,49,45,75,75,68,68,68,68,41,41,41,41,25,40,40,45,42,42,0,0],"gold":63,"neow_bonus":"RANDOM_COMMON_RELIC","is_daily":false,"chose_seed":false,"campfire_upgraded":4,"win_rate":0.0,"timestamp":1613199101,"path_taken":["M","?","M","M","M","R","E","M","T","M","E","M","$","M","R","BOSS","M","?","M","$","?","E","R","?","T","E","$","?","?","M","R","BOSS"],"items_purchased_type":["Card","Relic","Card"],"build_version":"2020-12-22","purchased_purges":2,"victory":false,"max_hp_per_floor":[75,75,75,75,75,75,75,75,75,75,75,75,75,75,75,75,75,75,75,75,75,75,75,75,75,75,75,75,52,52,52,52,52,52],"card_choices":[{"not_picked":["White Noise","Steam"],"picked":"Beam Cell","floor":1},{"not_picked":["Darkness","Gash"],"picked":"Lockon","floor":3},{"not_picked":["Go for the Eyes","Turbo"],"picked":"Ball Lightning","floor":4},{"not_picked":["Aggregate","Beam Cell"],"picked":"Redo","floor":5},{"not_picked":["Go for the Eyes","Compile Driver"],"picked":"Amplify","floor":7},{"not_picked":["Streamline","Steam Power"],"picked":"Cold Snap","floor":8},{"not_picked":["Tempest","Gash"],"picked":"Loop","floor":10},{"not_picked":["Gash","Lockon","Reboot"],"picked":"SKIP","floor":11},{"not_picked":["Go for the Eyes","Lockon"],"picked":"Leap","floor":12},{"not_picked":["FTL","Gash"],"picked":"Leap","floor":14},{"not_picked":["All For One","Echo Form"],"picked":"Thunder Strike","floor":16},{"not_picked":["Conserve Battery","Cold Snap"],"picked":"Ball Lightning+1","floor":18},{"not_picked":["Fusion","Reinforced Body","Leap"],"picked":"SKIP","floor":19},{"not_picked":["Reinforced Body+1","Turbo","Barrage"],"picked":"SKIP","floor":20},{"not_picked":["Tempest","Beam Cell","Heatsinks+1"],"picked":"SKIP","floor":23},{"not_picked":["Rip and Tear","Rebound"],"picked":"Go for the Eyes","floor":27},{"not_picked":["Steam Power","Go for the Eyes","Gash"],"picked":"SKIP","floor":31}],"player_experience":30438,"relics_obtained":[{"floor":7,"key":"HornCleat"},{"floor":9,"key":"Meat on the Bone"},{"floor":11,"key":"Omamori"},{"floor":23,"key":"WingedGreaves"},{"floor":26,"key":"Torii"},{"floor":27,"key":"Tiny Chest"}],"event_choices":[{"damage_healed":0,"gold_gain":0,"player_choice":"Gave Potion","damage_taken":0,"relics_obtained":["Shuriken"],"max_hp_gain":0,"max_hp_loss":0,"event_name":"WeMeetAgain","floor":2,"gold_loss":0},{"damage_healed":0,"gold_gain":0,"cards_transformed":["Defend_B","Strike_B"],"player_choice":"Became Test Subject","damage_taken":0,"max_hp_gain":0,"max_hp_loss":0,"event_name":"Drug Dealer","floor":22,"gold_loss":0,"cards_obtained":["Cold Snap","Static Discharge"]},{"damage_healed":0,"gold_gain":0,"player_choice":"Read","damage_taken":0,"max_hp_gain":0,"max_hp_loss":0,"event_name":"The Library","floor":25,"gold_loss":0,"cards_obtained":["Defragment"]},{"damage_healed":0,"gold_gain":0,"player_choice":"Became a vampire","damage_taken":0,"max_hp_gain":0,"max_hp_loss":23,"event_name":"Vampires","floor":29,"gold_loss":0,"cards_obtained":["Bite","Bite","Bite","Bite","Bite"]},{"cards_removed":["Cold Snap"],"damage_healed":5,"gold_gain":0,"player_choice":"Offered Common","damage_taken":0,"max_hp_gain":0,"max_hp_loss":0,"event_name":"Bonfire Elementals","floor":30,"gold_loss":0},{"cards_removed":["Cold Snap"],"damage_healed":5,"gold_gain":0,"player_choice":"Offered Special","damage_taken":0,"max_hp_gain":0,"max_hp_loss":0,"event_name":"Bonfire Elementals","floor":30,"gold_loss":0}],"is_beta":false,"boss_relics":[{"not_picked":["Coffee Dripper","Astrolabe"],"picked":"Sozu"}],"items_purged_floors":[13,21],"is_endless":false,"potions_floor_spawned":[1,7,10,12,19,20,27],"killed_by":"Collector","ascension_level":0}}