{"host":"gl5rgsfncjl28cj1","time":1613221539,"event":{"mods":["BaseMod","Colored Map","Highlight Path","Lobotomy","LobotomyExtend","Minty Spire (QoL Compilation)","Permanent Neow","StSLib"],"gold_per_floor":[114,129,129,139,25,55,55,55,55],"floor_reached":8,"language":"KOR","playtime":286,"items_purged":["Strike_G"],"score":56,"play_id":"559fffe2-bba8-4385-95df-37be0fc6b964","local_time":"20210213220539","is_ascension_mode":false,"campfire_choices":[{"data":"Footwork","floor":7,"key":"SMITH"}],"circlet_count":0,"master_deck":["Strike_G","Strike_G","Strike_G","Strike_G","Defend_G","Defend_G","Defend_G","Defend_G","Defend_G","Survivor","Neutralize","Accuracy","PunishingBird","Terror","Footwork+1","Footwork","LongBird"],"relics":["Ring of the Snake","CogitoBucket","RabbitCall","LetterFromLob","The Courier"],"acts_visited":["Exordium"],"potions_floor_usage":[],"damage_taken":[{"damage":0,"enemies":"2 Louse","floor":1,"turns":3},{"damage":5,"enemies":"Small Slimes","floor":2,"turns":5},{"damage":3,"enemies":"Cultist","floor":4,"turns":4},{"damage":37,"enemies":"Gremlin Nob","floor":6,"turns":7},{"damage":36,"enemies":"3 Sentries","floor":8,"turns":4}],"seed_played":"-2479861267610752786","potions_obtained":[{"floor":1,"key":"FearPotion"}],"is_trial":false,"path_per_floor":["M","M","?","M","$","E","R","E"],"character_chosen":"THE_SILENT","items_purchased":["Footwork"],"campfire_rested":0,"item_purchase_floors":[5],"current_hp_per_floor":[70,65,70,67,67,34,34,0,0],"gold":55,"neow_bonus":"","is_daily":false,"chose_seed":false,"campfire_upgraded":1,"win_rate":0.0,"timestamp":1613221539,"path_taken":["M","M","?","M","$","E","R","E"],"items_purchased_type":["Card"],"build_version":"2020-12-22","purchased_purges":1,"victory":false,"max_hp_per_floor":[70,70,75,75,75,75,75,75,75],"card_choices":[{"not_picked":["Wellcheers","ShyLook","MHz"],"picked":"Singing Bowl","floor":1},{"not_picked":["PiercingWail","Crippling Poison"],"picked":"Accuracy","floor":1},{"not_picked":["Scorched","Murderer","QueenBee"],"picked":"Singing Bowl","floor":2},{"not_picked":["Porccubus","MHz"],"picked":"PunishingBird","floor":2},{"not_picked":["Choke","PiercingWail"],"picked":"Terror","floor":2},{"not_picked":["Wellcheers","CherryBlossoms","BeautyBeast"],"picked":"Singing Bowl","floor":4},{"not_picked":["Deflect","Heel Hook"],"picked":"Footwork","floor":4},{"not_picked":["GalaxyChild","SpiderBud"],"picked":"LongBird","floor":6},{"not_picked":["Skewer","Flying Knee","Finisher"],"picked":"SKIP","floor":6}],"player_experience":1078772,"relics_obtained":[{"floor":1,"key":"LetterFromLob"},{"floor":6,"key":"The Courier"}],"event_choices":[{"damage_healed":0,"gold_gain":0,"player_choice":"Donut","damage_taken":0,"max_hp_gain":5,"max_hp_loss":0,"event_name":"Big Fish","floor":3,"gold_loss":0}],"is_beta":false,"boss_relics":[],"items_purged_floors":[5],"is_endless":false,"potions_floor_spawned":[1],"killed_by":"3 Sentries","ascension_level":0}}