{"host":"27g79df0endkaa4r","time":1613249302,"event":{"mods":["Abigail Mod","AchievementEnabler","Act Like it!","Alarm Clock","BaseMod","Better Altar","Better Match","Better Skull","Better Third Choice","BetterRewards","Bossed Relics","CapriCore","Card Forge","Colored Map","Curses Come First","Disable Question Mark Monsters","Displayed Cursed Tome","Emptier Cage","FoggyMod","Friendly Minions","Gold Saver","Good Game Mod","Grow up Mod","Highlight Path","Kratos Character Expansion","Minty Spire (QoL Compilation)","Permanent Neow","Poem Panic","Remilia??????","Shop Mod","StSLib","The Immortal","The Servant 0.9.4","The Vixen","Transform Curses","Virulent Crown","????"],"gold_per_floor":[998,998,998,511,511,206,241,241,266,310,62,62,100,66,42,165,165,185,185,185,145,163,14,53,53,53,353,353,394,407,22,22,151,151,171,171,171,171,196,196,57,90,158,110,110,32,65,77,89,101],"floor_reached":51,"language":"ENG","playtime":1284,"items_purged":[],"score":1322,"play_id":"86218897-04a6-45fa-b364-cacb54229c55","local_time":"20210213214822","is_ascension_mode":false,"campfire_choices":[{"floor":12,"key":"RECALL"},{"floor":25,"key":"REST"},{"floor":32,"key":"REST"},{"data":"Searing Blow+13","floor":40,"key":"SMITH"},{"floor":49,"key":"REST"}],"circlet_count":0,"master_deck":["Vigilance+1","ForecastOfChange+1","Panache+1","Worship+1","CutThroughFate+1","Worship+1","Brilliance+1","Panache+1","Searing Blow+14","Juggernaut+1","Fasting2+1","CarveReality+1","WreathOfFlame+1","ClearTheMind+1","WreathOfFlame+1","Worship+1","Devotion+1","Omniscience+1","Weave+1","Greed_TH","CarveReality+1","BattleHymn+1","Prostrate+1","LikeWater+1","Vault+1","Adaptation+1","Mind Blast+1","Jack Of All Trades+1","Trip+1","Consecrate+1","Worship+1","Prostrate+1","Protect+1"],"relics":["HolyWater","Hammer of Thor","Seething Fire","Anvil of the Gods","REME:ComplimentaryCards","MerchantsRug","Calipers","Unceasing Top","Golden Idol","Oddly Smooth Stone","Toxic Egg 2","Frozen Eye","Dream Catcher","Bronze Scales","InkBottle","Mummified Hand","Blood Vial","Ornamental Fan","Vajra","Damaru","Kunai","Sling","Nunchaku","Juzu Bracelet","Strawberry","KratosMod:minohorn","Lantern","MawBank"],"acts_visited":["Exordium","TheCity","TheBeyond"],"potions_floor_usage":[],"damage_taken":[{"damage":0,"enemies":"Cultist","floor":1,"turns":2},{"damage":32,"enemies":"Gremlin Nob","floor":7,"turns":4},{"damage":3,"enemies":"Lagavulin","floor":10,"turns":3},{"damage":19,"enemies":"Gremlin Nob","floor":13,"turns":4},{"damage":0,"enemies":"Hexaghost","floor":16,"turns":2},{"damage":12,"enemies":"Shell Parasite","floor":18,"turns":2},{"damage":10,"enemies":"3 Byrds","floor":22,"turns":3},{"damage":31,"enemies":"Slavers","floor":24,"turns":3},{"damage":0,"enemies":"Gremlin Leader","floor":29,"turns":1},{"damage":0,"enemies":"Snecko","floor":30,"turns":2},{"damage":0,"enemies":"Collector","floor":33,"turns":2},{"damage":0,"enemies":"Orb Walker","floor":35,"turns":1},{"damage":0,"enemies":"3 Shapes","floor":39,"turns":2},{"damage":0,"enemies":"Nemesis","floor":42,"turns":1},{"damage":0,"enemies":"Giant Head","floor":47,"turns":2},{"damage":17,"enemies":"Awakened One","floor":50,"turns":5}],"seed_played":"-5831810960869303794","potions_obtained":[{"floor":7,"key":"DistilledChaos"},{"floor":10,"key":"DistilledChaos"},{"floor":21,"key":"Regen Potion"},{"floor":21,"key":"Block Potion"},{"floor":21,"key":"AttackPotion"},{"floor":24,"key":"SpeedPotion"},{"floor":30,"key":"Ancient Potion"},{"floor":33,"key":"AttackPotion"},{"floor":42,"key":"Dexterity Potion"},{"floor":45,"key":"Ambrosia"},{"floor":45,"key":"Regen Potion"},{"floor":47,"key":"DistilledChaos"}],"is_trial":false,"path_per_floor":["M","?","?","$","?","R","E","?","T","E","$","R","E","$","R","B",null,"M","?","?","?","M","R","E","R","T","?","?","E","M","$","R","B",null,"M","?","?","?","M","R","$","E","T","$","?","$","E","?","R","B",null],"character_chosen":"WATCHER","items_purchased":["MerchantsRug","Panache","Unceasing Top","Worship","Worship","Brilliance","Oddly Smooth Stone","Panache","Fasting2","Frozen Eye","CarveReality","ThirdEye+1","Mummified Hand","WreathOfFlame+1","Worship+1","Ornamental Fan","Prostrate+1","Sling","Nunchaku","LikeWater","Juzu Bracelet","Prostrate+1","Lantern"],"campfire_rested":3,"item_purchase_floors":[0,0,0,0,4,4,4,4,6,6,6,6,11,14,15,23,31,31,31,31,41,44,46],"current_hp_per_floor":[92,79,89,99,88,98,76,86,96,103,113,123,114,124,134,146,252,250,260,270,280,282,292,273,332,342,352,362,372,382,372,402,412,422,432,432,442,452,464,474,479,498,508,513,523,528,540,550,579,572],"gold":113,"neow_bonus":"","is_daily":false,"chose_seed":false,"campfire_upgraded":1,"win_rate":0.0,"timestamp":1613249302,"path_taken":["M","?","?","$","?","R","E","?","T","E","?","R","E","$","R","BOSS","M","?","?","?","?","R","E","R","T","?","?","E","?","?","R","BOSS","M","?","?","?","?","R","$","E","T","?","?","$","E","?","R","BOSS"],"items_purchased_type":["Relic","Card","Relic","Card","Card","Card","Relic","Card","Card","Relic","Card","Card","Relic","Card","Card","Relic","Card","Relic","Relic","Card","Relic","Card","Relic"],"build_version":"2020-12-22","purchased_purges":0,"victory":true,"max_hp_per_floor":[92,102,112,122,132,142,152,162,172,182,192,202,212,222,232,242,252,262,272,282,292,302,312,322,332,342,352,362,372,382,392,402,412,422,432,442,452,462,472,482,492,509,519,529,539,549,559,569,579,589],"card_choices":[{"not_picked":["EmptyFist","ClearTheMind"],"picked":"CutThroughFate","floor":1},{"not_picked":["Evaluate+1","Halt+1"],"picked":"WreathOfFlame+1","floor":7},{"not_picked":["LessonLearned","Evaluate+1","Halt+1"],"picked":"SKIP","floor":10},{"not_picked":["SashWhip","Sanctity+1","WreathOfFlame+1"],"picked":"SKIP","floor":13},{"not_picked":["Scrawl+1","Blasphemy+1"],"picked":"Devotion","floor":16},{"not_picked":["Consecrate","EmptyFist","JustLucky"],"picked":"SKIP","floor":18},{"not_picked":["CarveReality","Indignation+1"],"picked":"Weave+1","floor":22},{"not_picked":["ThirdEye+1","SignatureMove+1","DeceiveReality+1"],"picked":"SKIP","floor":24},{"not_picked":["SignatureMove+1","CrushJoints"],"picked":"CarveReality","floor":29},{"not_picked":["Evaluate+1","EmptyFist"],"picked":"BattleHymn","floor":30},{"not_picked":["LessonLearned","Brilliance"],"picked":"Vault+1","floor":33},{"not_picked":["FlyingSleeves","CrushJoints+1"],"picked":"Adaptation+1","floor":35},{"not_picked":["Magnetism","Impatience+1"],"picked":"Mind Blast","floor":36},{"not_picked":["Forethought+1","Flash of Steel"],"picked":"Jack Of All Trades+1","floor":36},{"not_picked":["Purity+1","Bandage Up+1"],"picked":"Trip+1","floor":36},{"not_picked":["Swivel+1","CarveReality"],"picked":"Consecrate+1","floor":39},{"not_picked":["Wallop","JustLucky+1"],"picked":"Worship+1","floor":42},{"not_picked":["Protect+1","SashWhip","DeceiveReality+1"],"picked":"SKIP","floor":47},{"not_picked":["Crescendo+1","BowlingBash"],"picked":"Protect+1","floor":49}],"player_experience":14457,"relics_obtained":[{"floor":7,"key":"Dream Catcher"},{"floor":9,"key":"Bronze Scales"},{"floor":10,"key":"InkBottle"},{"floor":13,"key":"Blood Vial"},{"floor":24,"key":"Vajra"},{"floor":26,"key":"Damaru"},{"floor":29,"key":"Kunai"},{"floor":42,"key":"Strawberry"},{"floor":43,"key":"KratosMod:minohorn"},{"floor":47,"key":"MawBank"}],"event_choices":[{"damage_healed":0,"gold_gain":0,"player_choice":"Take Damage","damage_taken":23,"relics_obtained":["Golden Idol"],"max_hp_gain":0,"max_hp_loss":0,"event_name":"Golden Idol","floor":2,"gold_loss":0},{"damage_healed":0,"gold_gain":0,"player_choice":"Leave","damage_taken":0,"max_hp_gain":0,"max_hp_loss":0,"event_name":"The Cleric","floor":3,"gold_loss":0},{"damage_healed":0,"gold_gain":0,"cards_transformed":["Defend_P"],"player_choice":"Change","damage_taken":0,"max_hp_gain":0,"max_hp_loss":0,"event_name":"Living Wall","floor":8,"gold_loss":0,"cards_obtained":["ClearTheMind"]},{"damage_healed":0,"gold_gain":0,"player_choice":"Read","damage_taken":0,"max_hp_gain":0,"max_hp_loss":0,"event_name":"The Library","floor":19,"gold_loss":0,"cards_obtained":["Omniscience"]},{"damage_healed":0,"gold_gain":0,"player_choice":"Ignored","damage_taken":0,"max_hp_gain":0,"max_hp_loss":0,"event_name":"Ghosts","floor":20,"gold_loss":0},{"damage_healed":0,"gold_gain":0,"player_choice":"Bought 3 Potions","damage_taken":0,"max_hp_gain":0,"max_hp_loss":0,"event_name":"The Woman in Blue","floor":21,"gold_loss":0},{"damage_healed":0,"gold_gain":0,"player_choice":"Upgraded","damage_taken":0,"max_hp_gain":0,"max_hp_loss":0,"event_name":"Upgrade Shrine","floor":28,"gold_loss":0,"cards_upgraded":["Searing Blow"]},{"damage_healed":0,"gold_gain":0,"player_choice":"Memory 3","damage_taken":10,"max_hp_gain":0,"max_hp_loss":0,"event_name":"SensoryStone","floor":36,"gold_loss":0},{"damage_healed":0,"gold_gain":0,"player_choice":"Ignored","damage_taken":0,"max_hp_gain":0,"max_hp_loss":0,"event_name":"The Moai Head","floor":37,"gold_loss":0},{"damage_healed":0,"gold_gain":0,"player_choice":"Ignored","damage_taken":0,"max_hp_gain":0,"max_hp_loss":0,"event_name":"Accursed Blacksmith","floor":38,"gold_loss":0},{"damage_healed":0,"gold_gain":0,"player_choice":"Got Potions","damage_taken":0,"max_hp_gain":0,"max_hp_loss":0,"event_name":"Lab","floor":45,"gold_loss":0},{"damage_healed":0,"gold_gain":0,"player_choice":"Ignored","damage_taken":0,"max_hp_gain":0,"max_hp_loss":0,"event_name":"Tomb of Lord Red Mask","floor":48,"gold_loss":0}],"is_beta":false,"boss_relics":[{"not_picked":["Snecko Eye","Calling Bell","Busted Crown"]},{"not_picked":["SacredBark","Fusion Hammer"],"picked":"HolyWater"}],"items_purged_floors":[],"is_endless":false,"potions_floor_spawned":[7,10,24,30,33,42,47],"ascension_level":0}}