{"host":"8inpc3yxphy2r27y","time":1613235931,"event":{"mods":["100% Spire Juice","ATMod(阿瑾Mod)","Act Like it!","Alarm Clock","Arknights","Aspiration","Astrologer","Bard","BaseMod","Better Synergies","Better Vampires","Challenge The Spire","Chen","Conspire","Decade(王小明)","Defuse TimeMaze Blight","Dota2Spire","Downfall","Energized Spire","FanaticalFans","FoggyMod","FutureSeer","Gensokyo","Gremlin Mod","GungeonMod","Hallownest","Highlight Path","HornydragonMod","HumanHunterMod(怪物杀人mod)","Hunter 猎人","Jedi Mod","KinomotoSakuraMod(木之本樱)","LagranYue(拉格朗・月)","Lobotomy","LobotomyExtend","Luminous","Mari Mod (Legacy)","Mari\u0027s V1 Patch","Minty Spire (QoL Compilation)","MostiFishMod","Nova Terra(诺娃・泰拉)","Pale of the Ancients","Quarter Circle Forward PUNCH!","Quick Restart","Red Circlet Mod","Reimu（博丽灵梦）","Relic Filter Mod","Relic Stats","Replay The Spire","Ryuuou龙王","SIMod","SOS（斯巴达之子）","Shop Mod","Spicy Shops","StSLib","Td1madao Mod","TestMod","The Alterego","The Animator","The Blackbeard","The Bladedancer","The Bug Knight","The Construct","The Cursed","The Gatherer","The Hierophant","The Invoker Mod","The IronCluck","The Jungle","The Marked","The Mystic","The Poker Player","The Runesmith","The Senshi","TheHeartMod","TheWitcher","UnlockEverythingMod","Waifu the Spire","WarShipGirlsR/战舰少女R mod","Warlord Emblem","Yuri Mod","[GremlinLeader]The Maniac","[IsaacMod]以撒尖塔","[JumpMod]舞动尖塔","noobMod","【功能Mod】聪明的最终Boss","【遗物卡牌】REMEMod","残留之物","篝火指南"],"gold_per_floor":[115,115,115,39,39,39,39,39],"floor_reached":6,"language":"ZHS","playtime":283,"items_purged":[],"score":32,"play_id":"2bd7be9f-7b1a-4d47-bf2f-1895c96ed071","local_time":"20210214010531","is_ascension_mode":false,"campfire_choices":[],"circlet_count":0,"master_deck":["blackbeard:BlackbeardStrike","blackbeard:BlackbeardStrike","blackbeard:BlackbeardStrike+1","blackbeard:BlackbeardStrike+1","blackbeard:IntimidatingStrike","blackbeard:BlackbeardDefend+1","blackbeard:BlackbeardDefend","blackbeard:BlackbeardDefend","blackbeard:BlackbeardDefend","blackbeard:Cutlass","EpicFetus","AT_FamilyPortrait","Gremlin:ShadowShiv","blackbeard:Bandana","Laetitia","Hallownest:curseDreamersLament"],"relics":["blackbeard:LoadTheCannons","HushsDoor","REME_ComplimentaryCards","ice","Fans:FanaticalFans","DaveBox","AT_ATBox","testmod-TestBox","HowToJump","NineVolt","DSteel32","testmod-Mahjong","LagranYue:RandomDrawCardRelic","CogitoBucket","SynthV:TestCard","LetterFromLob","qcfpunch:Black_Training_Shirt","BionicSphere","Whetstone","Hallownest:TeacherSealRelic"],"acts_visited":["Hallownest:Greenpath"],"potions_floor_usage":[],"damage_taken":[{"damage":11,"enemies":"Hallownest:2_Tiktiks_and_1_Crawlid","floor":1,"turns":4},{"damage":0,"enemies":"Hallownest:eliteCrystalGuardian","floor":6,"turns":2}],"seed_played":"3670279751101916161","potions_obtained":[],"is_trial":false,"path_per_floor":["M","?","?","$","?","E"],"character_chosen":"BLACKBEARD_CLASS","items_purchased":["Whetstone"],"campfire_rested":0,"item_purchase_floors":[4],"current_hp_per_floor":[64,36,27,27,27,27,27,27],"gold":39,"neow_bonus":"","is_daily":false,"chose_seed":false,"campfire_upgraded":0,"win_rate":0.0,"timestamp":1613235931,"path_taken":["M","?","?","?","?","E"],"items_purchased_type":["Relic"],"build_version":"2020-12-22","purchased_purges":0,"victory":false,"max_hp_per_floor":[75,75,75,75,75,75,75,75],"relic_stats":{"counters":[2,6],"Whetstone":["blackbeard:BlackbeardStrike","blackbeard:BlackbeardStrike"],"obtain_stats":[{"KeepersGift":0,"DSteel32":0,"AT_ATBox":0,"testmod-TestBox":0,"DaveBox":0,"HowToJump":0,"NineVolt":0,"LagranYue:RandomDrawCardRelic":0,"blackbeard:LoadTheCannons":0,"qcfpunch:Black_Training_Shirt":2,"ice":0,"Fans:FanaticalFans":0,"Whetstone":4,"CogitoBucket":0,"SynthV:TestCard":1,"testmod-Mahjong":0,"BionicSphere":2,"LetterFromLob":1,"HushsDoor":0,"Hallownest:TeacherSealRelic":5,"REME_ComplimentaryCards":0},{"KeepersGift":0,"DSteel32":0,"AT_ATBox":0,"testmod-TestBox":0,"DaveBox":0,"HowToJump":0,"NineVolt":0,"LagranYue:RandomDrawCardRelic":0,"blackbeard:LoadTheCannons":0,"qcfpunch:Black_Training_Shirt":1,"ice":0,"Fans:FanaticalFans":0,"Whetstone":1,"CogitoBucket":0,"SynthV:TestCard":1,"testmod-Mahjong":0,"BionicSphere":1,"LetterFromLob":1,"HushsDoor":0,"Hallownest:TeacherSealRelic":1,"REME_ComplimentaryCards":0},{"KeepersGift":0,"DSteel32":0,"AT_ATBox":0,"testmod-TestBox":0,"DaveBox":0,"HowToJump":0,"NineVolt":0,"LagranYue:RandomDrawCardRelic":0,"blackbeard:LoadTheCannons":0,"qcfpunch:Black_Training_Shirt":4,"ice":0,"Fans:FanaticalFans":0,"Whetstone":4,"CogitoBucket":0,"SynthV:TestCard":4,"testmod-Mahjong":0,"BionicSphere":4,"LetterFromLob":4,"HushsDoor":0,"Hallownest:TeacherSealRelic":4,"REME_ComplimentaryCards":0}]},"card_choices":[{"not_picked":[],"picked":"EpicFetus","floor":0},{"not_picked":["blackbeard:WoodenLeg","blackbeard:ChaoticDefense"],"picked":"blackbeard:Bandana","floor":1},{"not_picked":["Bloodbath","Murderer","WallGazer"],"picked":"Singing Bowl","floor":1},{"not_picked":["Porccubus","CherryBlossoms"],"picked":"Laetitia","floor":1}],"player_experience":228185,"relics_obtained":[{"floor":1,"key":"SynthV:TestCard"},{"floor":1,"key":"LetterFromLob"}],"event_choices":[],"is_beta":false,"boss_relics":[],"items_purged_floors":[],"is_endless":false,"potions_floor_spawned":[],"killed_by":"Hallownest:eliteCrystalGuardian","ascension_level":0}}