{"host":"jcg2u0j7gsi1hjjn","time":1613218754,"event":{"mods":["AchievementEnabler","BaseMod","Colored Map","Minty Spire (QoL Compilation)","StSLib"],"gold_per_floor":[111,126,145,160,175,203,222,222,247,265,292,310,310,310,310,414,414,430,529,529,325,340,340,340,351,351,351,361,396,396,443,443,540,590,608,621,245,245,295,295,295,295,318,318,332,358,358,358,358,358,358],"floor_reached":50,"language":"ENG","playtime":2790,"items_purged":[],"score":566,"play_id":"f2a3d271-b0d0-4b69-a80b-5855967548eb","local_time":"20210213131914","is_ascension_mode":true,"campfire_choices":[{"floor":8.0,"key":"REST"},{"floor":15,"key":"REST"},{"floor":23,"key":"REST"},{"floor":27,"key":"REST"},{"floor":32,"key":"REST"},{"floor":40,"key":"DIG"},{"floor":42,"key":"DIG"},{"floor":44,"key":"DIG"},{"floor":47,"key":"REST"},{"floor":49,"key":"REST"}],"circlet_count":0,"master_deck":["Strike_B","Strike_B","Strike_B","Strike_B","Defend_B","Defend_B+1","Defend_B","Zap","Dualcast","Sweeping Beam+1","Gash","Loop+1","Streamline","Steam","Rainbow","Rebound","Redo","Coolheaded","Ball Lightning","Creative AI","Conserve Battery","Doom and Gloom+1","Sunder","Steam+1","Barrage+1","Core Surge+1","FTL+1","Hologram+1","Capacitor+1","Lockon+1","Discovery","Ball Lightning+1","Parasite","Aggregate+1"],"relics":["Cracked Core","Orichalcum","Tiny Chest","Gremlin Horn","Toy Ornithopter","Fusion Hammer","Pantograph","DataDisk","Molten Egg 2","Whetstone","Strawberry","Tiny House","Shovel","Dead Branch","Frozen Egg 2","Ancient Tea Set","Bag of Marbles","Blood Vial","Boot"],"acts_visited":["Exordium","TheCity","TheBeyond"],"potions_floor_usage":[39],"damage_taken":[{"damage":6.0,"enemies":"Cultist","floor":1.0,"turns":3.0},{"damage":0.0,"enemies":"2 Louse","floor":2.0,"turns":2.0},{"damage":2.0,"enemies":"Small Slimes","floor":3.0,"turns":3.0},{"damage":7.0,"enemies":"Looter","floor":4.0,"turns":3.0},{"damage":41.0,"enemies":"Gremlin Gang","floor":5.0,"turns":4.0},{"damage":24.0,"enemies":"Lagavulin","floor":6.0,"turns":5.0},{"damage":0.0,"enemies":"2 Fungi Beasts","floor":7.0,"turns":2.0},{"damage":3.0,"enemies":"Red Slaver","floor":10.0,"turns":3.0},{"damage":20,"enemies":"Gremlin Nob","floor":11,"turns":4},{"damage":3,"enemies":"Looter","floor":12,"turns":3},{"damage":34,"enemies":"The Guardian","floor":16,"turns":8},{"damage":16,"enemies":"Spheric Guardian","floor":18,"turns":4},{"damage":9,"enemies":"Chosen","floor":22,"turns":5},{"damage":19,"enemies":"Centurion and Healer","floor":25,"turns":4},{"damage":36,"enemies":"Snake Plant","floor":28,"turns":4},{"damage":21,"enemies":"Gremlin Leader","floor":29,"turns":5},{"damage":65,"enemies":"Champ","floor":33,"turns":9},{"damage":13,"enemies":"Orb Walker","floor":35,"turns":3},{"damage":35,"enemies":"3 Darklings","floor":36,"turns":5},{"damage":33,"enemies":"Mind Bloom Boss Battle","floor":39,"turns":7},{"damage":48,"enemies":"Writhing Mass","floor":45,"turns":9},{"damage":85,"enemies":"Time Eater","floor":50,"turns":6}],"seed_played":"-6889223899590277309","potions_obtained":[{"floor":2.0,"key":"Energy Potion"},{"floor":4.0,"key":"PotionOfCapacity"},{"floor":5.0,"key":"FairyPotion"},{"floor":7.0,"key":"SteroidPotion"},{"floor":16,"key":"FearPotion"},{"floor":22,"key":"Energy Potion"},{"floor":34,"key":"DistilledChaos"}],"is_trial":false,"path_per_floor":["M","M","M","M","M","E","M","R","T","M","E","M","?","?","R","B",null,"M","?","T","$","M","R","?","M","T","R","M","E","?","T","R","B",null,"M","M","$","?","?","R","?","R","T","R","M","T","R","?","R","B"],"character_chosen":"DEFECT","items_purchased":["DataDisk","Conserve Battery","Shovel","Lockon+1"],"campfire_rested":7,"item_purchase_floors":[21,21,37,37],"current_hp_per_floor":[76,76,74,67,26,2,2,26,26,23,3,24,17,17,41,7,82,66,66,66,66,57,81,65,46,46,72,36,15,15,22,50,10,99,86,51,51,51,48,48,48,48,48,48,2,2,30,30,58,0,0],"gold":358,"neow_bonus":"TEN_PERCENT_HP_BONUS","is_daily":false,"chose_seed":false,"campfire_upgraded":0,"win_rate":0.0,"timestamp":1613218754,"path_taken":["M","M","M","M","M","E","M","R","T","M","E","M","?","?","R","BOSS","M","?","?","$","?","R","?","M","T","R","M","E","?","?","R","BOSS","M","M","$","?","?","R","?","R","T","R","M","?","R","?","R","BOSS"],"items_purchased_type":["Relic","Card","Relic","Card"],"build_version":"2020-12-22","purchased_purges":0,"victory":false,"max_hp_per_floor":[82,82,82,82,82,82,82,82,82,82,82,82,82,82,82,82,82,82,82,82,82,82,82,87,87,87,87,87,87,87,94,94,94,99,99,99,99,99,99,99,94,94,94,94,94,94,94,94,94,94,94],"card_choices":[{"not_picked":["Turbo","Beam Cell"],"picked":"Sweeping Beam","floor":1.0},{"not_picked":["Coolheaded","Capacitor"],"picked":"Gash","floor":2.0},{"not_picked":["Double Energy","Barrage"],"picked":"Loop","floor":3.0},{"not_picked":["Skim","Reinforced Body"],"picked":"Streamline","floor":4.0},{"not_picked":["Beam Cell","Barrage"],"picked":"Steam","floor":5.0},{"not_picked":["Stack","Reinforced Body"],"picked":"Rainbow","floor":6.0},{"not_picked":["Cold Snap","Hologram"],"picked":"Rebound","floor":7.0},{"not_picked":["Steam Power","Darkness"],"picked":"Redo","floor":10.0},{"not_picked":["Ball Lightning","Chaos"],"picked":"Coolheaded","floor":11},{"not_picked":["Stack","Cold Snap"],"picked":"Ball Lightning","floor":12},{"not_picked":["Thunder Strike","Amplify"],"picked":"Creative AI","floor":16},{"not_picked":["Stack","Coolheaded","Reinforced Body"],"picked":"SKIP","floor":18},{"not_picked":["Glacier","Stack"],"picked":"Doom and Gloom","floor":22},{"not_picked":["Consume","Leap"],"picked":"Sunder","floor":25},{"not_picked":["Sweeping Beam+1","Steam Power+1"],"picked":"Steam+1","floor":28},{"not_picked":["Leap","Coolheaded"],"picked":"Barrage+1","floor":29},{"not_picked":["Multi-Cast","Echo Form"],"picked":"Core Surge+1","floor":33},{"not_picked":["Heatsinks","Sweeping Beam+1"],"picked":"FTL+1","floor":34},{"not_picked":["Redo","Coolheaded+1"],"picked":"Hologram+1","floor":35},{"not_picked":["Aggregate","Compile Driver+1"],"picked":"Capacitor+1","floor":36},{"not_picked":["Sadistic Nature","PanicButton"],"picked":"Discovery","floor":38},{"not_picked":["Hologram+1","Cold Snap+1"],"picked":"Ball Lightning+1","floor":39},{"not_picked":["Redo","Genetic Algorithm"],"picked":"Aggregate+1","floor":45}],"player_experience":383205,"relics_obtained":[{"floor":6.0,"key":"Orichalcum"},{"floor":9.0,"key":"Tiny Chest"},{"floor":11,"key":"Gremlin Horn"},{"floor":20,"key":"Pantograph"},{"floor":26,"key":"Molten Egg 2"},{"floor":29,"key":"Whetstone"},{"floor":31,"key":"Strawberry"},{"floor":39,"key":"Dead Branch"},{"floor":40,"key":"Frozen Egg 2"},{"floor":42,"key":"Ancient Tea Set"},{"floor":43,"key":"Bag of Marbles"},{"floor":44,"key":"Blood Vial"},{"floor":46,"key":"Boot"}],"event_choices":[{"damage_healed":0,"gold_gain":0,"player_choice":"Success","damage_taken":7,"relics_obtained":["Toy Ornithopter"],"max_hp_gain":0,"max_hp_loss":0,"event_name":"Scrap Ooze","floor":13,"gold_loss":0},{"damage_healed":0,"gold_gain":0,"player_choice":"Grow","damage_taken":0,"max_hp_gain":0,"max_hp_loss":0,"event_name":"Living Wall","floor":14,"gold_loss":0,"cards_upgraded":["Loop"]},{"damage_healed":0,"gold_gain":99,"player_choice":"Stole From Cult","damage_taken":0,"max_hp_gain":0,"max_hp_loss":0,"event_name":"Nest","floor":19,"gold_loss":0},{"damage_healed":0,"gold_gain":0,"player_choice":"Shed Blood","damage_taken":21,"max_hp_gain":5,"max_hp_loss":0,"event_name":"Forgotten Altar","floor":24,"gold_loss":0},{"cards_removed":["Defend_B"],"damage_healed":0,"gold_gain":0,"player_choice":"Offered Basic","damage_taken":0,"max_hp_gain":0,"max_hp_loss":0,"event_name":"Bonfire Elementals","floor":30,"gold_loss":0},{"damage_healed":0,"gold_gain":0,"player_choice":"Memory 1","damage_taken":0,"max_hp_gain":0,"max_hp_loss":0,"event_name":"SensoryStone","floor":38,"gold_loss":0},{"damage_healed":0,"gold_gain":0,"player_choice":"Fight","damage_taken":0,"max_hp_gain":0,"max_hp_loss":0,"event_name":"MindBloom","floor":39,"gold_loss":0},{"damage_healed":0,"gold_gain":0,"player_choice":"Max HP","damage_taken":0,"max_hp_gain":0,"max_hp_loss":5,"event_name":"Winding Halls","floor":41,"gold_loss":0},{"damage_healed":0,"gold_gain":0,"player_choice":"Ignored","damage_taken":0,"max_hp_gain":0,"max_hp_loss":0,"event_name":"Mysterious Sphere","floor":48,"gold_loss":0}],"is_beta":false,"boss_relics":[{"not_picked":["Ectoplasm","Cursed Key"],"picked":"Fusion Hammer"},{"not_picked":["Calling Bell","Snecko Eye"],"picked":"Tiny House"}],"items_purged_floors":[],"is_endless":false,"potions_floor_spawned":[2,4,5,7,10,16,22,25,28],"killed_by":"Time Eater","ascension_level":3}}