{"host":"kwyq3wo3fj8d4s27","time":1613180658,"event":{"mods":["BaseMod","Colored Map","Highlight Path","Minty Spire (QoL Compilation)","Shop Mod","StSLib"],"gold_per_floor":[116,82,96,96,559,590,603,615,660,660,683,717,729,756,756,855,855,869,902,902,915,306,316,336,336,384,400,416,449,463,604,604,706,706,724,740,41,41,59,86,103,114,114,482,482,493,493,512,512,512],"floor_reached":51,"language":"ENG","playtime":2274,"items_purged":["Strike_R","Strike_R","Strike_R+1","Strike_R+1","Defend_R","Defend_R","Defend_R+1"],"score":923,"play_id":"fa41562b-4dc6-45a6-af09-425f50aebaa4","local_time":"20210212174418","is_ascension_mode":false,"campfire_choices":[{"data":"Inflame","floor":15,"key":"SMITH"},{"data":"Barricade","floor":25,"key":"SMITH"},{"data":"Inflame","floor":32,"key":"SMITH"},{"data":"Demon Form","floor":47,"key":"SMITH"},{"data":"Juggernaut","floor":49,"key":"SMITH"}],"circlet_count":0,"master_deck":["Bash","Inflame+1","Panache","Entrench","Juggernaut+1","Whirlwind","Barricade+1","Rampage","Apotheosis+1","Inflame+1","Berserk","Inflame+1","Berserk","Double Tap","Berserk","Demon Form+1"],"relics":["Burning Blood","NeowsBlessing","MerchantsRug","Ornamental Fan","OrangePellets","Magic Flower","Shuriken","MealTicket","Vajra","Oddly Smooth Stone","Orichalcum","Black Star","CaptainsWheel","Bag of Preparation","TheAbacus","War Paint","StoneCalendar","PreservedInsect","Strawberry","Nunchaku","Sling","Paper Frog","Lizard Tail","Philosopher\u0027s Stone","HornCleat","Mercury Hourglass","Ancient Tea Set","Molten Egg 2","Anchor","Bottled Tornado","DollysMirror"],"acts_visited":["Exordium","TheCity","TheBeyond"],"potions_floor_usage":[16],"damage_taken":[{"damage":0,"enemies":"2 Louse","floor":1,"turns":1},{"damage":0,"enemies":"Cultist","floor":3,"turns":1},{"damage":0,"enemies":"3 Sentries","floor":6,"turns":3},{"damage":8,"enemies":"Jaw Worm","floor":7,"turns":4},{"damage":14,"enemies":"Exordium Wildlife","floor":8,"turns":4},{"damage":34,"enemies":"Gremlin Nob","floor":12,"turns":5},{"damage":0,"enemies":"Lots of Slimes","floor":13,"turns":1},{"damage":42,"enemies":"Lagavulin","floor":14,"turns":6},{"damage":51,"enemies":"The Guardian","floor":16,"turns":10},{"damage":3,"enemies":"3 Byrds","floor":18,"turns":5},{"damage":5,"enemies":"Shell Parasite","floor":21,"turns":7},{"damage":4,"enemies":"Sentry and Sphere","floor":23,"turns":4},{"damage":28,"enemies":"Centurion and Healer","floor":24,"turns":3},{"damage":21,"enemies":"3 Cultists","floor":27,"turns":3},{"damage":8,"enemies":"Cultist and Chosen","floor":28,"turns":6},{"damage":15,"enemies":"Book of Stabbing","floor":29,"turns":6},{"damage":2,"enemies":"Snecko","floor":30,"turns":5},{"damage":18,"enemies":"Champ","floor":33,"turns":7},{"damage":15,"enemies":"Orb Walker","floor":35,"turns":4},{"damage":47,"enemies":"3 Darklings","floor":36,"turns":4},{"damage":10,"enemies":"Writhing Mass","floor":39,"turns":4},{"damage":0,"enemies":"Giant Head","floor":40,"turns":4},{"damage":15,"enemies":"Spire Growth","floor":41,"turns":3},{"damage":33,"enemies":"4 Shapes","floor":42,"turns":3},{"damage":0,"enemies":"Maw","floor":46,"turns":4},{"damage":12,"enemies":"Sphere and 2 Shapes","floor":48,"turns":3},{"damage":115,"enemies":"Awakened One","floor":50,"turns":6}],"seed_played":"-6887116713574572269","potions_obtained":[{"floor":3,"key":"Swift Potion"},{"floor":4,"key":"DuplicationPotion"},{"floor":13,"key":"Strength Potion"},{"floor":16,"key":"Fruit Juice"}],"is_trial":false,"path_per_floor":["M","$","M","?","$","E","M","M","T","?","T","E","M","E","R","B",null,"M","$","?","M","$","M","M","R","T","M","M","E","M","$","R","B",null,"M","M","$","?","M","E","M","M","T","$","?","M","R","M","R","B",null],"character_chosen":"IRONCLAD","items_purchased":["MerchantsRug","Inflame","Panache","Ornamental Fan","Whetstone","Strange Spoon","Fire Potion","OrangePellets","Magic Flower","Apotheosis","CaptainsWheel","Bag of Preparation","TheAbacus","Block Potion","War Paint","StoneCalendar","Sling","Paper Frog","Lizard Tail","Strength Potion","HornCleat","Mercury Hourglass","Bottled Tornado","DollysMirror"],"campfire_rested":0,"item_purchase_floors":[2,2,2,2,2,2,2,5,5,19,19,19,19,19,22,22,31,31,31,31,37,37,44,44],"current_hp_per_floor":[80,80,80,80,80,80,80,75,75,68,68,66,75,42,42,70,85,85,85,85,85,85,85,66,66,66,54,85,86,92,92,92,83,92,86,92,92,92,91,92,86,62,62,77,77,86,86,83,83,57],"gold":512,"neow_bonus":"THREE_ENEMY_KILL","is_daily":false,"chose_seed":false,"campfire_upgraded":5,"win_rate":0.0,"timestamp":1613180658,"path_taken":["M","$","M","?","?","E","M","?","T","?","?","E","M","E","R","BOSS","M","?","?","M","$","M","?","R","T","M","M","E","M","$","R","BOSS","M","M","$","?","M","E","?","?","T","$","?","M","R","M","R","BOSS"],"items_purchased_type":["Relic","Card","Card","Relic","Relic","Relic","Potion","Relic","Relic","Card","Relic","Relic","Relic","Potion","Relic","Relic","Relic","Relic","Relic","Potion","Relic","Relic","Relic","Relic"],"build_version":"2020-12-22","purchased_purges":7,"victory":true,"max_hp_per_floor":[80,80,80,80,80,80,80,80,80,80,80,80,80,80,80,85,85,85,85,85,85,85,85,85,85,85,85,85,92,92,92,92,92,92,92,92,92,92,92,92,92,92,92,92,92,92,92,92,92,92],"card_choices":[{"not_picked":["Shrug It Off","Infernal Blade","Body Slam"],"picked":"SKIP","floor":1},{"not_picked":["Perfected Strike","Headbutt","Anger"],"picked":"SKIP","floor":3},{"not_picked":["Carnage","Armaments"],"picked":"Entrench","floor":6},{"not_picked":["Whirlwind","Flex"],"picked":"Juggernaut","floor":7},{"not_picked":["Flex","Uppercut","Shockwave"],"picked":"SKIP","floor":8},{"not_picked":["Combust","Thunderclap"],"picked":"Whirlwind","floor":12},{"not_picked":["Rupture","Fire Breathing","Headbutt"],"picked":"SKIP","floor":13},{"not_picked":["Burning Pact","Perfected Strike","Thunderclap"],"picked":"SKIP","floor":14},{"not_picked":["Reaper","Offering"],"picked":"Barricade","floor":16},{"not_picked":["Armaments","Warcry"],"picked":"Rampage","floor":18},{"not_picked":["Whirlwind+1","Combust","Sword Boomerang"],"picked":"SKIP","floor":21},{"not_picked":["Flex","Armaments","Pummel"],"picked":"SKIP","floor":23},{"not_picked":["Thunderclap","Anger+1"],"picked":"Berserk","floor":24},{"not_picked":["True Grit+1","Pommel Strike+1","Power Through"],"picked":"SKIP","floor":27},{"not_picked":["Shrug It Off","Burning Pact","Flex"],"picked":"SKIP","floor":28},{"not_picked":["Rupture","Armaments+1","Feed"],"picked":"SKIP","floor":29},{"not_picked":["Twin Strike","Fire Breathing"],"picked":"Inflame","floor":30},{"not_picked":["Brutality","Corruption"],"picked":"Berserk","floor":33},{"not_picked":["Clothesline","Anger","Cleave+1"],"picked":"SKIP","floor":35},{"not_picked":["Seeing Red+1","Bloodletting","Feel No Pain+1"],"picked":"SKIP","floor":36},{"not_picked":["Perfected Strike+1","Metallicize","Dark Embrace"],"picked":"SKIP","floor":39},{"not_picked":["Entrench","Metallicize","Clothesline+1"],"picked":"SKIP","floor":40},{"not_picked":["True Grit","Seeing Red+1","Hemokinesis+1"],"picked":"SKIP","floor":41},{"not_picked":["Disarm+1","Clash+1","Twin Strike+1"],"picked":"SKIP","floor":42},{"not_picked":["Rampage+1","Shrug It Off"],"picked":"Demon Form","floor":46},{"not_picked":["Body Slam+1","Pummel+1","Thunderclap+1"],"picked":"SKIP","floor":48}],"player_experience":133,"relics_obtained":[{"floor":6,"key":"Shuriken"},{"floor":9,"key":"MealTicket"},{"floor":11,"key":"Vajra"},{"floor":12,"key":"Oddly Smooth Stone"},{"floor":14,"key":"Orichalcum"},{"floor":26,"key":"PreservedInsect"},{"floor":29,"key":"Strawberry"},{"floor":29,"key":"Nunchaku"},{"floor":40,"key":"Ancient Tea Set"},{"floor":40,"key":"Molten Egg 2"},{"floor":43,"key":"Anchor"}],"event_choices":[{"damage_healed":0,"gold_gain":0,"player_choice":"Got Potions","damage_taken":0,"max_hp_gain":0,"max_hp_loss":0,"event_name":"Lab","floor":4,"gold_loss":0},{"cards_removed":["Strike_R"],"damage_healed":0,"gold_gain":0,"player_choice":"Card Removal","damage_taken":7,"max_hp_gain":0,"max_hp_loss":0,"event_name":"Golden Wing","floor":10,"gold_loss":0},{"damage_healed":0,"gold_gain":0,"player_choice":"Copied","damage_taken":0,"max_hp_gain":0,"max_hp_loss":0,"event_name":"Duplicator","floor":20,"gold_loss":0,"cards_obtained":["Inflame"]},{"damage_healed":0,"gold_gain":0,"cards_transformed":["Defend_R"],"player_choice":"Transformed","damage_taken":0,"max_hp_gain":0,"max_hp_loss":0,"event_name":"Transmorgrifier","floor":38,"gold_loss":0,"cards_obtained":["Double Tap"]},{"damage_healed":0,"gold_gain":0,"player_choice":"Ignored","damage_taken":0,"max_hp_gain":0,"max_hp_loss":0,"event_name":"Tomb of Lord Red Mask","floor":45,"gold_loss":0}],"is_beta":false,"boss_relics":[{"not_picked":["Cursed Key","Velvet Choker"],"picked":"Black Star"},{"not_picked":["Busted Crown","Snecko Eye"],"picked":"Philosopher\u0027s Stone"}],"items_purged_floors":[2,5,19,22,31,37,44],"is_endless":false,"potions_floor_spawned":[3,8,12,13,16,21,27,33,36,39,41,48],"ascension_level":0}}