{"host":"04hh9gplt9wkfmr1","time":1613236747,"event":{"mods":["AchievementEnabler","BaseMod","Colored Map","KOR Keyword Fix","Minty Spire (QoL Compilation)","Rare Cards Sparkle","SuperFastMode"],"gold_per_floor":[116,291,305,305,53,53,72,107,134,147,216,216,254,3,3,129,129,154,177,177,190,209,209,260,260,341,256,290,314,314,349,349,477,477,492,319,335,335,668,668,717,717,717,717,120,192,202,212,212,212],"floor_reached":51,"language":"KOR","playtime":1682,"items_purged":["Doubt","Injury","Strike_P"],"score":923,"play_id":"bcbe3ede-3f46-462c-87a0-01a05897179c","local_time":"20210214021907","is_ascension_mode":true,"campfire_choices":[{"data":"DeusExMachina","floor":6.0,"key":"SMITH"},{"floor":15.0,"key":"REST"},{"data":"Devotion","floor":23.0,"key":"SMITH"},{"data":"Devotion","floor":25.0,"key":"SMITH"},{"data":"Establishment","floor":30.0,"key":"SMITH"},{"data":"Omniscience","floor":32.0,"key":"SMITH"},{"data":"DevaForm","floor":40.0,"key":"SMITH"},{"data":"Fasting2","floor":42.0,"key":"SMITH"},{"data":"Strike_P","floor":44.0,"key":"PURGE"},{"data":"BattleHymn","floor":49,"key":"SMITH"}],"circlet_count":0,"master_deck":["Strike_P","Eruption","Vigilance","FlyingSleeves","DeusExMachina+1","SandsOfTime","Protect","Devotion+1","Prostrate+1","Establishment+1","Devotion+1","Worship","Ghostly","Ghostly","Ghostly","Ghostly+1","Ghostly","FlyingSleeves","Prostrate+1","Study","Omniscience+1","DevaForm+1","ReachHeaven+1","WheelKick+1","Vault+1","Fasting2+1","Study+1","BattleHymn+1","Secret Weapon","Alpha","Omniscience+1","Sanctity+1"],"relics":["PureWater","Tiny Chest","Akabeko","Centennial Puzzle","Peace Pipe","Meat on the Bone","Sozu","Regal Pillow","Shuriken","Blood Vial","Strawberry","Ancient Tea Set","Astrolabe","CaptainsWheel","Pear","War Paint","Toxic Egg 2"],"acts_visited":["Exordium","TheCity","TheBeyond"],"potions_floor_usage":[50],"damage_taken":[{"damage":0.0,"enemies":"Small Slimes","floor":1.0,"turns":2.0},{"damage":0.0,"enemies":"2 Louse","floor":3.0,"turns":2.0},{"damage":0.0,"enemies":"Jaw Worm","floor":7.0,"turns":3.0},{"damage":23.0,"enemies":"Lagavulin","floor":8.0,"turns":5.0},{"damage":6.0,"enemies":"Looter","floor":10.0,"turns":3.0},{"damage":17.0,"enemies":"3 Sentries","floor":13.0,"turns":7.0},{"damage":0.0,"enemies":"Slime Boss","floor":16.0,"turns":5.0},{"damage":6.0,"enemies":"Shell Parasite","floor":18.0,"turns":2.0},{"damage":32.0,"enemies":"3 Byrds","floor":19.0,"turns":5.0},{"damage":7.0,"enemies":"3 Cultists","floor":21.0,"turns":7.0},{"damage":2.0,"enemies":"Shelled Parasite and Fungi","floor":22.0,"turns":5.0},{"damage":14.0,"enemies":"Book of Stabbing","floor":28.0,"turns":6.0},{"damage":2.0,"enemies":"Chosen and Byrds","floor":29.0,"turns":5.0},{"damage":0.0,"enemies":"Gremlin Leader","floor":31.0,"turns":7.0},{"damage":6.0,"enemies":"Collector","floor":33.0,"turns":10.0},{"damage":2.0,"enemies":"Orb Walker","floor":35.0,"turns":4.0},{"damage":2.0,"enemies":"3 Shapes","floor":37.0,"turns":6.0},{"damage":3.0,"enemies":"2 Orb Walkers","floor":41.0,"turns":5.0},{"damage":2,"enemies":"Spire Growth","floor":47,"turns":5},{"damage":4,"enemies":"4 Shapes","floor":48,"turns":6},{"damage":18,"enemies":"Donu and Deca","floor":50,"turns":6}],"seed_played":"-5866150476443747300","potions_obtained":[{"floor":7.0,"key":"Strength Potion"},{"floor":8.0,"key":"ColorlessPotion"},{"floor":10.0,"key":"SkillPotion"},{"floor":16.0,"key":"Dexterity Potion"}],"is_trial":false,"path_per_floor":["M","?","M","?","$","R","M","E","T","M","?","?","E","$","R","B",null,"M","M","?","M","M","R","T","R","T","?","E","M","R","E","R","B",null,"M","$","M","$","?","R","?","R","T","R","$","T","M","M","R","B",null],"character_chosen":"WATCHER","items_purchased":["Protect","Tiny Chest","Meat on the Bone","Fasting2","BattleHymn","War Paint","Secret Weapon","Alpha"],"campfire_rested":1,"item_purchase_floors":[5,5,14,36,45,45,45,45],"current_hp_per_floor":[72,72,72,54,54,54,54,31,31,25,25,30,13,13,36,48,77,71,39,38,31,29,29,29,29,29,29,36,36,36,38,38,34,45,43,43,43,43,43,43,42,42,52,52,52,52,52,50,50,34],"gold":212,"neow_bonus":"TRANSFORM_TWO_CARDS","is_daily":false,"chose_seed":false,"campfire_upgraded":8,"win_rate":0.0,"timestamp":1613236747,"path_taken":["M","?","M","?","$","R","M","E","T","M","?","?","E","$","R","BOSS","M","M","?","M","M","R","?","R","T","?","E","M","R","E","R","BOSS","M","$","M","$","?","R","?","R","T","R","$","?","M","M","R","BOSS"],"items_purchased_type":["Card","Relic","Relic","Card","Card","Relic","Card","Card"],"build_version":"2020-12-22","purchased_purges":3,"victory":true,"max_hp_per_floor":[72,72,72,72,72,72,72,72,72,72,72,77,77,77,77,77,77,77,77,38,38,38,38,38,38,38,38,45,45,45,45,45,45,45,45,45,45,45,45,45,45,45,55,55,55,55,55,55,55,55],"card_choices":[{"not_picked":["PathToVictory","CarveReality"],"picked":"SandsOfTime","floor":1.0},{"not_picked":["EmptyBody","ClearTheMind","Wireheading"],"picked":"SKIP","floor":3.0},{"not_picked":["SashWhip","Evaluate","ThirdEye"],"picked":"SKIP","floor":7.0},{"not_picked":["EmptyFist","SandsOfTime"],"picked":"Devotion","floor":8.0},{"not_picked":["SashWhip","EmptyMind"],"picked":"Prostrate","floor":10.0},{"not_picked":["FearNoEvil","Weave"],"picked":"Establishment","floor":13.0},{"not_picked":["Blasphemy","MasterReality"],"picked":"Devotion","floor":16.0},{"not_picked":["Nirvana","FlurryOfBlows+1","ClearTheMind+1"],"picked":"SKIP","floor":18.0},{"not_picked":["ThirdEye+1","Consecrate"],"picked":"Worship","floor":19.0},{"not_picked":["ClearTheMind","Wireheading"],"picked":"FlyingSleeves","floor":21.0},{"not_picked":["Meditate","Consecrate","CutThroughFate"],"picked":"SKIP","floor":22.0},{"not_picked":["ForeignInfluence","PathToVictory"],"picked":"Prostrate+1","floor":28.0},{"not_picked":["Indignation","SignatureMove"],"picked":"Study","floor":29.0},{"not_picked":["ClearTheMind+1","EmptyBody"],"picked":"Omniscience","floor":31.0},{"not_picked":["MasterReality","SpiritShield"],"picked":"DevaForm","floor":33.0},{"not_picked":["Sanctity","SashWhip","EmptyFist+1"],"picked":"SKIP","floor":35.0},{"not_picked":["CrushJoints+1","FlurryOfBlows","WreathOfFlame"],"picked":"SKIP","floor":37.0},{"not_picked":["FlurryOfBlows","ForeignInfluence"],"picked":"Study+1","floor":41.0},{"not_picked":["Prostrate+1","BowlingBash+1"],"picked":"Omniscience+1","floor":47},{"not_picked":["Vengeance+1","Meditate+1"],"picked":"Sanctity+1","floor":48}],"player_experience":156202,"relics_obtained":[{"floor":8.0,"key":"Akabeko"},{"floor":9.0,"key":"Centennial Puzzle"},{"floor":13.0,"key":"Peace Pipe"},{"floor":24.0,"key":"Regal Pillow"},{"floor":26.0,"key":"Shuriken"},{"floor":28.0,"key":"Strawberry"},{"floor":31.0,"key":"Ancient Tea Set"},{"floor":41.0,"key":"CaptainsWheel"},{"floor":43.0,"key":"Pear"},{"floor":46.0,"key":"Toxic Egg 2"}],"event_choices":[{"damage_healed":0.0,"max_hp_gain":0.0,"max_hp_loss":0.0,"gold_gain":175.0,"event_name":"Liars Game","player_choice":"AGREE","floor":2.0,"gold_loss":0.0,"damage_taken":0.0,"cards_obtained":["Doubt"]},{"damage_healed":0.0,"max_hp_gain":0.0,"max_hp_loss":0.0,"gold_gain":0.0,"event_name":"Golden Idol","player_choice":"Take Damage","floor":4.0,"gold_loss":0.0,"damage_taken":18.0,"relics_obtained":["Golden Idol"]},{"damage_healed":0.0,"max_hp_gain":0.0,"max_hp_loss":0.0,"gold_gain":69.0,"event_name":"Golden Wing","player_choice":"Gained Gold","floor":11.0,"gold_loss":0.0,"damage_taken":0.0},{"damage_healed":0.0,"max_hp_gain":5.0,"max_hp_loss":0.0,"gold_gain":0.0,"event_name":"Big Fish","player_choice":"Donut","floor":12.0,"gold_loss":0.0,"damage_taken":0.0},{"damage_healed":0.0,"max_hp_gain":0.0,"max_hp_loss":39.0,"gold_gain":0.0,"event_name":"Ghosts","player_choice":"Became a Ghost","floor":20.0,"gold_loss":0.0,"damage_taken":0.0,"cards_obtained":["Ghostly","Ghostly","Ghostly","Ghostly","Ghostly"]},{"damage_healed":0.0,"max_hp_gain":0.0,"max_hp_loss":0.0,"gold_gain":0.0,"event_name":"Addict","player_choice":"Obtained Relic","floor":27.0,"gold_loss":85.0,"damage_taken":0.0,"relics_obtained":["Blood Vial"]},{"damage_healed":0.0,"max_hp_gain":0.0,"max_hp_loss":0.0,"gold_gain":333.0,"event_name":"The Moai Head","player_choice":"Gave Idol","floor":39.0,"relics_lost":["Golden Idol"],"gold_loss":0.0,"damage_taken":0.0},{"damage_healed":0.0,"max_hp_gain":0.0,"max_hp_loss":0.0,"gold_gain":0.0,"event_name":"Mysterious Sphere","player_choice":"Fight","floor":41.0,"gold_loss":0.0,"damage_taken":0.0}],"is_beta":false,"boss_relics":[{"not_picked":["Runic Pyramid","VioletLotus"],"picked":"Sozu"},{"not_picked":["Runic Dome","Fusion Hammer"],"picked":"Astrolabe"}],"items_purged_floors":[5,36,45],"is_endless":false,"potions_floor_spawned":[7,8,10,16,18,21,22,31,35,37,48],"ascension_level":3}}