{"host":"a3wpq7kyokchzawk","time":1613183854,"event":{"mods":["BaseMod","Colored Map","Highlight Path","Minty Spire (QoL Compilation)","Permanent Neow","Potion Indicator Mod","Relic Stats","Weighted Paths"],"gold_per_floor":[365,10,29,46,66,66,99,116,116,134,5,32,0,32,32,109,109,123,123,142,142,57,87,87,113,136,86,97,117,117,149,149,221,221,232,232,232],"floor_reached":36,"language":"ENG","playtime":3606,"items_purged":["Strike_G"],"score":914,"play_id":"30b3cb81-d507-49a7-9f53-69be3308549c","local_time":"20210213003734","is_ascension_mode":true,"campfire_choices":[{"data":"Apotheosis","floor":6.0,"key":"SMITH"},{"data":"Terror","floor":15.0,"key":"SMITH"},{"data":"Wraith Form v2","floor":24.0,"key":"SMITH"},{"data":"Calculated Gamble","floor":30.0,"key":"SMITH"},{"data":"Burst","floor":32.0,"key":"SMITH"}],"circlet_count":0,"master_deck":["AscendersBane","Strike_G","Strike_G","Strike_G","Strike_G","Defend_G","Defend_G","Defend_G","Defend_G","Defend_G","Survivor","Neutralize","Dagger Spray","Apotheosis+1","Deadly Poison","Predator","Cloak And Dagger","Terror+1","PiercingWail","Crippling Poison","Dodge and Roll","Blade Dance","Wraith Form v2+1","Blade Dance+1","Catalyst","Ghostly","Ghostly","Ghostly","Finisher+1","Dodge and Roll","Calculated Gamble+1","Burst+1","Venomology","Cloak And Dagger"],"relics":["Ring of the Snake","Art of War","Calipers","Mercury Hourglass","MealTicket","Letter Opener","Sozu","Paper Crane","Lantern","Regal Pillow","Smiling Mask","Anchor","WristBlade"],"acts_visited":["Exordium","TheCity","TheBeyond"],"potions_floor_usage":[],"damage_taken":[{"damage":7.0,"enemies":"Cultist","floor":1.0,"turns":5.0},{"damage":0.0,"enemies":"2 Louse","floor":3.0,"turns":3.0},{"damage":0.0,"enemies":"Jaw Worm","floor":4.0,"turns":3.0},{"damage":12.0,"enemies":"Large Slime","floor":5.0,"turns":6.0},{"damage":6.0,"enemies":"Gremlin Nob","floor":7.0,"turns":3.0},{"damage":5.0,"enemies":"Blue Slaver","floor":8.0,"turns":4.0},{"damage":0.0,"enemies":"Looter","floor":10.0,"turns":2.0},{"damage":8.0,"enemies":"3 Sentries","floor":14.0,"turns":5.0},{"damage":12.0,"enemies":"Hexaghost","floor":16.0,"turns":9.0},{"damage":0.0,"enemies":"3 Byrds","floor":18.0,"turns":3.0},{"damage":2.0,"enemies":"2 Thieves","floor":20.0,"turns":4.0},{"damage":3.0,"enemies":"Slavers","floor":23.0,"turns":6.0},{"damage":1.0,"enemies":"Book of Stabbing","floor":25.0,"turns":4.0},{"damage":7.0,"enemies":"Chosen and Byrds","floor":28.0,"turns":5.0},{"damage":1.0,"enemies":"Centurion and Healer","floor":29.0,"turns":6.0},{"damage":0.0,"enemies":"Gremlin Leader","floor":31.0,"turns":5.0},{"damage":12.0,"enemies":"Automaton","floor":33.0,"turns":10.0},{"damage":0,"enemies":"3 Darklings","floor":35,"turns":5},{"damage":35,"enemies":"2 Orb Walkers","floor":36,"turns":3}],"seed_played":"5145339476967642477","potions_obtained":[{"floor":3.0,"key":"Dexterity Potion"},{"floor":8.0,"key":"EssenceOfSteel"},{"floor":10.0,"key":"Poison Potion"},{"floor":14.0,"key":"PowerPotion"}],"is_trial":false,"path_per_floor":["M","$","M","M","M","R","E","M","T","M","$","T","?","E","R","B",null,"M","?","M","?","?","E","R","E","T","$","M","M","R","E","R","B",null,"M","?"],"character_chosen":"THE_SILENT","items_purchased":["Apotheosis","Art of War","Crippling Poison","Dodge and Roll"],"campfire_rested":0,"item_purchase_floors":[2,2,11,11],"current_hp_per_floor":[52,52,52,52,40,40,34,29,29,29,29,29,29,21,21,9,47,47,47,45,30,30,27,27,26,26,30,23,22,22,22,22,10,25,25,0,0],"gold":232,"neow_bonus":"TWO_FIFTY_GOLD","is_daily":false,"chose_seed":false,"campfire_upgraded":5,"win_rate":0.0,"timestamp":1613183854,"path_taken":["M","$","M","M","M","R","E","M","T","?","$","?","?","E","R","BOSS","M","?","M","?","?","E","R","E","T","?","M","M","R","E","R","BOSS","M","?"],"items_purchased_type":["Card","Relic","Card","Card"],"build_version":"2020-12-22","purchased_purges":1,"victory":false,"max_hp_per_floor":[60,60,60,60,60,60,60,60,60,60,60,60,60,60,60,60,60,60,60,60,30,30,30,30,30,30,30,30,30,30,30,30,30,30,30,30,30],"relic_stats":{"Sozu":4,"Regal Pillow":0,"counters":[19,91],"MealTicket":4,"Art of War":[15],"Letter Opener":[192],"Smiling Mask":25,"obtain_stats":[{"Lantern":23,"Regal Pillow":25,"Calipers":7,"Letter Opener":14,"Paper Crane":22,"Smiling Mask":26,"Mercury Hourglass":9,"Sozu":17,"Anchor":31,"WristBlade":34,"MealTicket":12,"Art of War":2,"Ring of the Snake":0},{"Lantern":12,"Regal Pillow":13,"Calipers":5,"Letter Opener":8,"Paper Crane":11,"Smiling Mask":13,"Mercury Hourglass":6,"Sozu":9,"Anchor":16,"WristBlade":17,"MealTicket":7,"Art of War":1,"Ring of the Snake":0},{"Lantern":53,"Regal Pillow":57,"Calipers":20,"Letter Opener":31,"Paper Crane":47,"Smiling Mask":57,"Mercury Hourglass":24,"Sozu":40,"Anchor":73,"WristBlade":83,"MealTicket":26,"Art of War":5,"Ring of the Snake":0}],"Ring of the Snake":[38],"Mercury Hourglass":[339]},"card_choices":[{"not_picked":["Bane","Deadly Poison"],"picked":"Dagger Spray","floor":1.0},{"not_picked":["Dagger Spray","Dash"],"picked":"Deadly Poison","floor":3.0},{"not_picked":["Blur","Skewer"],"picked":"Predator","floor":4.0},{"not_picked":["Quick Slash","Dagger Spray"],"picked":"Cloak And Dagger","floor":5.0},{"not_picked":["Leg Sweep","Backstab"],"picked":"Terror","floor":7.0},{"not_picked":["Dash","Backflip"],"picked":"PiercingWail","floor":8.0},{"not_picked":["Deadly Poison","Accuracy","Slice"],"picked":"SKIP","floor":10.0},{"not_picked":["Finisher","Deflect"],"picked":"Blade Dance","floor":14.0},{"not_picked":["Phantasmal Killer","Grand Finale"],"picked":"Wraith Form v2","floor":16.0},{"not_picked":["Eviscerate","Deflect"],"picked":"Blade Dance+1","floor":18.0},{"not_picked":["Cloak And Dagger","Poisoned Stab"],"picked":"Catalyst","floor":20.0},{"not_picked":["Concentrate","Deflect"],"picked":"Finisher+1","floor":23.0},{"not_picked":["Endless Agony","Riddle With Holes"],"picked":"Dodge and Roll","floor":25.0},{"not_picked":["Skewer","Choke","Eviscerate"],"picked":"SKIP","floor":28.0},{"not_picked":["Leg Sweep","Crippling Poison"],"picked":"Calculated Gamble","floor":29.0},{"not_picked":["Acrobatics","Blade Dance"],"picked":"Burst","floor":31.0},{"not_picked":["Malaise","Night Terror"],"picked":"Venomology","floor":33.0},{"not_picked":["Dagger Throw","Masterful Stab+1"],"picked":"Cloak And Dagger","floor":35}],"player_experience":2703102,"relics_obtained":[{"floor":7.0,"key":"Calipers"},{"floor":9.0,"key":"Mercury Hourglass"},{"floor":12.0,"key":"MealTicket"},{"floor":14.0,"key":"Letter Opener"},{"floor":23.0,"key":"Lantern"},{"floor":25.0,"key":"Regal Pillow"},{"floor":26.0,"key":"Smiling Mask"},{"floor":31.0,"key":"Anchor"}],"event_choices":[{"damage_healed":0.0,"max_hp_gain":0.0,"max_hp_loss":0.0,"gold_gain":0.0,"event_name":"World of Goop","player_choice":"Left Gold","floor":13.0,"gold_loss":32.0,"damage_taken":0.0},{"damage_healed":0.0,"max_hp_gain":0.0,"max_hp_loss":0.0,"gold_gain":0.0,"event_name":"The Mausoleum","player_choice":"Ignored","floor":19.0,"gold_loss":0.0,"damage_taken":0.0},{"damage_healed":0.0,"max_hp_gain":0.0,"max_hp_loss":30.0,"gold_gain":0.0,"event_name":"Ghosts","player_choice":"Became a Ghost","floor":21.0,"gold_loss":0.0,"damage_taken":0.0,"cards_obtained":["Ghostly","Ghostly","Ghostly"]},{"damage_healed":0.0,"max_hp_gain":0.0,"max_hp_loss":0.0,"gold_gain":0.0,"event_name":"Addict","player_choice":"Obtained Relic","floor":22.0,"gold_loss":85.0,"damage_taken":0.0,"relics_obtained":["Paper Crane"]},{"damage_healed":0,"gold_gain":0,"player_choice":"Fight","damage_taken":0,"max_hp_gain":0,"max_hp_loss":0,"event_name":"Mysterious Sphere","floor":36,"gold_loss":0}],"is_beta":false,"boss_relics":[{"not_picked":["Runic Pyramid","Empty Cage"],"picked":"Sozu"},{"not_picked":["Runic Dome","Calling Bell"],"picked":"WristBlade"}],"items_purged_floors":[27],"is_endless":false,"potions_floor_spawned":[3,8,10,14,23,29,31],"killed_by":"2 Orb Walkers","ascension_level":20}}