{"host":"er8s5flrc5z1a07t","time":1613184947,"event":{"mods":["2.2 Compatiblity","Act Like it!","Aspiration","Bard","BaseMod","Better Note","Better Third Choice","Downfall","Duelist Mod","Elementarium","Energized Spire","GifTheSpireLib","Googly Eyes","Hermit","Hubris","Infinite Spire","Minty Spire (QoL Compilation)","Relic Stats","Replay The Spire","Shop Mod","StSLib","Stuff the Spire","Synergy Search","The Cursed"],"gold_per_floor":[369,387,397,195,195,213,244,244,271,387,404,512,165,181,181,286,286,298,223,243,243,260,372,372,472,472,604,604,604,618,637,637,734,734,754,321,333,333,333,457,457,474,498,498,512,537,537,587,587,688,688,693,696,696,696,696,696,704,754,777,892,892,856,856],"floor_reached":63,"language":"ENG","playtime":4206,"items_purged":["Strike_P","Strike_P","theDuelist:SummoningCurse","Defend_P"],"score":1233,"play_id":"6822ed42-721a-4c5e-97d4-8fd8217d417c","local_time":"20210212215547","is_ascension_mode":true,"campfire_choices":[{"floor":8,"key":"REST"},{"floor":15,"key":"DIG"},{"floor":24,"key":"REST"},{"data":"TalkToTheHand","floor":32,"key":"SMITH"},{"data":"StuffTheSpire:BrainWave","floor":44,"key":"SMITH"},{"data":"Establishment","floor":49,"key":"SMITH"},{"data":"bard:Sonata","floor":57,"key":"SMITH"}],"circlet_count":0,"master_deck":["Defend_P","Eruption+1","Vigilance+1","BowlingBash+1","ForeignInfluence+1","EmptyBody","Replay:ManipulateFuture","Weave+1","Wireheading","Replay:BluntJabs+1","Tantrum+1","Devotion+1","CutThroughFate","LessonLearned","Evaluate+1","Protect+1","TalkToTheHand+1","ForeignInfluence+1","WheelKick+1","Establishment+1","bard:Balestra+1","StuffTheSpire:BrainWave+1","bard:DiscordantVoice","Replay:AtTheReady+1","bard:Haste+1","bard:Sonata+1","hubris:Fate","Steam","bard:Silence"],"relics":["HolyWater","Replay:Wax Seal","Pet Ghost","StuffTheSpire:TintedRock","Boot","Pocketwatch","infinitespire:Beetle Shell","TheAbacus","InkBottle","infinitespire:Cupcake","Blood Vial","aspiration:HatOfInfinitePower","Yang","Juzu Bracelet","Replay:Mystery Machine","aspiration:BardSkillbook","Replay:Towering Pillar of Hats","Sundial","PreservedInsect","ReplayTheSpireMod:CursedCoin","MerchantsRug","hubris:Towel","CaptainsWheel","Cauldron","hubris:Icosahedron","Letter Opener","Orichalcum","aspiration:FetidBarrel"],"acts_visited":["Exordium","TheCity","TheBeyond","Exordium"],"potions_floor_usage":[12,12,16,16,23,33,37],"damage_taken":[{"damage":0,"enemies":"Cultist","floor":1,"turns":3},{"damage":6,"enemies":"Jaw Worm","floor":2,"turns":4},{"damage":0,"enemies":"2 Louse","floor":3,"turns":1},{"damage":2,"enemies":"2 Fungi Beasts","floor":6,"turns":4},{"damage":20,"enemies":"Lagavulin","floor":7,"turns":6},{"damage":5,"enemies":"Replay:BlueRogue","floor":10,"turns":4},{"damage":0,"enemies":"Exordium Wildlife","floor":11,"turns":2},{"damage":12,"enemies":"3 Sentries","floor":12,"turns":4},{"damage":0,"enemies":"Exordium Thugs","floor":14,"turns":2},{"damage":4,"enemies":"Hexaghost","floor":16,"turns":5},{"damage":0,"enemies":"3 Byrds","floor":18,"turns":3},{"damage":0,"enemies":"Chosen","floor":20,"turns":3},{"damage":3,"enemies":"Snake Plant","floor":22,"turns":3},{"damage":41,"enemies":"Slavers","floor":23,"turns":4},{"damage":0,"enemies":"theDuelist:KaibaA2","floor":25,"turns":3},{"damage":0,"enemies":"Nightmare","floor":27,"turns":11},{"damage":0,"enemies":"Sentry and Sphere","floor":30,"turns":3},{"damage":0,"enemies":"Snecko","floor":31,"turns":2},{"damage":9,"enemies":"Collector","floor":33,"turns":6},{"damage":6,"enemies":"3 Shapes","floor":35,"turns":2},{"damage":2,"enemies":"3 Darklings","floor":37,"turns":3},{"damage":0,"enemies":"R_Hoarder","floor":40,"turns":4},{"damage":0,"enemies":"Sphere and 2 Shapes","floor":42,"turns":2},{"damage":0,"enemies":"Jaw Worm Horde","floor":45,"turns":3},{"damage":0,"enemies":"Mind Bloom Boss Battle","floor":48,"turns":3},{"damage":4,"enemies":"Awakened One","floor":50,"turns":6},{"damage":0,"enemies":"Small Slimes","floor":52,"turns":2},{"damage":0,"enemies":"Cultist","floor":53,"turns":3},{"damage":14,"enemies":"2 Louse","floor":58,"turns":2},{"damage":0,"enemies":"Lagavulin Event","floor":59,"turns":2},{"damage":0,"enemies":"3 Sentries","floor":61,"turns":3},{"damage":76,"enemies":"Nightmare","floor":63,"turns":5}],"seed_played":"2390595723362534581","potions_obtained":[{"floor":2,"key":"Death Potion"},{"floor":3,"key":"BlessingOfTheForge"},{"floor":6,"key":"SkillPotion"},{"floor":12,"key":"BlessingOfTheForge"},{"floor":14,"key":"CultistPotion"},{"floor":16,"key":"Strength Potion"},{"floor":22,"key":"Languid Potion"},{"floor":30,"key":"Guardian:BlockOnCardUsePotion"},{"floor":33,"key":"Elixir"},{"floor":40,"key":"Energy Potion"},{"floor":42,"key":"DuplicationPotion"},{"floor":54,"key":"Ambrosia"},{"floor":54,"key":"Ambrosia"}],"is_trial":false,"path_per_floor":["M","M","M","$","?","M","E","R","T","E","M","E","$","M","R","B",null,"M","?","M","?","M","E","R","E","T","NM","AVR","?","M","M","R","B",null,"M","$","M","?","T","E","?","M","T","R","M","$","?","?","R","B",null,"M","M","AVR","?","?","R","M","?","T","E","?","NM"],"character_chosen":"WATCHER","items_purchased":["Replay:Wax Seal","Replay:ManipulateFuture","infinitespire:Beetle Shell","TheAbacus","CutThroughFate","aspiration:Nostalgia","Replay:Towering Pillar of Hats","ReplayTheSpireMod:CursedCoin","MerchantsRug"],"campfire_rested":2,"item_purchase_floors":[4,4,13,13,13,36,36,46,46],"current_hp_per_floor":[51,45,45,45,38,36,16,37,37,32,32,20,20,20,20,16,58,58,58,58,58,55,14,35,37,37,39,39,39,41,43,43,36,63,59,59,59,59,59,71,71,73,73,73,74,74,74,74,74,70,73,74,74,74,74,74,74,60,62,62,64,69,0,0],"gold":856,"neow_bonus":"TWO_FIFTY_GOLD","is_daily":false,"chose_seed":false,"campfire_upgraded":4,"win_rate":0.0,"timestamp":1613184947,"path_taken":["M","?","M","$","?","M","E","R","T","E","M","E","$","M","R","BOSS","M","?","M","?","M","E","R","E","T","NM","AVR","?","M","M","R","BOSS","M","$","M","?","?","E","?","M","T","R","M","$","?","?","R","BOSS","M","M","AVR","?","?","R","M","?","T","E","?","NM"],"items_purchased_type":["Relic","Card","Relic","Relic","Card","Relic","Relic","Relic","Relic"],"build_version":"2020-12-22","purchased_purges":4,"victory":false,"max_hp_per_floor":[72,72,72,72,72,72,72,72,72,72,72,72,72,72,72,72,72,72,72,72,72,72,72,72,72,72,72,72,72,72,72,72,72,72,72,72,72,72,72,82,74,74,74,74,74,74,74,74,74,74,74,74,74,74,74,74,74,74,74,74,74,79,79,79],"relic_stats":{"counters":[32,113],"Yang":[185],"PreservedInsect":229,"Juzu Bracelet":3,"Letter Opener":[30],"Orichalcum":[6],"Boot":[181],"Blood Vial":26,"TheAbacus":[72],"Sundial":[2],"obtain_stats":[{"Yang":26,"Juzu Bracelet":27,"Replay:Mystery Machine":28,"aspiration:BardSkillbook":34,"Boot":10,"Pet Ghost":7,"Blood Vial":23,"TheAbacus":13,"hubris:Icosahedron":56,"Sundial":39,"theDuelist:CardPoolOptionsRelic":36,"Replay:Wax Seal":4,"InkBottle":15,"StuffTheSpire:TintedRock":9,"MerchantsRug":46,"Pear":40,"Replay:Towering Pillar of Hats":36,"aspiration:Nostalgia":36,"ReplayTheSpireMod:CursedCoin":46,"aspiration:FetidBarrel":61,"infinitespire:Beetle Shell":13,"PreservedInsect":43,"Letter Opener":59,"hubris:Towel":47,"Orichalcum":60,"Cauldron":54,"CaptainsWheel":48,"HolyWater":51,"PureWater":0,"aspiration:HatOfInfinitePower":25,"Pocketwatch":12,"infinitespire:Cupcake":17},{"Yang":15,"Juzu Bracelet":16,"Replay:Mystery Machine":16,"aspiration:BardSkillbook":19,"Boot":6,"Pet Ghost":5,"Blood Vial":14,"TheAbacus":8,"hubris:Icosahedron":28,"Sundial":21,"theDuelist:CardPoolOptionsRelic":20,"Replay:Wax Seal":3,"InkBottle":9,"StuffTheSpire:TintedRock":5,"MerchantsRug":24,"Pear":22,"Replay:Towering Pillar of Hats":20,"aspiration:Nostalgia":20,"ReplayTheSpireMod:CursedCoin":24,"aspiration:FetidBarrel":31,"infinitespire:Beetle Shell":8,"PreservedInsect":23,"Letter Opener":30,"hubris:Towel":24,"Orichalcum":30,"Cauldron":28,"CaptainsWheel":25,"HolyWater":26,"PureWater":0,"aspiration:HatOfInfinitePower":15,"Pocketwatch":8,"infinitespire:Cupcake":10},{"Yang":51,"Juzu Bracelet":62,"Replay:Mystery Machine":62,"aspiration:BardSkillbook":73,"Boot":22,"Pet Ghost":18,"Blood Vial":48,"TheAbacus":28,"hubris:Icosahedron":101,"Sundial":78,"theDuelist:CardPoolOptionsRelic":75,"Replay:Wax Seal":8,"InkBottle":30,"StuffTheSpire:TintedRock":18,"MerchantsRug":87,"Pear":82,"Replay:Towering Pillar of Hats":75,"aspiration:Nostalgia":75,"ReplayTheSpireMod:CursedCoin":87,"aspiration:FetidBarrel":108,"infinitespire:Beetle Shell":28,"PreservedInsect":84,"Letter Opener":105,"hubris:Towel":87,"Orichalcum":105,"Cauldron":101,"CaptainsWheel":90,"HolyWater":96,"PureWater":0,"aspiration:HatOfInfinitePower":51,"Pocketwatch":28,"infinitespire:Cupcake":35}],"InkBottle":[43],"Pocketwatch":[35]},"card_choices":[{"not_picked":["Pray","Study"],"picked":"BowlingBash","floor":1},{"not_picked":["SignatureMove","EmptyBody"],"picked":"ForeignInfluence","floor":2},{"not_picked":["Meditate","Protect"],"picked":"EmptyBody","floor":3},{"not_picked":["Protect","Prostrate"],"picked":"Weave","floor":6},{"not_picked":["ThirdEye","BowlingBash"],"picked":"Wireheading","floor":7},{"not_picked":["Fasting2","FollowUp"],"picked":"Replay:BluntJabs","floor":10},{"not_picked":["Evaluate","WindmillStrike"],"picked":"Tantrum","floor":11},{"not_picked":["Omniscience","Worship"],"picked":"Devotion","floor":12},{"not_picked":["Pray","CrushJoints"],"picked":"FlyingSleeves","floor":14},{"not_picked":["MasterReality","Devotion"],"picked":"LessonLearned","floor":16},{"not_picked":["EmptyFist","Swivel"],"picked":"Evaluate+1","floor":18},{"not_picked":["FlyingSleeves","SashWhip"],"picked":"Protect+1","floor":20},{"not_picked":["CutThroughFate","Replay:Hum"],"picked":"TalkToTheHand","floor":22},{"not_picked":["ReachHeaven+1","SashWhip"],"picked":"ForeignInfluence+1","floor":23},{"not_picked":["Evaluate","Replay:ManipulateFuture","EmptyFist"],"picked":"SKIP","floor":25},{"not_picked":["Replay:ManipulateFuture","MentalFortress","FlurryOfBlows"],"picked":"SKIP","floor":27},{"not_picked":["CutThroughFate+1","FlurryOfBlows+1","WindmillStrike"],"picked":"SKIP","floor":30},{"not_picked":["Replay:Battleflow+1","SashWhip+1"],"picked":"WheelKick+1","floor":31},{"not_picked":["Brilliance","Omniscience"],"picked":"Establishment","floor":33},{"not_picked":["WindmillStrike","Nirvana","bard:QuickSong","Worship"],"picked":"SKIP","floor":35},{"not_picked":["Consecrate+1","bard:StudiedStrike","bard:PhantasmalForce+1"],"picked":"bard:Balestra","floor":37},{"not_picked":["Halt+1","bard:BestowCurse+1","FlurryOfBlows","bard:FaerieFire+1"],"picked":"SKIP","floor":40},{"not_picked":["bard:StudiedStrike","FlurryOfBlows","FollowUp+1"],"picked":"bard:DiscordantVoice","floor":42},{"not_picked":["EmptyBody+1","bard:Greatness","bard:PhantasmalForce"],"picked":"Replay:AtTheReady+1","floor":45},{"not_picked":["bard:MnemonicVestments","bard:Shifting","Ragnarok"],"picked":"bard:Haste","floor":50},{"not_picked":["bard:LingeringEcho","bard:LifeDrain","TalkToTheHand","bard:Gamble"],"picked":"SKIP","floor":52},{"not_picked":["FlyingSleeves","bard:GreaterMagicWeapon","Swivel"],"picked":"bard:Sonata","floor":53},{"not_picked":["bard:PhantasmalForce","bard:HideousLaughter","bard:CuttingWords"],"picked":"bard:Silence","floor":58},{"not_picked":["EmptyBody","bard:FirstStrike","ThirdEye","PathToVictory"],"picked":"SKIP","floor":61}],"player_experience":1168526,"relics_obtained":[{"floor":7,"key":"Pet Ghost"},{"floor":9,"key":"StuffTheSpire:TintedRock"},{"floor":10,"key":"Boot"},{"floor":12,"key":"Pocketwatch"},{"floor":15,"key":"InkBottle"},{"floor":23,"key":"Blood Vial"},{"floor":25,"key":"aspiration:HatOfInfinitePower"},{"floor":26,"key":"Yang"},{"floor":27,"key":"Juzu Bracelet"},{"floor":39,"key":"Sundial"},{"floor":40,"key":"Pear"},{"floor":43,"key":"PreservedInsect"},{"floor":48,"key":"CaptainsWheel"},{"floor":59,"key":"Letter Opener"},{"floor":60,"key":"Orichalcum"},{"floor":61,"key":"aspiration:FetidBarrel"}],"event_choices":[{"cards_removed":["Strike_P"],"damage_healed":0,"gold_gain":0,"player_choice":"Card Removal","damage_taken":7,"max_hp_gain":0,"max_hp_loss":0,"event_name":"Golden Wing","floor":5,"gold_loss":0},{"cards_removed":["Strike_P"],"damage_healed":0,"gold_gain":0,"player_choice":"Gave Gold","damage_taken":0,"max_hp_gain":0,"max_hp_loss":0,"event_name":"Beggar","floor":19,"gold_loss":75},{"cards_removed":["Defend_P"],"damage_healed":0,"gold_gain":0,"player_choice":"Purged","damage_taken":0,"max_hp_gain":0,"max_hp_loss":0,"event_name":"Purifier","floor":29,"gold_loss":0},{"cards_removed":["FlyingSleeves"],"damage_healed":0,"gold_gain":0,"player_choice":"Removed Attack","damage_taken":0,"max_hp_gain":0,"max_hp_loss":0,"event_name":"Falling","floor":38,"gold_loss":0},{"damage_healed":0,"gold_gain":0,"player_choice":"Fight","damage_taken":0,"max_hp_gain":0,"max_hp_loss":0,"event_name":"MindBloom","floor":48,"gold_loss":0},{"damage_healed":0,"gold_gain":30,"player_choice":"Searched \u00272\u0027 times","damage_taken":0,"max_hp_gain":0,"max_hp_loss":0,"event_name":"Dead Adventurer","floor":59,"gold_loss":0},{"damage_healed":0,"gold_gain":0,"player_choice":"Donut","damage_taken":0,"max_hp_gain":5,"max_hp_loss":0,"event_name":"Big Fish","floor":62,"gold_loss":0}],"is_beta":false,"boss_relics":[{"not_picked":["hubris:HollowSoul","energizedSpire:RedRose"],"picked":"infinitespire:Cupcake"},{"not_picked":["hubris:Stopwatch","Velvet Choker"],"picked":"aspiration:BardSkillbook"},{"not_picked":["aspiration:PoetsPen_weak","Sozu"],"picked":"HolyWater"}],"items_purged_floors":[4,28,46,54],"is_endless":true,"potions_floor_spawned":[2,3,6,12,14,16,22,30,33,40,42,53,61],"killed_by":"Nightmare","ascension_level":5}}