{"host":"mb4j77vqrnqglrk8","time":1613220482,"event":{"mods":["BaseMod","Downfall","Minty Spire (QoL Compilation)","StSLib"],"gold_per_floor":[99,111,123,141,141,170,170,185,185,198,123,135,85,99,114,215,215,165,183,183,183,197,216,216,216,216,216,66,83,33,61,80,178,178,28,41,55,72,57,82,82,82,93,43,43,43,56,67,67],"floor_reached":50,"language":"ENG","playtime":3064,"items_purged":[],"score":823,"play_id":"f7901c71-5eb6-4f01-9311-5b6d5f303298","local_time":"20210213234802","is_ascension_mode":false,"campfire_choices":[{"data":"Slimebound:Split","floor":1,"key":"SMITH"},{"data":"Slimebound:Nibble","floor":9,"key":"SMITH"},{"floor":13,"key":"REST"},{"floor":18,"key":"RECALL"},{"data":"Slimebound:CorrosiveSpit","floor":28,"key":"SMITH"},{"data":"Slimebound:SamplingLick","floor":30,"key":"SMITH"},{"data":"Slimebound:Nibble","floor":35,"key":"SMITH"},{"data":"Slimebound:SlimeBarrage","floor":44,"key":"SMITH"},{"data":"Slimebound:WasteNot","floor":46,"key":"SMITH"}],"circlet_count":0,"master_deck":["Slimebound:Tackle","Slimebound:Defend_Slimebound","Slimebound:Defend_Slimebound","Slimebound:Defend_Slimebound","Slimebound:Defend_Slimebound","Slimebound:Split+1","Slimebound:CorrosiveSpit+1","Injury","Slimebound:HauntingLick","Slimebound:Dissolve","Slimebound:Nibble+1","Slimebound:SlimeSpikes","Slimebound:SplitLeeching","Slimebound:GoopSpray","Slimebound:SpikyOuterGoop","Slimebound:LeechEnergy","Slimebound:SamplingLick+1","Slimebound:RallyTheTroops+1","Slimebound:HauntingLick+1","Bite","Bite","Bite","Bite","Bite+1","Slimebound:ItLooksTasty+1","Slimebound:DisruptingSlam+1","Clumsy","downfall:Bewildered","Pride","Slimebound:LeechingTouch+1","Slimebound:Nibble+1","Slimebound:Prepare+1","Slimebound:WasteNot+1","Slimebound:ItLooksTasty+1","Slimebound:SlimeBarrage+1","Slimebound:SplitMire+1","downfall:Aged","Regret","Parasite","Slimebound:Prepare+1"],"relics":["Slimebound:AbsorbEndCombat","Gambling Chip","Slimebound:MaxSlimesRelic","Matryoshka","Shuriken","Bottled Flame","Slimebound:GreedOozeRelic","Cursed Key","Whetstone","Strawberry","sneckomod:BabySnecko","Lantern","downfall:HeartBlessingRed","Tiny Chest","Busted Crown","downfall:HeartBlessingGreen","Pantograph","Gremlin Horn","downfall:TeleportStone"],"acts_visited":["Exordium","TheCity","TheBeyond"],"potions_floor_usage":[6,16,16,16,31,33,33,38,49],"damage_taken":[{"damage":3,"enemies":"Jaw Worm","floor":2,"turns":4},{"damage":5,"enemies":"Small Slimes","floor":3,"turns":3},{"damage":0,"enemies":"Cultist","floor":4,"turns":3},{"damage":6,"enemies":"Gremlin Nob","floor":6,"turns":3},{"damage":6,"enemies":"downfall:LooterAlt","floor":8,"turns":2},{"damage":0,"enemies":"2 Fungi Beasts","floor":10,"turns":4},{"damage":0,"enemies":"Red Slaver","floor":12,"turns":2},{"damage":9,"enemies":"3 Louse","floor":14,"turns":3},{"damage":1,"enemies":"Exordium Thugs","floor":15,"turns":5},{"damage":16,"enemies":"WA_ARCHETYPE_RETAIN","floor":16,"turns":5},{"damage":5,"enemies":"downfall:LooterAlt2","floor":19,"turns":4},{"damage":0,"enemies":"Chosen","floor":22,"turns":2},{"damage":2,"enemies":"Shelled Parasite and Fungi","floor":23,"turns":4},{"damage":16,"enemies":"Centurion and Healer","floor":29,"turns":5},{"damage":1,"enemies":"Gremlin Leader","floor":31,"turns":4},{"damage":12,"enemies":"Snake Plant","floor":32,"turns":3},{"damage":41,"enemies":"IC_MUSHROOM_ARCHETYPE","floor":33,"turns":5},{"damage":12,"enemies":"3 Shapes","floor":36,"turns":3},{"damage":18,"enemies":"Orb Walker","floor":37,"turns":3},{"damage":10,"enemies":"Jaw Worm Horde","floor":38,"turns":3},{"damage":0,"enemies":"downfall:FleeingMerchant","floor":39,"turns":4},{"damage":11,"enemies":"Giant Head","floor":40,"turns":6},{"damage":3,"enemies":"Writhing Mass","floor":43,"turns":5},{"damage":1,"enemies":"Spire Growth","floor":47,"turns":2},{"damage":0,"enemies":"Maw","floor":48,"turns":4},{"damage":39,"enemies":"DF_ARCHETYPE_ORBS","floor":49,"turns":8}],"seed_played":"-4209012205365120674","potions_obtained":[{"floor":4,"key":"champ:CounterPotion"},{"floor":12,"key":"FearPotion"},{"floor":14,"key":"BlessingOfTheForge"},{"floor":15,"key":"LiquidMemories"},{"floor":22,"key":"sneckomod:MuddlingPotion"},{"floor":23,"key":"Weak Potion"},{"floor":31,"key":"hexamod:SoulburnPotion"},{"floor":37,"key":"LiquidBronze"},{"floor":48,"key":"EssenceOfSteel"}],"is_trial":false,"path_per_floor":["R","M","M","M","?","E","T","M","R","M","?","M","R","M","M","B",null,"R","M","?","?","M","M","T","?","?","?","R","M","R","E","M","B",null,"R","M","M","M","$","E","T","?","M","R","?","R","M","M","B",null],"character_chosen":"SLIMEBOUND","items_purchased":[],"campfire_rested":1,"item_purchase_floors":[],"current_hp_per_floor":[65,65,62,65,23,23,23,21,21,25,25,27,46,43,50,42,65,65,64,45,45,45,45,52,52,52,52,52,42,42,52,40,19,52,52,42,35,35,47,44,44,44,52,52,52,52,52,52,22],"gold":67,"neow_bonus":"ONE_RARE_RELIC","is_daily":false,"chose_seed":false,"campfire_upgraded":7,"win_rate":0.0,"timestamp":1613220482,"path_taken":["R","M","M","M","?","E","T","M","R","M","?","M","R","M","M","BOSS","R","M","?","?","?","M","T","?","?","?","R","M","R","E","M","BOSS","R","M","M","M","$","E","T","?","M","R","?","R","?","M","BOSS"],"items_purchased_type":[],"build_version":"2020-12-22","purchased_purges":0,"victory":true,"max_hp_per_floor":[65,65,65,65,65,65,65,65,65,65,65,65,65,65,65,65,65,65,65,45,45,45,45,52,52,52,52,52,52,52,52,52,52,52,52,52,52,52,52,52,52,52,52,52,52,52,52,52,52],"card_choices":[{"not_picked":["Slimebound:ComboTackle","Slimebound:Grow"],"picked":"Slimebound:HauntingLick","floor":2},{"not_picked":["Slimebound:SlimeBarrage","Slimebound:BestDefense"],"picked":"Slimebound:Dissolve","floor":3},{"not_picked":["Slimebound:RollThrough","Slimebound:ComboTackle"],"picked":"Slimebound:Nibble","floor":4},{"not_picked":["Slimebound:AcidTongue","Slimebound:SpikyOuterGoop"],"picked":"Slimebound:SlimeSpikes","floor":6},{"not_picked":["Slimebound:SplitBruiser","Slimebound:FinishingTackle"],"picked":"Slimebound:SplitLeeching","floor":8},{"not_picked":["Slimebound:LeechingTouch","Slimebound:SlimeSpikes"],"picked":"Slimebound:GoopSpray","floor":10},{"not_picked":["Slimebound:ComboTackle","Slimebound:ForwardTackle"],"picked":"Slimebound:SpikyOuterGoop","floor":12},{"not_picked":["Slimebound:Grow","Slimebound:RollThrough"],"picked":"Slimebound:LeechEnergy","floor":14},{"not_picked":["Slimebound:FinishingTackle","Slimebound:SplitAcid"],"picked":"Slimebound:SamplingLick","floor":15},{"not_picked":["Slimebound:FirmFortitude","Slimebound:OneTwoCombo"],"picked":"Slimebound:RallyTheTroops","floor":16},{"not_picked":["Slimebound:GoopTackle","Slimebound:SplitMire"],"picked":"Slimebound:HauntingLick+1","floor":19},{"not_picked":["Slimebound:LeechingTouch","Slimebound:SamplingLick"],"picked":"Slimebound:ItLooksTasty","floor":22},{"not_picked":["Slimebound:SplitBruiser","Slimebound:SlimeBrawl"],"picked":"Slimebound:DisruptingSlam+1","floor":23},{"not_picked":["Slimebound:DuplicatedForm","Slimebound:RainOfGoop"],"picked":"Slimebound:LeechingTouch+1","floor":29},{"not_picked":["Slimebound:GoopSpray","Slimebound:Replication"],"picked":"Slimebound:Nibble","floor":31},{"not_picked":["Slimebound:GoopTackle","Slimebound:SpikyOuterGoop"],"picked":"Slimebound:Prepare+1","floor":32},{"not_picked":["Slimebound:LeechLife","Slimebound:SlimeSlap"],"picked":"Slimebound:WasteNot","floor":33},{"not_picked":[],"picked":"Slimebound:ItLooksTasty+1","floor":36},{"not_picked":["Slimebound:ComboTackle"],"picked":"SKIP","floor":37},{"not_picked":["Slimebound:SlimeBrawl+1"],"picked":"SKIP","floor":38},{"not_picked":[],"picked":"Slimebound:SlimeBarrage","floor":39},{"not_picked":[],"picked":"Slimebound:SplitMire+1","floor":40},{"not_picked":[],"picked":"Slimebound:Prepare+1","floor":43},{"not_picked":["Slimebound:SplitBruiser"],"picked":"SKIP","floor":47},{"not_picked":["Slimebound:FinishingTackle"],"picked":"SKIP","floor":48}],"player_experience":19998,"relics_obtained":[{"floor":6,"key":"Matryoshka"},{"floor":7,"key":"Shuriken"},{"floor":7,"key":"Bottled Flame"},{"floor":24,"key":"Whetstone"},{"floor":24,"key":"Strawberry"},{"floor":31,"key":"Tiny Chest"},{"floor":40,"key":"Pantograph"},{"floor":42,"key":"Gremlin Horn"}],"event_choices":[{"damage_healed":0,"gold_gain":0,"player_choice":"Success","damage_taken":42,"relics_obtained":["Slimebound:MaxSlimesRelic"],"max_hp_gain":0,"max_hp_loss":0,"event_name":"Scrap Ooze","floor":5,"gold_loss":0},{"damage_healed":0,"gold_gain":0,"player_choice":"Became a vampire","damage_taken":0,"max_hp_gain":0,"max_hp_loss":20,"event_name":"Vampires","floor":20,"gold_loss":0,"cards_obtained":["Bite","Bite","Bite","Bite","Bite"]},{"damage_healed":0,"gold_gain":0,"player_choice":"Forge","damage_taken":0,"max_hp_gain":0,"max_hp_loss":0,"event_name":"Accursed Blacksmith","floor":21,"gold_loss":0,"cards_upgraded":["Slimebound:RallyTheTroops"]},{"damage_healed":0,"gold_gain":0,"player_choice":"Stole Relic","damage_taken":0,"relics_obtained":["Lantern"],"max_hp_gain":0,"max_hp_loss":0,"event_name":"Addict","floor":27,"gold_loss":0,"cards_obtained":["Pride"]}],"is_beta":false,"boss_relics":[{"not_picked":["Runic Dome","Fusion Hammer"],"picked":"Cursed Key"},{"not_picked":["Astrolabe","SacredBark"],"picked":"Busted Crown"}],"items_purged_floors":[],"is_endless":false,"potions_floor_spawned":[4,12,14,15,22,23,31,37,48],"ascension_level":0}}