{"host":"xdl39l9yh4kpjupj","time":1613257805,"event":{"mods":["BaseMod","Colored Map","Friendly Minions","Hubris","KinomotoSakuraMod(????)","Kiyohime????","Minty Spire (QoL Compilation)","Quick Restart","StSLib","Synergy Search","Td1madao Mod","The Animator","The Jungle","The Senshi","The Servant 0.9.4","Yuri Mod"],"gold_per_floor":[126,126,126,141,67,109,121,153,238,268,297,309,366,395,407,419,419],"floor_reached":16,"language":"ENG","playtime":1384,"items_purged":[],"score":134,"play_id":"020e71c1-908e-44e7-92d3-e36580ead79b","local_time":"20210213151005","is_ascension_mode":true,"campfire_choices":[{"data":"animator:YuiTsuruno","floor":7,"key":"SMITH"},{"floor":15,"key":"REST"}],"circlet_count":0,"master_deck":["animator:Strike_MadokaMagica","animator:Defend_MadokaMagica","animator:Strike","animator:Strike","animator:Defend","animator:Defend","animator:Defend","animator:IrohaTamaki","animator:YuiTsuruno+1","animator:SayakaMiki","animator:Elsword","animator:RoyMustang","animator:DolaStephanie","animator:NagisaMomoe","animator:Tyuule","animator:DolaCouronne","animator:YachiyoNanami+1","animator:Ain"],"relics":["animator:LivingPicture","animator:TheMissingPiece","animator:PurgingStone","MawBank","Frozen Egg 2","hubris:Towel","Ancient Tea Set"],"acts_visited":["Exordium"],"potions_floor_usage":[10,13,14,14],"damage_taken":[{"damage":8,"enemies":"Jaw Worm","floor":1,"turns":4},{"damage":0,"enemies":"2 Louse","floor":4,"turns":3},{"damage":24,"enemies":"Lagavulin","floor":6,"turns":8},{"damage":0,"enemies":"Cultist","floor":8,"turns":3},{"damage":10,"enemies":"Exordium Thugs","floor":10,"turns":3},{"damage":0,"enemies":"Large Slime","floor":11,"turns":3},{"damage":28,"enemies":"Gremlin Nob","floor":13,"turns":5},{"damage":0,"enemies":"Exordium Wildlife","floor":14,"turns":3},{"damage":28,"enemies":"The Guardian","floor":16,"turns":6}],"seed_played":"-2122838754808145932","potions_obtained":[{"floor":4,"key":"SkillPotion"},{"floor":6,"key":"ColorlessPotion"},{"floor":8,"key":"Fire Potion"},{"floor":10,"key":"LiquidMemories"},{"floor":11,"key":"Energy Potion"}],"is_trial":false,"path_per_floor":["M","?","?","M","$","E","R","M","T","M","M","?","E","M","R","B"],"character_chosen":"THE_ANIMATOR","items_purchased":["animator:RoyMustang"],"campfire_rested":1,"item_purchase_floors":[5],"current_hp_per_floor":[64,69,62,62,62,38,38,39,39,29,30,30,2,2,25,0,0],"gold":419,"neow_bonus":"TEN_PERCENT_HP_BONUS","is_daily":false,"chose_seed":false,"campfire_upgraded":1,"win_rate":0.0,"timestamp":1613257805,"path_taken":["M","?","?","M","?","E","R","M","T","M","?","?","E","M","R","BOSS"],"items_purchased_type":["Card"],"build_version":"2020-12-22","purchased_purges":0,"victory":false,"max_hp_per_floor":[72,77,77,77,77,77,77,78,78,78,79,79,79,79,79,79,79],"card_choices":[{"not_picked":["animator:LizardPriest","animator:OrikoMikuni"],"picked":"animator:SayakaMiki","floor":1},{"not_picked":["animator:RinTohsaka","animator:Priestess"],"picked":"animator:Elsword","floor":4},{"not_picked":["animator:Kazuma","animator:Assassin"],"picked":"animator:DolaStephanie","floor":6},{"not_picked":["animator:YuiTsuruno","animator:OrikoMikuni"],"picked":"animator:NagisaMomoe","floor":8},{"not_picked":["animator:SakuraMatou","animator:YuiTsuruno"],"picked":"animator:Tyuule","floor":10},{"not_picked":["animator:Tyuule","animator:ElricEdward"],"picked":"animator:DolaCouronne","floor":11},{"not_picked":["animator:Arpeggio+1","animator:Bozes"],"picked":"animator:YachiyoNanami+1","floor":13},{"not_picked":["animator:IrohaTamaki","animator:OrikoMikuni"],"picked":"animator:Ain","floor":14}],"player_experience":222042,"relics_obtained":[{"floor":6,"key":"MawBank"},{"floor":9,"key":"Frozen Egg 2"},{"floor":13,"key":"Ancient Tea Set"}],"event_choices":[{"damage_healed":0,"gold_gain":0,"player_choice":"Donut","damage_taken":0,"max_hp_gain":5,"max_hp_loss":0,"event_name":"Big Fish","floor":2,"gold_loss":0},{"cards_removed":["animator:Strike"],"damage_healed":0,"gold_gain":0,"player_choice":"Card Removal","damage_taken":7,"max_hp_gain":0,"max_hp_loss":0,"event_name":"Golden Wing","floor":3,"gold_loss":0}],"is_beta":false,"boss_relics":[],"items_purged_floors":[],"is_endless":false,"potions_floor_spawned":[4,6,8,10,11],"killed_by":"The Guardian","ascension_level":4}}