{"host":"zxkjcgzis4pm3za5","time":1613223157,"event":{"mods":["AchievementEnabler","BaseMod","Colored Map","Colored Powertips","Minty Spire (QoL Compilation)","Quick Restart","Random Character Button","Relic Sorter","Relic Stats","StSLib"],"gold_per_floor":[115,115,132,132,145,145,176,176,176,176,176,176,156,182,182,182,182],"floor_reached":16,"language":"ENG","playtime":752,"items_purged":[],"score":212,"play_id":"abde39eb-e5aa-4eee-9162-26cff5d6c0b0","local_time":"20210213190237","is_ascension_mode":true,"campfire_choices":[{"data":"Bouncing Flask","floor":6,"key":"SMITH"},{"data":"Dagger Spray","floor":8,"key":"SMITH"},{"data":"Neutralize","floor":10,"key":"SMITH"},{"floor":12,"key":"REST"},{"data":"Crippling Poison","floor":15,"key":"SMITH"}],"circlet_count":0,"master_deck":["AscendersBane","Strike_G","Strike_G","Strike_G","Strike_G+1","Strike_G+1","Defend_G+1","Defend_G","Defend_G","Defend_G+1","Defend_G+1","Survivor","Neutralize+1","Dagger Spray+1","Bouncing Flask+1","Endless Agony+1","Bane","Crippling Poison+1"],"relics":["Ring of the Snake","War Paint","Unceasing Top","Centennial Puzzle","Tingsha","Whetstone"],"acts_visited":[],"potions_floor_usage":[7],"damage_taken":[{"damage":0,"enemies":"2 Louse","floor":1,"turns":4},{"damage":4,"enemies":"Small Slimes","floor":3,"turns":3},{"damage":0,"enemies":"Cultist","floor":5,"turns":4},{"damage":22,"enemies":"3 Sentries","floor":7,"turns":8},{"damage":6,"enemies":"Gremlin Nob","floor":14,"turns":3},{"damage":36,"enemies":"Slime Boss","floor":16,"turns":4}],"seed_played":"6385884348381700992","potions_obtained":[{"floor":3,"key":"LiquidMemories"},{"floor":7,"key":"Weak Potion"},{"floor":13,"key":"SmokeBomb"},{"floor":14,"key":"Strength Potion"}],"is_trial":false,"path_per_floor":["M","?","M","?","M","R","E","R","T","R","?","R","?","E","R","B"],"character_chosen":"THE_SILENT","items_purchased":[],"campfire_rested":1,"item_purchase_floors":[],"current_hp_per_floor":[59,64,60,55,55,55,33,33,33,33,12,33,33,27,27,0,0],"gold":182,"neow_bonus":"RANDOM_COMMON_RELIC","is_daily":false,"chose_seed":false,"campfire_upgraded":4,"win_rate":0.0,"timestamp":1613223157,"path_taken":["M","?","M","?","M","R","E","R","T","R","?","R","?","E","R","BOSS"],"items_purchased_type":[],"build_version":"2020-12-22","purchased_purges":0,"victory":false,"max_hp_per_floor":[66,71,71,71,71,71,71,71,71,71,71,71,71,71,71,71,71],"relic_stats":{"Centennial Puzzle":[6],"counters":[6,26],"Tingsha":[3],"Whetstone":["Strike_G","Strike_G"],"War Paint":["Defend_G","Defend_G"],"obtain_stats":[{"Centennial Puzzle":7,"Tingsha":9,"Whetstone":14,"War Paint":0,"Unceasing Top":4,"Ring of the Snake":0},{"Centennial Puzzle":4,"Tingsha":4,"Whetstone":5,"War Paint":0,"Unceasing Top":2,"Ring of the Snake":0},{"Centennial Puzzle":19,"Tingsha":19,"Whetstone":22,"War Paint":0,"Unceasing Top":7,"Ring of the Snake":0}],"Unceasing Top":[0],"Ring of the Snake":[12]},"card_choices":[{"not_picked":["PiercingWail","Slice"],"picked":"Dagger Spray","floor":1},{"not_picked":["Outmaneuver","Choke"],"picked":"Bouncing Flask","floor":3},{"not_picked":["Reflex","Caltrops"],"picked":"Endless Agony","floor":5},{"not_picked":["Endless Agony","Outmaneuver"],"picked":"Bane","floor":7},{"not_picked":["Quick Slash","Phantasmal Killer"],"picked":"Crippling Poison","floor":14}],"player_experience":360405,"relics_obtained":[{"floor":7,"key":"Centennial Puzzle"},{"floor":9,"key":"Tingsha"},{"floor":14,"key":"Whetstone"}],"event_choices":[{"damage_healed":0,"gold_gain":0,"player_choice":"Donut","damage_taken":0,"max_hp_gain":5,"max_hp_loss":0,"event_name":"Big Fish","floor":2,"gold_loss":0},{"damage_healed":0,"gold_gain":0,"player_choice":"Success","damage_taken":5,"relics_obtained":["Unceasing Top"],"max_hp_gain":0,"max_hp_loss":0,"event_name":"Scrap Ooze","floor":4,"gold_loss":0},{"damage_healed":0,"gold_gain":0,"player_choice":"Entered Light","damage_taken":21,"max_hp_gain":0,"max_hp_loss":0,"event_name":"Shining Light","floor":11,"gold_loss":0,"cards_upgraded":["Endless Agony","Defend_G"]},{"damage_healed":0,"gold_gain":0,"player_choice":"Bought 1 Potion","damage_taken":0,"max_hp_gain":0,"max_hp_loss":0,"event_name":"The Woman in Blue","floor":13,"gold_loss":0}],"is_beta":false,"boss_relics":[],"items_purged_floors":[],"is_endless":false,"potions_floor_spawned":[3,7,14],"killed_by":"Slime Boss","ascension_level":20}}