{"host":"2e3z4r48quhw80cc","time":1613237608,"event":{"mods":["BaseMod","Minty Spire (QoL Compilation)","Quick Restart","StSLib","SuperFastMode"],"gold_per_floor":[118,138,313,293,309,309,340,188,240,240,265,278,298,329,329,430,430,450,375,128,128,128,162,179,179,179,210,210,228,1,15,15,15,15],"floor_reached":33,"language":"KOR","playtime":1030,"items_purged":["Doubt","Defend_G"],"score":470,"play_id":"793b4740-7a6a-4eb2-b680-03a6a993711c","local_time":"20210214023328","is_ascension_mode":true,"campfire_choices":[{"data":"Glass Knife","floor":6.0,"key":"SMITH"},{"floor":10.0,"key":"REST"},{"data":"Catalyst","floor":15.0,"key":"SMITH"},{"floor":25.0,"key":"REST"},{"floor":28,"key":"REST"},{"floor":32,"key":"DIG"}],"circlet_count":0,"master_deck":["AscendersBane","Strike_G","Strike_G","Defend_G","Defend_G","Defend_G","Survivor","Neutralize","Glass Knife+1","Quick Slash","Cloak And Dagger","Bouncing Flask","Backstab","Catalyst+1","Escape Plan","Well Laid Plans","Bullet Time","Wraith Form v2+1","Deflect+1","Finisher+1","Cloak And Dagger","Writhe","Cloak And Dagger+1","Crippling Poison+1","Noxious Fumes"],"relics":["Ring of the Snake","Dream Catcher","Bronze Scales","PreservedInsect","Oddly Smooth Stone","Astrolabe","Happy Flower","Lantern","Potion Belt","Shovel","Ginger","Snake Skull","Tingsha"],"acts_visited":["Exordium","TheCity"],"potions_floor_usage":[31],"damage_taken":[{"damage":0.0,"enemies":"2 Louse","floor":1.0,"turns":2.0},{"damage":0.0,"enemies":"Cultist","floor":2.0,"turns":3.0},{"damage":4.0,"enemies":"Jaw Worm","floor":5.0,"turns":3.0},{"damage":26.0,"enemies":"3 Sentries","floor":7.0,"turns":10.0},{"damage":8.0,"enemies":"Gremlin Nob","floor":11.0,"turns":3.0},{"damage":1.0,"enemies":"3 Louse","floor":12.0,"turns":3.0},{"damage":0.0,"enemies":"Large Slime","floor":13.0,"turns":3.0},{"damage":10.0,"enemies":"Lagavulin","floor":14.0,"turns":5.0},{"damage":32.0,"enemies":"Slime Boss","floor":16.0,"turns":11.0},{"damage":0.0,"enemies":"Spheric Guardian","floor":18.0,"turns":2.0},{"damage":5.0,"enemies":"Slavers","floor":23.0,"turns":5.0},{"damage":13.0,"enemies":"2 Thieves","floor":24.0,"turns":4.0},{"damage":23,"enemies":"Book of Stabbing","floor":27,"turns":5},{"damage":12,"enemies":"Snake Plant","floor":29,"turns":3},{"damage":9,"enemies":"Cultist and Chosen","floor":31,"turns":6},{"damage":16,"enemies":"Champ","floor":33,"turns":7}],"seed_played":"-3273365699273037977","potions_obtained":[{"floor":1.0,"key":"EssenceOfSteel"},{"floor":4.0,"key":"GamblersBrew"},{"floor":7.0,"key":"LiquidBronze"},{"floor":13.0,"key":"PowerPotion"},{"floor":16.0,"key":"CunningPotion"},{"floor":23.0,"key":"Fire Potion"},{"floor":29,"key":"SpeedPotion"},{"floor":31,"key":"EssenceOfSteel"}],"is_trial":false,"path_per_floor":["M","M","?","?","M","R","E","$","T","R","E","M","M","E","R","B",null,"M","?","$","?","?","E","M","R","T","E","R","M","$","M","R","B"],"character_chosen":"THE_SILENT","items_purchased":["Backstab","Happy Flower","Snake Skull","Noxious Fumes"],"campfire_rested":3,"item_purchase_floors":[8,20,30,30],"current_hp_per_floor":[63,63,63,63,59,59,33,33,33,54,46,45,45,35,35,3,53,53,53,53,40,40,35,22,44,44,21,43,31,31,22,22,6,6],"gold":15,"neow_bonus":"ONE_RANDOM_RARE_CARD","is_daily":false,"chose_seed":false,"campfire_upgraded":2,"win_rate":0.0,"timestamp":1613237608,"path_taken":["M","M","?","?","?","R","E","$","T","R","E","M","M","E","R","BOSS","M","?","$","?","?","E","M","R","T","E","R","M","$","M","R","BOSS"],"items_purchased_type":["Card","Relic","Relic","Card"],"build_version":"2020-12-22","purchased_purges":2,"victory":false,"max_hp_per_floor":[70,70,70,70,70,70,70,70,70,70,70,70,70,70,70,70,70,70,70,70,75,75,75,75,75,75,75,75,75,75,75,75,75,75],"card_choices":[{"not_picked":["Acrobatics","Deadly Poison"],"picked":"Quick Slash","floor":1.0},{"not_picked":["Heel Hook","Bane","Grand Finale"],"picked":"SKIP","floor":2.0},{"not_picked":["Expertise","Calculated Gamble"],"picked":"Cloak And Dagger","floor":5.0},{"not_picked":["Slice","Concentrate"],"picked":"Bouncing Flask","floor":7.0},{"not_picked":["Bane","Escape Plan"],"picked":"Catalyst","floor":10.0},{"not_picked":["Underhanded Strike","Terror"],"picked":"Escape Plan","floor":11.0},{"not_picked":["Quick Slash","Cloak And Dagger"],"picked":"Well Laid Plans","floor":12.0},{"not_picked":["Sucker Punch","Dodge and Roll","Dagger Spray"],"picked":"SKIP","floor":13.0},{"not_picked":["Caltrops","Distraction","Bane"],"picked":"SKIP","floor":14.0},{"not_picked":["Storm of Steel","Tools of the Trade"],"picked":"Bullet Time","floor":16.0},{"not_picked":["Dagger Spray","Flying Knee"],"picked":"Cloak And Dagger","floor":18.0},{"not_picked":["Sucker Punch","Bouncing Flask","Caltrops"],"picked":"SKIP","floor":23.0},{"not_picked":["Leg Sweep","Deflect+1","Grand Finale"],"picked":"SKIP","floor":24.0},{"not_picked":["Noxious Fumes","Bane"],"picked":"Cloak And Dagger+1","floor":25.0},{"not_picked":["Flying Knee","Blade Dance","Underhanded Strike+1"],"picked":"SKIP","floor":27},{"not_picked":["Dagger Spray","Acrobatics"],"picked":"Crippling Poison+1","floor":28},{"not_picked":["Backflip","Underhanded Strike+1","Phantasmal Killer"],"picked":"SKIP","floor":29},{"not_picked":["Prepared","Dagger Spray","Sucker Punch"],"picked":"SKIP","floor":31}],"player_experience":185083,"relics_obtained":[{"floor":7.0,"key":"Dream Catcher"},{"floor":9.0,"key":"Bronze Scales"},{"floor":11.0,"key":"PreservedInsect"},{"floor":14.0,"key":"Oddly Smooth Stone"},{"floor":23.0,"key":"Potion Belt"},{"floor":26.0,"key":"Shovel"},{"floor":27,"key":"Ginger"},{"floor":32,"key":"Tingsha"}],"event_choices":[{"damage_healed":0.0,"max_hp_gain":0.0,"max_hp_loss":0.0,"gold_gain":175.0,"event_name":"Liars Game","player_choice":"AGREE","floor":3.0,"gold_loss":0.0,"damage_taken":0.0,"cards_obtained":["Doubt"]},{"damage_healed":0.0,"max_hp_gain":0.0,"max_hp_loss":0.0,"gold_gain":0.0,"event_name":"The Woman in Blue","player_choice":"Bought 1 Potion","floor":4.0,"gold_loss":0.0,"damage_taken":0.0},{"cards_removed":["Strike_G"],"damage_healed":0.0,"max_hp_gain":0.0,"max_hp_loss":0.0,"gold_gain":0.0,"event_name":"Beggar","player_choice":"Gave Gold","floor":19.0,"gold_loss":75.0,"damage_taken":0.0},{"damage_healed":0.0,"max_hp_gain":5.0,"max_hp_loss":0.0,"gold_gain":0.0,"event_name":"Forgotten Altar","player_choice":"Shed Blood","floor":21.0,"gold_loss":0.0,"damage_taken":18.0},{"damage_healed":0.0,"max_hp_gain":0.0,"max_hp_loss":0.0,"gold_gain":0.0,"event_name":"The Mausoleum","player_choice":"Opened","floor":22.0,"gold_loss":0.0,"damage_taken":0.0,"relics_obtained":["Lantern"],"cards_obtained":["Writhe"]}],"is_beta":false,"boss_relics":[{"not_picked":["SacredBark","Coffee Dripper"],"picked":"Astrolabe"}],"items_purged_floors":[8,20],"is_endless":false,"potions_floor_spawned":[1,7,11,13,16,23,29,31],"killed_by":"Champ","ascension_level":11}}