{"host":"k7udt7atmcuzf6l0","time":1613210875,"event":{"mods":["AchievementEnabler","BaseMod","BetterRewards","Colored Map","Colored Powertips","Highlight Path","Minty Spire (QoL Compilation)","Quick Restart","Rare Cards Sparkle","StSLib","UnlockEverythingMod"],"gold_per_floor":[114,114,132,151,0,0,30,30,53,65,76,2,22,32,32,130,180,197,210,8,8,22,22,35,65,65,83,102,102,131,91,91,190,190,201,201,16,28,28,28,43,43,43,54,276,302,302,320,320,320],"floor_reached":51,"language":"ZHS","playtime":1295,"items_purged":["Strike_R"],"score":826,"play_id":"fd00e6a5-7f7d-4641-8f1d-1639ad055c64","local_time":"20210213180755","is_ascension_mode":false,"campfire_choices":[{"data":"Rampage","floor":6.0,"key":"SMITH"},{"data":"Bloodletting","floor":8.0,"key":"SMITH"},{"data":"Sever Soul","floor":15.0,"key":"SMITH"},{"data":"Limit Break","floor":23.0,"key":"SMITH"},{"data":"Sword Boomerang","floor":29.0,"key":"SMITH"},{"data":"Cleave","floor":32.0,"key":"SMITH"},{"data":"Corruption","floor":40,"key":"SMITH"},{"data":"Feel No Pain","floor":42,"key":"SMITH"},{"floor":47,"key":"REST"},{"data":"Intimidate","floor":49,"key":"SMITH"}],"circlet_count":0,"master_deck":["Strike_R","Strike_R","Strike_R","Defend_R","Defend_R","Defend_R+1","Defend_R","Bash","Rampage+1","Power Through","Bloodletting+1","Wild Strike","Anger","Feel No Pain+1","Sword Boomerang+1","Sever Soul+1","Limit Break+1","Shrug It Off+1","Impervious","Cleave+1","Shrug It Off+1","Intimidate+1","Corruption+1","Pommel Strike+1","Clash","Dark Embrace+1","Flame Barrier","Flex+1","Madness","Madness","Havoc+1","Sword Boomerang+1","Berserk+1","Twin Strike+1"],"relics":["Burning Blood","NeowsBlessing","Membership Card","Regal Pillow","Bronze Scales","Brimstone","Tiny House","Bag of Marbles","Toolbox","Red Mask","Bag of Preparation","InkBottle","SlaversCollar","Frozen Egg 2","Question Card","Orichalcum"],"acts_visited":["Exordium","TheCity","TheBeyond"],"potions_floor_usage":[33,33,33,38,50],"damage_taken":[{"damage":0.0,"enemies":"Jaw Worm","floor":1.0,"turns":1.0},{"damage":0.0,"enemies":"Cultist","floor":3.0,"turns":1.0},{"damage":0.0,"enemies":"Small Slimes","floor":4.0,"turns":1.0},{"damage":24.0,"enemies":"Lagavulin","floor":7.0,"turns":6.0},{"damage":0.0,"enemies":"3 Louse","floor":10.0,"turns":1.0},{"damage":3.0,"enemies":"Red Slaver","floor":11.0,"turns":2.0},{"damage":12.0,"enemies":"Lots of Slimes","floor":13.0,"turns":3.0},{"damage":3.0,"enemies":"Blue Slaver","floor":14.0,"turns":3.0},{"damage":0.0,"enemies":"Slime Boss","floor":16.0,"turns":4.0},{"damage":12.0,"enemies":"Chosen","floor":18.0,"turns":3.0},{"damage":10.0,"enemies":"2 Thieves","floor":19.0,"turns":4.0},{"damage":11.0,"enemies":"Cultist and Chosen","floor":22.0,"turns":4.0},{"damage":19.0,"enemies":"Snake Plant","floor":24.0,"turns":3.0},{"damage":6.0,"enemies":"Masked Bandits","floor":25.0,"turns":4.0},{"damage":3.0,"enemies":"3 Cultists","floor":27.0,"turns":2.0},{"damage":3.0,"enemies":"Centurion and Healer","floor":28.0,"turns":4.0},{"damage":44.0,"enemies":"Book of Stabbing","floor":30.0,"turns":5.0},{"damage":3,"enemies":"Automaton","floor":33,"turns":5},{"damage":25,"enemies":"3 Shapes","floor":35,"turns":4},{"damage":14,"enemies":"3 Darklings","floor":38,"turns":3},{"damage":2,"enemies":"Maw","floor":41,"turns":6},{"damage":3,"enemies":"Sphere and 2 Shapes","floor":44,"turns":2},{"damage":0,"enemies":"Reptomancer","floor":46,"turns":3},{"damage":3,"enemies":"3 Darklings","floor":48,"turns":3},{"damage":5,"enemies":"Donu and Deca","floor":50,"turns":5}],"seed_played":"-1993806715036387099","potions_obtained":[{"floor":1.0,"key":"Ancient Potion"},{"floor":2.0,"key":"SteroidPotion"},{"floor":2.0,"key":"Explosive Potion"},{"floor":2.0,"key":"SpeedPotion"},{"floor":13.0,"key":"BloodPotion"},{"floor":14.0,"key":"FearPotion"},{"floor":17.0,"key":"EssenceOfSteel"},{"floor":18.0,"key":"LiquidBronze"},{"floor":24.0,"key":"Dexterity Potion"},{"floor":25.0,"key":"AttackPotion"},{"floor":31.0,"key":"SteroidPotion"},{"floor":31.0,"key":"PowerPotion"},{"floor":31.0,"key":"SteroidPotion"},{"floor":35,"key":"LiquidBronze"},{"floor":41,"key":"PowerPotion"}],"is_trial":false,"path_per_floor":["M","?","M","M","$","R","E","R","T","M","M","$","M","M","R","B",null,"M","M","$","$","M","R","M","?","T","M","M","R","E","?","R","B",null,"M","?","$","M","?","R","M","R","T","M","?","E","R","M","R","B",null],"character_chosen":"IRONCLAD","items_purchased":["Membership Card","Brimstone","Bag of Marbles","Toolbox","Cleave","Frozen Egg 2","Dark Embrace+1","Flame Barrier"],"campfire_rested":1,"item_purchase_floors":[5,12,20,20,20,37,37,37],"current_hp_per_floor":[80,80,80,80,80,80,62,62,62,68,71,71,65,68,68,74,85,79,75,75,75,70,70,57,57,57,60,63,63,42,42,42,45,85,66,66,66,58,47,47,51,51,51,54,54,60,85,85,85,85],"gold":320,"neow_bonus":"THREE_ENEMY_KILL","is_daily":false,"chose_seed":false,"campfire_upgraded":9,"win_rate":0.0,"timestamp":1613210875,"path_taken":["M","?","?","M","$","R","E","R","T","M","M","$","M","M","R","BOSS","M","M","?","$","M","R","M","?","T","M","M","R","E","?","R","BOSS","M","?","$","?","?","R","M","R","T","M","?","E","R","M","R","BOSS"],"items_purchased_type":["Relic","Relic","Relic","Relic","Card","Relic","Card","Card"],"build_version":"2020-12-22","purchased_purges":1,"victory":true,"max_hp_per_floor":[80,80,80,80,80,80,80,80,80,80,80,80,80,80,80,80,85,85,85,85,85,85,85,85,85,85,85,85,85,85,85,85,85,85,85,85,85,85,85,85,85,85,85,85,85,85,85,85,85,85],"card_choices":[{"not_picked":["Pummel","Combust"],"picked":"Rampage","floor":1.0},{"not_picked":["Iron Wave","Reckless Charge"],"picked":"Power Through","floor":3.0},{"not_picked":["Headbutt","Twin Strike"],"picked":"Bloodletting","floor":4.0},{"not_picked":["Clash","Warcry"],"picked":"Wild Strike","floor":7.0},{"not_picked":["Sword Boomerang","Headbutt"],"picked":"Anger","floor":10.0},{"not_picked":["Anger","Rupture"],"picked":"Feel No Pain","floor":11.0},{"not_picked":["Combust","Power Through"],"picked":"Sword Boomerang","floor":13.0},{"not_picked":["Infernal Blade","Twin Strike"],"picked":"Sever Soul","floor":14.0},{"not_picked":["Impervious","Demon Form"],"picked":"Limit Break","floor":16.0},{"not_picked":["Pommel Strike","Rupture+1"],"picked":"Shrug It Off+1","floor":18.0},{"not_picked":["Headbutt","Bloodletting+1"],"picked":"Impervious","floor":19.0},{"not_picked":["Rupture+1","Combust","Spot Weakness"],"picked":"SKIP","floor":22.0},{"not_picked":["Bloodletting","Rage","Rupture"],"picked":"SKIP","floor":24.0},{"not_picked":["Armaments","Carnage"],"picked":"Shrug It Off+1","floor":27.0},{"not_picked":["Body Slam","Ghostly Armor","Sword Boomerang"],"picked":"SKIP","floor":28.0},{"not_picked":["Blood for Blood","Bludgeon"],"picked":"Intimidate","floor":30.0},{"not_picked":["Exhume","Bludgeon"],"picked":"Corruption","floor":33},{"not_picked":["Headbutt","Body Slam"],"picked":"Pommel Strike+1","floor":35},{"not_picked":["Wild Strike","Flame Barrier"],"picked":"Flex+1","floor":38},{"not_picked":["Iron Wave+1","Body Slam"],"picked":"Havoc+1","floor":41},{"not_picked":["Pommel Strike","Whirlwind","Anger"],"picked":"Sword Boomerang+1","floor":44},{"not_picked":["Sword Boomerang+1","Uppercut","Rampage+1"],"picked":"Berserk+1","floor":46},{"not_picked":["Perfected Strike+1","Battle Trance+1","Dual Wield"],"picked":"Twin Strike+1","floor":48}],"player_experience":114840,"relics_obtained":[{"floor":7.0,"key":"Regal Pillow"},{"floor":9.0,"key":"Bronze Scales"},{"floor":25.0,"key":"Red Mask"},{"floor":26.0,"key":"Bag of Preparation"},{"floor":30.0,"key":"InkBottle"},{"floor":43,"key":"Question Card"},{"floor":46,"key":"Orichalcum"}],"event_choices":[{"damage_healed":0.0,"max_hp_gain":0.0,"max_hp_loss":0.0,"gold_gain":0.0,"event_name":"Lab","player_choice":"Got Potions","floor":2.0,"gold_loss":0.0,"damage_taken":0.0},{"damage_healed":0.0,"max_hp_gain":0.0,"max_hp_loss":0.0,"gold_gain":0.0,"event_name":"Masked Bandits","player_choice":"Fought Bandits","floor":25.0,"gold_loss":0.0,"damage_taken":0.0},{"damage_healed":0.0,"max_hp_gain":0.0,"max_hp_loss":0.0,"gold_gain":0.0,"event_name":"The Woman in Blue","player_choice":"Bought 3 Potions","floor":31.0,"gold_loss":0.0,"damage_taken":0.0},{"damage_healed":0,"gold_gain":0,"cards_transformed":["Strike_R"],"player_choice":"Transformed","damage_taken":0,"max_hp_gain":0,"max_hp_loss":0,"event_name":"Transmorgrifier","floor":36,"gold_loss":0,"cards_obtained":["Clash"]},{"damage_healed":0,"gold_gain":0,"player_choice":"Embrace Madness","damage_taken":11,"max_hp_gain":0,"max_hp_loss":0,"event_name":"Winding Halls","floor":39,"gold_loss":0,"cards_obtained":["Madness","Madness"]},{"damage_healed":0,"gold_gain":222,"player_choice":"Wore Mask","damage_taken":0,"max_hp_gain":0,"max_hp_loss":0,"event_name":"Tomb of Lord Red Mask","floor":45,"gold_loss":0}],"is_beta":false,"boss_relics":[{"not_picked":["Runic Dome","Snecko Eye"],"picked":"Tiny House"},{"not_picked":["Fusion Hammer","Coffee Dripper"],"picked":"SlaversCollar"}],"items_purged_floors":[20],"is_endless":false,"potions_floor_spawned":[1,13,14,18,24,25,35,41],"ascension_level":0}}