{"host":"67z713vnjolu4670","time":1613203910,"event":{"mods":["Act Like it!","BaseMod","Colored Map","Colored Powertips","Downfall","Gensokyo","Minty Spire (QoL Compilation)","Replay The Spire","StSLib","The Animator","The Jungle"],"gold_per_floor":[99,125,400,411,424,436,436,473,486,129,145,145,30,380,403,507,557,357,357,357],"floor_reached":19,"language":"ZHS","playtime":2319,"items_purged":["animator:Defend","Amnesia"],"score":284,"play_id":"3ea877ff-d201-4a38-8c2a-d4a4d9c33b3b","local_time":"20210213161150","is_ascension_mode":false,"campfire_choices":[{"floor":1.0,"key":"RECALL"},{"data":"animator:Hans","floor":18,"key":"SMITH"}],"circlet_count":0,"master_deck":["animator:Strike_Konosuba","animator:Defend_Konosuba","animator:Strike","animator:Strike","animator:Strike","animator:Defend","animator:Defend","animator:Kazuma","animator:Aqua","animator:YuiTsuruno+1","Regret","animator:TukaLunaMarceau","animator:KyokoSakura","animator:Darkness","animator:Elesis","animator:DwarfShaman","animator:Vanir","animator:KyokoSakura","Voices","ReplayTheSpireMod:Faulty Equipment","Amnesia","animator:NagisaMomoe","Looming Evil","animator:Hans+1"],"relics":["animator:LivingPicture","animator:TheMissingPiece","animator:PurgingStone","Odd Mushroom","Mirror","Ring of Greed","Ring of Fury","Old Coin","Blue Doll","Tiny House","downfall:HeartBlessingRed","downfall:HeartBlessingBlue"],"acts_visited":["Exordium","TheCity"],"potions_floor_usage":[],"damage_taken":[{"damage":12.0,"enemies":"Jaw Worm","floor":2.0,"turns":6.0},{"damage":0.0,"enemies":"Cultist","floor":4.0,"turns":4.0},{"damage":2.0,"enemies":"2 Louse","floor":5.0,"turns":3.0},{"damage":7.0,"enemies":"Blue Slaver","floor":6.0,"turns":6.0},{"damage":33.0,"enemies":"The Mushroom Lair","floor":8.0,"turns":6.0},{"damage":11.0,"enemies":"Large Slime","floor":9.0,"turns":10.0},{"damage":0,"enemies":"downfall:FleeingMerchant","floor":10,"turns":4},{"damage":22,"enemies":"3 Louse","floor":11,"turns":2},{"damage":8,"enemies":"downfall:FleeingMerchant","floor":13,"turns":4},{"damage":11,"enemies":"Exordium Wildlife","floor":15,"turns":2},{"damage":37,"enemies":"Slime Boss","floor":16,"turns":5},{"damage":90,"enemies":"3 Byrds","floor":19,"turns":5}],"seed_played":"-699105901474771644","potions_obtained":[{"floor":2.0,"key":"SteroidPotion"},{"floor":6.0,"key":"Adrenaline Potion"},{"floor":9,"key":"FearPotion"},{"floor":11,"key":"BlessingOfTheForge"}],"is_trial":false,"path_per_floor":["R","M","?","M","M","M","T","?","M","$","M","?","$","?","M","B",null,"R","M"],"character_chosen":"THE_ANIMATOR","items_purchased":["animator:Vanir","Mirror"],"campfire_rested":0,"item_purchase_floors":[10,10],"current_hp_per_floor":[72,62,62,64,64,60,60,29,20,22,2,73,67,67,58,24,79,89,0,0],"gold":357,"neow_bonus":"TEN_PERCENT_HP_BONUS","is_daily":false,"chose_seed":false,"campfire_upgraded":1,"win_rate":0.0,"timestamp":1613203910,"path_taken":["R","M","?","M","?","M","T","?","M","$","M","?","$","?","M","BOSS","R","M"],"items_purchased_type":["Card","Relic"],"build_version":"2020-12-22","purchased_purges":2,"victory":false,"max_hp_per_floor":[72,72,72,72,72,73,73,73,73,73,73,73,73,73,73,74,79,89,89,89],"card_choices":[{"not_picked":["animator:Togame","animator:Tyuule"],"picked":"animator:YuiTsuruno","floor":2.0},{"not_picked":["animator:Ciel","animator:Alexander"],"picked":"animator:TukaLunaMarceau","floor":4.0},{"not_picked":["animator:Shuna","animator:Togame","animator:Jibril"],"picked":"SKIP","floor":5.0},{"not_picked":["animator:MamiTomoe","animator:SayakaMiki"],"picked":"animator:KyokoSakura","floor":6.0},{"not_picked":["animator:Elsword","animator:Raven"],"picked":"animator:Darkness","floor":8.0},{"not_picked":["animator:LizardPriest","animator:ZankiKiguchi"],"picked":"animator:Elesis","floor":9},{"not_picked":["animator:IrohaTamaki","animator:Alexander"],"picked":"animator:DwarfShaman","floor":10},{"not_picked":["animator:HighElfArcher","animator:Eve"],"picked":"animator:KyokoSakura","floor":11},{"not_picked":["animator:Vanir","animator:Chung"],"picked":"animator:NagisaMomoe","floor":15},{"not_picked":["animator:Saber","animator:PinaCoLada"],"picked":"animator:Hans","floor":16}],"player_experience":6884,"relics_obtained":[{"floor":8.0,"key":"Odd Mushroom"},{"floor":14,"key":"Ring of Greed"},{"floor":14,"key":"Ring of Fury"},{"floor":14,"key":"Old Coin"},{"floor":14,"key":"Blue Doll"}],"event_choices":[{"damage_healed":0.0,"max_hp_gain":0.0,"max_hp_loss":0.0,"gold_gain":275.0,"event_name":"Golden Shrine","player_choice":"Desecrate","floor":3.0,"gold_loss":0.0,"damage_taken":0.0,"cards_obtained":["Regret"]},{"damage_healed":0.0,"max_hp_gain":0.0,"max_hp_loss":0.0,"gold_gain":0.0,"event_name":"Mushrooms","player_choice":"Fought Mushrooms","floor":8.0,"gold_loss":0.0,"damage_taken":0.0}],"is_beta":false,"boss_relics":[{"not_picked":["Sozu","Ectoplasm"],"picked":"Tiny House"}],"items_purged_floors":[10,13],"is_endless":false,"potions_floor_spawned":[2,6,9,11],"killed_by":"3 Byrds","ascension_level":0}}