{"host":"2x189hkb4impm2gi","time":1613244810,"event":{"mods":["AchievementEnabler","BaseMod","Colored Map","Colored Powertips","Downfall","Minty Spire (QoL Compilation)","StSLib"],"gold_per_floor":[99,117,135,135,154,154,154,164,176,208,208,228,240,260,280,280,280,280],"floor_reached":16,"language":"ENG","playtime":1078,"items_purged":[],"score":133,"play_id":"41f87100-84db-4acc-ab4d-179e4de90b9b","local_time":"20210213143330","is_ascension_mode":false,"campfire_choices":[{"data":"Slimebound:CorrosiveSpit","floor":1,"key":"SMITH"},{"data":"Slimebound:Gluttony","floor":6,"key":"SMITH"},{"floor":11,"key":"RECALL"}],"circlet_count":0,"master_deck":["Slimebound:Tackle","Slimebound:Defend_Slimebound","Slimebound:Defend_Slimebound","Slimebound:Defend_Slimebound","Slimebound:Defend_Slimebound","Slimebound:Split","Slimebound:CorrosiveSpit+1","Slimebound:Gluttony+1","Slimebound:GoopSpray","Slimebound:Nibble","Slimebound:GoopTackle","Regret","Slimebound:FlameTackle","Slimebound:ComboTackle","Slimebound:Schlurp","Slimebound:Prepare","Slimebound:TongueLash","Slimebound:RollThrough","Slimebound:MegaLick","Slimebound:SlimeSpikes","Slimebound:ItLooksTasty"],"relics":["Velvet Choker","Bronze Scales"],"acts_visited":["Exordium"],"potions_floor_usage":[10,16,16,16,16,16],"damage_taken":[{"damage":0,"enemies":"Cultist","floor":2,"turns":3},{"damage":9,"enemies":"Jaw Worm","floor":3,"turns":3},{"damage":5,"enemies":"Small Slimes","floor":5,"turns":3},{"damage":5,"enemies":"3 Louse","floor":8,"turns":2},{"damage":9,"enemies":"Exordium Wildlife","floor":9,"turns":3},{"damage":5,"enemies":"Lagavulin","floor":10,"turns":5},{"damage":0,"enemies":"Exordium Thugs","floor":12,"turns":3},{"damage":0,"enemies":"2 Fungi Beasts","floor":13,"turns":2},{"damage":3,"enemies":"Exordium Wildlife","floor":14,"turns":4},{"damage":10,"enemies":"Blue Slaver","floor":15,"turns":2},{"damage":25,"enemies":"IC_STATUS_ARCHETYPE","floor":16,"turns":4}],"seed_played":"900117380880267328","potions_obtained":[{"floor":2,"key":"Dexterity Potion"},{"floor":5,"key":"EssenceOfSteel"},{"floor":9,"key":"EntropicBrew"},{"floor":12,"key":"Block Potion"},{"floor":13,"key":"DistilledChaos"}],"is_trial":false,"path_per_floor":["R","M","M","?","M","R","T","M","M","E","R","M","M","M","M","B"],"character_chosen":"SLIMEBOUND","items_purchased":[],"campfire_rested":0,"item_purchase_floors":[],"current_hp_per_floor":[65,65,56,56,51,51,51,46,37,32,32,32,32,29,19,0,0,0],"gold":280,"neow_bonus":"BOSS_RELIC","is_daily":false,"chose_seed":false,"campfire_upgraded":2,"win_rate":0.0,"timestamp":1613244810,"path_taken":["R","M","?","?","M","R","T","M","M","E","R","M","M","?","M","BOSS"],"items_purchased_type":[],"build_version":"2020-12-22","purchased_purges":0,"victory":false,"max_hp_per_floor":[65,65,65,65,65,65,65,65,65,65,65,65,65,65,65,65,65,65],"card_choices":[{"not_picked":["Slimebound:SplitMire","Slimebound:SamplingLick"],"picked":"Slimebound:Gluttony","floor":2},{"not_picked":["Slimebound:SlimeSpikes","Slimebound:Repurpose"],"picked":"Slimebound:GoopSpray","floor":3},{"not_picked":["Slimebound:RainOfGoop","Slimebound:LevelUp"],"picked":"Slimebound:ComboTackle","floor":5},{"not_picked":["Slimebound:TongueLash","Slimebound:SplitSpecialist"],"picked":"Slimebound:Schlurp","floor":8},{"not_picked":["Slimebound:ComboTackle","Slimebound:SplitMire"],"picked":"Slimebound:Prepare","floor":9},{"not_picked":["Slimebound:SlimeBrawl","Slimebound:SplitMire"],"picked":"Slimebound:TongueLash","floor":10},{"not_picked":["Slimebound:SplitLeeching","Slimebound:ComboTackle"],"picked":"Slimebound:RollThrough","floor":12},{"not_picked":["Slimebound:LeechingTouch","Slimebound:SlimeSpikes"],"picked":"Slimebound:MegaLick","floor":13},{"not_picked":["Slimebound:SlimeBrawl","Slimebound:PrepareCrush"],"picked":"Slimebound:SlimeSpikes","floor":14},{"not_picked":["Slimebound:TongueLash","Slimebound:SplitSpecialist"],"picked":"Slimebound:ItLooksTasty","floor":15}],"player_experience":117240,"relics_obtained":[{"floor":10,"key":"Bronze Scales"}],"event_choices":[],"is_beta":false,"boss_relics":[],"items_purged_floors":[],"is_endless":false,"potions_floor_spawned":[2,5,9,12,13],"killed_by":"IC_STATUS_ARCHETYPE","ascension_level":0}}