{"host":"rw1trt79hfpl7pom","time":1613195522,"event":{"mods":["BaseMod","Bestiary","Colored Map","Minty Spire (QoL Compilation)","Relic Stats","StSLib","SuperFastMode"],"gold_per_floor":[161,161,86,100,100,129,129,163,163,176,176,228,281,303,303,405,405,420,449,471,498,516,566,566,586,586,614,614,656,680,725,725,827,827,851,875,902,902,396,396,421,463,463,463,485,485,535,574,586,598,610,622,634,82,135,135],"floor_reached":57,"language":"ENG","playtime":4924,"items_purged":["Defend_P","Strike_P","Defend_P"],"score":3334,"play_id":"0cfa3deb-10e2-40a7-9c9f-b6ba610b93e6","local_time":"20210212215202","is_ascension_mode":true,"campfire_choices":[{"data":"Eruption","floor":15.0,"key":"SMITH"},{"data":"Establishment","floor":24.0,"key":"SMITH"},{"data":"CrushJoints","floor":28.0,"key":"SMITH"},{"data":"BowlingBash","floor":32.0,"key":"SMITH"},{"data":"TalkToTheHand","floor":40.0,"key":"SMITH"},{"floor":44.0,"key":"RECALL"},{"data":"Study","floor":49.0,"key":"SMITH"},{"data":"Nirvana","floor":53.0,"key":"SMITH"}],"circlet_count":0,"master_deck":["AscendersBane","Defend_P","Defend_P","Eruption+1","Vigilance+1","Protect","WheelKick","Wallop","EmptyFist","SandsOfTime","CrushJoints+1","Vault","Perseverance","Establishment+1","BowlingBash+1","ThirdEye+1","Ghostly","Ghostly","Ghostly+1","EmptyBody","Protect","Perseverance","BowlingBash","InnerPeace+1","FlurryOfBlows","Wallop","DevaForm","ThirdEye","Adaptation","Sanctity","TalkToTheHand+1","Study+1","CutThroughFate","FearNoEvil","Nirvana+1","Evaluate+1","FlurryOfBlows+1","Wireheading","ThirdEye","Wireheading","Vengeance","WheelKick"],"relics":["Tiny House","Unceasing Top","Golden Idol","Bag of Marbles","Incense Burner","HornCleat","Orichalcum","CeramicFish","Coffee Dripper","Bag of Preparation","Ornamental Fan","GoldenEye","War Paint","VioletLotus","Lantern","Orrery","Letter Opener","MawBank","Kunai","Art of War","Vajra"],"acts_visited":["Exordium","TheCity","TheBeyond","TheEnding"],"potions_floor_usage":[56,56,56],"damage_taken":[{"damage":0.0,"enemies":"2 Louse","floor":1.0,"turns":6.0},{"damage":0.0,"enemies":"Small Slimes","floor":4.0,"turns":3.0},{"damage":15.0,"enemies":"Lagavulin","floor":6.0,"turns":8.0},{"damage":15.0,"enemies":"3 Sentries","floor":8.0,"turns":10.0},{"damage":0.0,"enemies":"Jaw Worm","floor":10.0,"turns":3.0},{"damage":3.0,"enemies":"Lagavulin","floor":13.0,"turns":6.0},{"damage":0.0,"enemies":"Large Slime","floor":14.0,"turns":6.0},{"damage":0.0,"enemies":"Slime Boss","floor":16.0,"turns":12.0},{"damage":0.0,"enemies":"Chosen","floor":18.0,"turns":5.0},{"damage":3.0,"enemies":"3 Byrds","floor":19.0,"turns":8.0},{"damage":8.0,"enemies":"Cultist and Chosen","floor":20.0,"turns":6.0},{"damage":0.0,"enemies":"Slavers","floor":23.0,"turns":7.0},{"damage":0.0,"enemies":"Centurion and Healer","floor":25.0,"turns":5.0},{"damage":0.0,"enemies":"3 Cultists","floor":27.0,"turns":6.0},{"damage":0.0,"enemies":"Book of Stabbing","floor":29.0,"turns":6.0},{"damage":0.0,"enemies":"Cultist and Chosen","floor":30.0,"turns":6.0},{"damage":0.0,"enemies":"Slavers","floor":31.0,"turns":6.0},{"damage":5.0,"enemies":"Collector","floor":33.0,"turns":16.0},{"damage":0.0,"enemies":"Orb Walker","floor":35.0,"turns":8.0},{"damage":1.0,"enemies":"3 Shapes","floor":36.0,"turns":6.0},{"damage":0.0,"enemies":"Jaw Worm Horde","floor":37.0,"turns":6.0},{"damage":0.0,"enemies":"3 Darklings","floor":41.0,"turns":6.0},{"damage":0.0,"enemies":"Reptomancer","floor":42.0,"turns":10.0},{"damage":0.0,"enemies":"Sphere and 2 Shapes","floor":45.0,"turns":8.0},{"damage":0.0,"enemies":"Giant Head","floor":47.0,"turns":10.0},{"damage":7.0,"enemies":"Jaw Worm Horde","floor":48.0,"turns":8.0},{"damage":0.0,"enemies":"Time Eater","floor":50.0,"turns":10.0},{"damage":10.0,"enemies":"Awakened One","floor":51.0,"turns":14.0},{"damage":0,"enemies":"Shield and Spear","floor":55,"turns":12},{"damage":1,"enemies":"The Heart","floor":56,"turns":11}],"seed_played":"4053392030304469592","potions_obtained":[{"floor":0.0,"key":"LiquidMemories"},{"floor":4.0,"key":"Fruit Juice"},{"floor":14.0,"key":"DuplicationPotion"},{"floor":16.0,"key":"AttackPotion"},{"floor":19.0,"key":"Strength Potion"},{"floor":23.0,"key":"Ancient Potion"},{"floor":30.0,"key":"BottledMiracle"},{"floor":42.0,"key":"BottledMiracle"},{"floor":45.0,"key":"EntropicBrew"}],"is_trial":false,"path_per_floor":["M","?","$","M","?","E","?","E","T","M","?","T","E","M","R","B",null,"M","M","M","?","?","E","R","M","T","M","R","E","M","E","R","B",null,"M","M","M","?","$","R","M","E","T","R","M","?","E","M","R","B","B",null,"R","$","E","B",null],"character_chosen":"WATCHER","items_purchased":["Lantern","TalkToTheHand","Study","Orrery","Kunai","Art of War"],"campfire_rested":0,"item_purchase_floors":[39,39,39,39,54,54],"current_hp_per_floor":[66,66,66,66,59,44,44,29,29,29,3,3,5,5,5,5,55,55,52,44,35,35,35,35,35,35,35,35,35,35,35,35,30,34,34,33,33,33,33,33,33,33,33,33,33,33,33,26,26,26,16,30,30,30,30,29],"gold":135,"neow_bonus":"BOSS_RELIC","is_daily":false,"chose_seed":false,"campfire_upgraded":7,"win_rate":0.0,"timestamp":1613195522,"path_taken":["M","?","$","M","?","E","?","E","T","M","?","?","E","M","R","BOSS","M","M","M","?","?","E","R","M","T","M","R","E","M","E","R","BOSS","M","M","M","?","$","R","M","E","T","R","M","?","E","M","R","BOSS","BOSS","R","$","E","BOSS"],"items_purchased_type":["Relic","Card","Card","Relic","Relic","Relic"],"build_version":"2020-12-22","purchased_purges":3,"victory":true,"max_hp_per_floor":[73,73,73,73,73,73,66,66,66,66,66,66,71,71,71,71,71,71,71,71,35,35,35,35,35,35,35,35,35,35,35,35,35,35,35,35,35,35,35,35,35,35,35,35,35,35,35,35,35,35,35,35,35,35,35,35],"relic_stats":{"counters":[30,234],"Golden Idol":204,"CeramicFish":279,"Bag of Preparation":[36],"Letter Opener":[227],"Orichalcum":[240],"War Paint":["ThirdEye","Ghostly"],"GoldenEye":[199],"MawBank":84,"Ornamental Fan":[268],"VioletLotus":[30],"Art of War":[1],"Kunai":[21],"obtain_stats":[{"Lantern":39,"Tiny House":0,"Golden Idol":7,"CeramicFish":13,"Vajra":55,"Incense Burner":9,"Bag of Preparation":23,"Letter Opener":42,"Orichalcum":12,"War Paint":31,"GoldenEye":29,"MawBank":47,"HornCleat":11,"Ornamental Fan":26,"Orrery":39,"VioletLotus":34,"Bag of Marbles":8,"Coffee Dripper":17,"Art of War":54,"Kunai":54,"PureWater":0,"Unceasing Top":6},{"Lantern":21,"Tiny House":0,"Golden Idol":3,"CeramicFish":6,"Vajra":29,"Incense Burner":4,"Bag of Preparation":12,"Letter Opener":23,"Orichalcum":5,"War Paint":17,"GoldenEye":15,"MawBank":25,"HornCleat":5,"Ornamental Fan":13,"Orrery":21,"VioletLotus":18,"Bag of Marbles":4,"Coffee Dripper":8,"Art of War":28,"Kunai":28,"PureWater":0,"Unceasing Top":3},{"Lantern":145,"Tiny House":0,"Golden Idol":17,"CeramicFish":36,"Vajra":223,"Incense Burner":27,"Bag of Preparation":80,"Letter Opener":161,"Orichalcum":30,"War Paint":109,"GoldenEye":97,"MawBank":179,"HornCleat":30,"Ornamental Fan":85,"Orrery":145,"VioletLotus":125,"Bag of Marbles":27,"Coffee Dripper":54,"Art of War":211,"Kunai":211,"PureWater":0,"Unceasing Top":17}],"Unceasing Top":[0]},"card_choices":[{"not_picked":["Halt","DeceiveReality"],"picked":"Protect","floor":0.0},{"not_picked":["MentalFortress","SignatureMove"],"picked":"WheelKick","floor":1.0},{"not_picked":["BowlingBash","Collect"],"picked":"Wallop","floor":4.0},{"not_picked":["Swivel","Prostrate"],"picked":"EmptyFist","floor":6.0},{"not_picked":["SashWhip","WheelKick"],"picked":"SandsOfTime","floor":8.0},{"not_picked":["ForeignInfluence","EmptyFist"],"picked":"CrushJoints","floor":10.0},{"not_picked":["Alpha","EmptyFist"],"picked":"Vault","floor":13.0},{"not_picked":["Nirvana","PathToVictory"],"picked":"Perseverance","floor":14.0},{"not_picked":["Alpha","DeusExMachina"],"picked":"Establishment","floor":16.0},{"not_picked":["Consecrate","PathToVictory","CrushJoints"],"picked":"SKIP","floor":18.0},{"not_picked":["Consecrate","Weave"],"picked":"BowlingBash","floor":19.0},{"not_picked":["Pray","JustLucky"],"picked":"ThirdEye","floor":20.0},{"not_picked":["FollowUp","Nirvana"],"picked":"Perseverance","floor":23.0},{"not_picked":["JustLucky+1","PathToVictory+1","Prostrate"],"picked":"SKIP","floor":25.0},{"not_picked":["PathToVictory","SashWhip"],"picked":"BowlingBash","floor":27.0},{"not_picked":["Halt","Swivel"],"picked":"InnerPeace+1","floor":29.0},{"not_picked":["BowlingBash","FlurryOfBlows","WreathOfFlame"],"picked":"SKIP","floor":30.0},{"not_picked":["BowlingBash","WreathOfFlame"],"picked":"FlurryOfBlows","floor":30.0},{"not_picked":["Prostrate","BowlingBash"],"picked":"Wallop","floor":31.0},{"not_picked":["Scrawl","MasterReality"],"picked":"DevaForm","floor":33.0},{"not_picked":["Weave","Prostrate"],"picked":"ThirdEye","floor":35.0},{"not_picked":["Protect","Crescendo"],"picked":"Adaptation","floor":36.0},{"not_picked":["SandsOfTime","Evaluate"],"picked":"Sanctity","floor":37.0},{"not_picked":["JustLucky","Blasphemy"],"picked":"CutThroughFate","floor":39.0},{"not_picked":["Prostrate","ThirdEye"],"picked":"FearNoEvil","floor":39.0},{"not_picked":["FollowUp+1","Evaluate"],"picked":"Nirvana","floor":39.0},{"not_picked":["LikeWater","Prostrate"],"picked":"Evaluate+1","floor":39.0},{"not_picked":["Nirvana","EmptyFist"],"picked":"FlurryOfBlows+1","floor":41.0},{"not_picked":["Ragnarok","JustLucky"],"picked":"Wireheading","floor":42.0},{"not_picked":["Halt","ThirdEye","ForeignInfluence"],"picked":"SKIP","floor":45.0},{"not_picked":["Halt","ForeignInfluence"],"picked":"ThirdEye","floor":45.0},{"not_picked":["ThirdEye","PathToVictory"],"picked":"Wireheading","floor":47.0},{"not_picked":["SandsOfTime","PathToVictory"],"picked":"Vengeance","floor":48.0},{"not_picked":["Judgement","CarveReality"],"picked":"WheelKick","floor":55}],"player_experience":2706062,"relics_obtained":[{"floor":6.0,"key":"Unceasing Top"},{"floor":8.0,"key":"Bag of Marbles"},{"floor":9.0,"key":"Incense Burner"},{"floor":12.0,"key":"Orichalcum"},{"floor":13.0,"key":"CeramicFish"},{"floor":23.0,"key":"Bag of Preparation"},{"floor":26.0,"key":"Ornamental Fan"},{"floor":29.0,"key":"GoldenEye"},{"floor":31.0,"key":"War Paint"},{"floor":42.0,"key":"Letter Opener"},{"floor":47.0,"key":"MawBank"},{"floor":55,"key":"Vajra"}],"event_choices":[{"damage_healed":0.0,"max_hp_gain":0.0,"max_hp_loss":0.0,"gold_gain":0.0,"event_name":"Liars Game","player_choice":"Ignored","floor":2.0,"gold_loss":0.0,"damage_taken":0.0},{"cards_removed":["Strike_P"],"damage_healed":0.0,"max_hp_gain":0.0,"max_hp_loss":0.0,"gold_gain":0.0,"event_name":"Golden Wing","player_choice":"Card Removal","floor":5.0,"gold_loss":0.0,"damage_taken":7.0},{"damage_healed":0.0,"max_hp_gain":0.0,"max_hp_loss":7.0,"gold_gain":0.0,"event_name":"Golden Idol","player_choice":"Lose Max HP","floor":7.0,"gold_loss":0.0,"damage_taken":0.0,"relics_obtained":["Golden Idol"]},{"damage_healed":0.0,"max_hp_gain":0.0,"max_hp_loss":0.0,"gold_gain":0.0,"event_name":"Scrap Ooze","player_choice":"Success","floor":11.0,"gold_loss":0.0,"damage_taken":26.0,"relics_obtained":["HornCleat"]},{"damage_healed":0.0,"max_hp_gain":0.0,"max_hp_loss":36.0,"gold_gain":0.0,"event_name":"Ghosts","player_choice":"Became a Ghost","floor":21.0,"gold_loss":0.0,"damage_taken":0.0,"cards_obtained":["Ghostly","Ghostly","Ghostly"]},{"damage_healed":0.0,"max_hp_gain":0.0,"max_hp_loss":0.0,"gold_gain":0.0,"cards_transformed":["Strike_P","Strike_P"],"event_name":"Drug Dealer","player_choice":"Became Test Subject","floor":22.0,"gold_loss":0.0,"damage_taken":0.0,"cards_obtained":["EmptyBody","Protect"]},{"damage_healed":0.0,"max_hp_gain":0.0,"max_hp_loss":0.0,"gold_gain":0.0,"event_name":"Tomb of Lord Red Mask","player_choice":"Ignored","floor":38.0,"gold_loss":0.0,"damage_taken":0.0},{"damage_healed":0.0,"max_hp_gain":0.0,"max_hp_loss":0.0,"gold_gain":0.0,"event_name":"SensoryStone","player_choice":"Memory 1","floor":46.0,"gold_loss":0.0,"damage_taken":0.0}],"is_beta":false,"boss_relics":[{"not_picked":["Ectoplasm","Astrolabe"],"picked":"Coffee Dripper"},{"not_picked":["Philosopher\u0027s Stone","Empty Cage"],"picked":"VioletLotus"}],"items_purged_floors":[3,39,54],"is_endless":false,"potions_floor_spawned":[4,14,16,19,20,23,30,31,36,42,45,48],"ascension_level":20}}