{"host":"utqe55yv0jihe4d6","time":1613190297,"event":{"mods":["2.2 Compatiblity","AchievementEnabler","BaseMod","Block Reminder","Colored Map","Colored Powertips","Minty Spire (QoL Compilation)","Quick Restart","Rare Cards Sparkle","Relic Stats","SuperFastMode"],"gold_per_floor":[114,39,39,59,110,144,144,171,171,187,201,41,52,85,85,158,158,171,171,187,207,207,207,207,232,232,68,68,97,97,108,108,182,182,200,200,210,230,230,230],"floor_reached":39,"language":"ENG","playtime":1429,"items_purged":["Venomology"],"score":888,"play_id":"092dc960-ed88-43de-840b-4a4092a98404","local_time":"20210212232457","is_ascension_mode":true,"campfire_choices":[{"floor":7.0,"key":"REST"},{"data":"Envenom","floor":15.0,"key":"SMITH"},{"floor":23,"key":"REST"},{"data":"Ghostly","floor":28,"key":"SMITH"},{"data":"Ghostly","floor":32,"key":"SMITH"}],"circlet_count":0,"master_deck":["AscendersBane","Survivor","Catalyst","Quick Slash","Dodge and Roll","A Thousand Cuts","Blade Dance","Sucker Punch","Caltrops","Predator","PiercingWail","Deflect","Dodge and Roll","PiercingWail","Footwork","Envenom+1","Blur","Catalyst+1","Predator","Ghostly+1","Ghostly+1","Ghostly","Noxious Fumes","Backflip","Night Terror","Predator"],"relics":["Pandora\u0027s Box","MealTicket","Potion Belt","PreservedInsect","Anchor","Blue Candle","Oddly Smooth Stone","Turnip","Sozu","MutagenicStrength","Art of War","Toy Ornithopter","Snecko Eye"],"acts_visited":["Exordium","TheCity","TheBeyond"],"potions_floor_usage":[16,16,33],"damage_taken":[{"damage":0.0,"enemies":"Small Slimes","floor":1.0,"turns":2.0},{"damage":2.0,"enemies":"2 Louse","floor":4.0,"turns":3.0},{"damage":16.0,"enemies":"Lagavulin","floor":6.0,"turns":8.0},{"damage":3.0,"enemies":"3 Sentries","floor":8.0,"turns":4.0},{"damage":0.0,"enemies":"Jaw Worm","floor":10.0,"turns":3.0},{"damage":0.0,"enemies":"Red Slaver","floor":11.0,"turns":6.0},{"damage":1.0,"enemies":"Looter","floor":13.0,"turns":4.0},{"damage":19.0,"enemies":"Gremlin Nob","floor":14.0,"turns":4.0},{"damage":33,"enemies":"Slime Boss","floor":16,"turns":12},{"damage":22,"enemies":"Spheric Guardian","floor":18,"turns":5},{"damage":8,"enemies":"Chosen","floor":20,"turns":6},{"damage":14,"enemies":"Snake Plant","floor":21,"turns":5},{"damage":0,"enemies":"Slavers","floor":29,"turns":7},{"damage":4,"enemies":"Centurion and Healer","floor":31,"turns":8},{"damage":17,"enemies":"Collector","floor":33,"turns":10},{"damage":1,"enemies":"3 Shapes","floor":35,"turns":7},{"damage":0,"enemies":"3 Darklings","floor":37,"turns":7},{"damage":1,"enemies":"Maw","floor":38,"turns":6},{"damage":30,"enemies":"Spire Growth","floor":39,"turns":2}],"seed_played":"2149486438901937072","potions_obtained":[{"floor":4.0,"key":"DuplicationPotion"},{"floor":6.0,"key":"DistilledChaos"},{"floor":11.0,"key":"ColorlessPotion"},{"floor":14.0,"key":"DuplicationPotion"},{"floor":16,"key":"DistilledChaos"}],"is_trial":false,"path_per_floor":["M","?","?","M","T","E","R","E","T","M","M","$","M","E","R","B",null,"M","?","M","M","?","R","?","T","T","$","R","E","?","M","R","B",null,"M","?","M","M","M"],"character_chosen":"THE_SILENT","items_purchased":["Oddly Smooth Stone","Noxious Fumes"],"campfire_rested":2,"item_purchase_floors":[12,27],"current_hp_per_floor":[59,59,41,39,39,23,42,39,39,39,39,54,53,34,34,1,50,28,41,33,19,19,38,33,33,33,33,33,33,33,29,29,16,29,28,28,28,27,0,0],"gold":230,"neow_bonus":"BOSS_RELIC","is_daily":false,"chose_seed":false,"campfire_upgraded":3,"win_rate":0.0,"timestamp":1613190297,"path_taken":["M","?","?","M","?","E","R","E","T","M","M","$","?","E","R","BOSS","M","?","M","M","?","R","?","?","T","$","R","E","?","M","R","BOSS","M","?","M","?","M"],"items_purchased_type":["Relic","Card"],"build_version":"2020-12-22","purchased_purges":1,"victory":false,"max_hp_per_floor":[66,66,66,66,66,66,66,66,66,66,66,66,66,66,66,66,66,66,66,66,66,66,66,33,33,33,33,33,33,33,33,33,33,33,33,33,33,33,33,33],"relic_stats":{"Sozu":5,"counters":[19,109],"Blue Candle":[0],"Snecko Eye":[59,40,47,42],"Pandora\u0027s Box":["Quick Slash","Catalyst","Quick Slash","Choke","Dodge and Roll","A Thousand Cuts","Blade Dance","Sucker Punch","Caltrops","Predator"],"MealTicket":15,"PreservedInsect":96,"Turnip":[28],"Art of War":[9],"obtain_stats":[{"Potion Belt":5,"Blue Candle":9,"Oddly Smooth Stone":12,"PreservedInsect":6,"Sozu":17,"Anchor":8,"MutagenicStrength":22,"Snecko Eye":34,"Pandora\u0027s Box":0,"MealTicket":3,"Turnip":14,"Art of War":25,"Toy Ornithopter":26,"Ring of the Snake":0},{"Potion Belt":2,"Blue Candle":4,"Oddly Smooth Stone":6,"PreservedInsect":3,"Sozu":9,"Anchor":4,"MutagenicStrength":12,"Snecko Eye":15,"Pandora\u0027s Box":0,"MealTicket":1,"Turnip":8,"Art of War":12,"Toy Ornithopter":12,"Ring of the Snake":0},{"Potion Belt":5,"Blue Candle":17,"Oddly Smooth Stone":26,"PreservedInsect":13,"Sozu":46,"Anchor":17,"MutagenicStrength":62,"Snecko Eye":87,"Pandora\u0027s Box":0,"MealTicket":2,"Turnip":34,"Art of War":62,"Toy Ornithopter":62,"Ring of the Snake":0}],"Toy Ornithopter":4},"card_choices":[{"not_picked":["Outmaneuver","All Out Attack"],"picked":"PiercingWail","floor":1.0},{"not_picked":["Dagger Spray","Underhanded Strike"],"picked":"Deflect","floor":4.0},{"not_picked":["Sucker Punch","Setup"],"picked":"Dodge and Roll","floor":6.0},{"not_picked":["Dagger Spray","Outmaneuver"],"picked":"PiercingWail","floor":8.0},{"not_picked":["Skewer","Quick Slash"],"picked":"Footwork","floor":10.0},{"not_picked":["Sucker Punch","Slice"],"picked":"Envenom","floor":11.0},{"not_picked":["Outmaneuver","Prepared","Slice"],"picked":"SKIP","floor":13.0},{"not_picked":["Caltrops","Reflex"],"picked":"Blur","floor":14.0},{"not_picked":["Envenom","Bullet Time"],"picked":"Venomology","floor":16},{"not_picked":["Acrobatics","Underhanded Strike+1"],"picked":"Catalyst+1","floor":18},{"not_picked":["Sucker Punch","Terror"],"picked":"Predator","floor":20},{"not_picked":["Quick Slash","Dash","Flying Knee"],"picked":"SKIP","floor":21},{"not_picked":["Choke","Sucker Punch","Cloak And Dagger"],"picked":"SKIP","floor":29},{"not_picked":["Dagger Spray","Finisher"],"picked":"Backflip","floor":31},{"not_picked":["Glass Knife","Envenom"],"picked":"Night Terror","floor":33},{"not_picked":["Backflip","Cloak And Dagger","Outmaneuver"],"picked":"SKIP","floor":35},{"not_picked":["Backflip","Cloak And Dagger"],"picked":"Predator","floor":37},{"not_picked":["Skewer","Predator","Dagger Throw"],"picked":"SKIP","floor":38}],"player_experience":3065325,"relics_obtained":[{"floor":5.0,"key":"Potion Belt"},{"floor":6.0,"key":"PreservedInsect"},{"floor":8.0,"key":"Anchor"},{"floor":9.0,"key":"Blue Candle"},{"floor":14.0,"key":"Turnip"},{"floor":25,"key":"Art of War"},{"floor":26,"key":"Toy Ornithopter"}],"event_choices":[{"cards_removed":["Choke"],"damage_healed":0.0,"max_hp_gain":0.0,"max_hp_loss":0.0,"gold_gain":0.0,"event_name":"The Cleric","player_choice":"Card Removal","floor":2.0,"gold_loss":75.0,"damage_taken":0.0},{"damage_healed":0.0,"max_hp_gain":0.0,"max_hp_loss":0.0,"gold_gain":0.0,"event_name":"Scrap Ooze","player_choice":"Success","floor":3.0,"gold_loss":0.0,"damage_taken":18.0,"relics_obtained":["MealTicket"]},{"damage_healed":13,"gold_gain":0,"player_choice":"Heal","damage_taken":0,"max_hp_gain":0,"max_hp_loss":0,"event_name":"The Library","floor":19,"gold_loss":0},{"damage_healed":0,"gold_gain":0,"player_choice":"Inject Mutagens","damage_taken":0,"relics_obtained":["MutagenicStrength"],"max_hp_gain":0,"max_hp_loss":0,"event_name":"Drug Dealer","floor":22,"gold_loss":0},{"damage_healed":0,"gold_gain":0,"player_choice":"Became a Ghost","damage_taken":0,"max_hp_gain":0,"max_hp_loss":33,"event_name":"Ghosts","floor":24,"gold_loss":0,"cards_obtained":["Ghostly","Ghostly","Ghostly"]},{"cards_removed":["Quick Slash"],"damage_healed":0,"gold_gain":0,"player_choice":"Elegance","damage_taken":0,"max_hp_gain":0,"max_hp_loss":0,"event_name":"Back to Basics","floor":30,"gold_loss":0},{"cards_removed":["Neutralize"],"damage_healed":0,"gold_gain":0,"player_choice":"Purged","damage_taken":0,"max_hp_gain":0,"max_hp_loss":0,"event_name":"Purifier","floor":36,"gold_loss":0}],"is_beta":false,"boss_relics":[{"not_picked":["HoveringKite","Astrolabe"],"picked":"Sozu"},{"not_picked":["Cursed Key","Philosopher\u0027s Stone"],"picked":"Snecko Eye"}],"items_purged_floors":[27],"is_endless":false,"potions_floor_spawned":[4,6,11,14,16,31,33,35,38],"killed_by":"Spire Growth","ascension_level":20}}