{"host":"hf83sijwe64ts2lm","time":1613259704,"event":{"mods":["2.2 Compatiblity","BaseMod","Better Altar","Better Match","Better Note","Better Sensory Stone","Better Skull","Better Third Choice","Colored Map","Colored Powertips","Highlight Path","Hubris","Infinite Spire","Minty Spire (QoL Compilation)","Quick Restart","Rare Cards Sparkle","Relic Stats","Reliquary","Replay The Spire","Shop Mod","Spicy Shops","Spire Arcade","StSLib","Thieving Mod"],"gold_per_floor":[109,126,146,146,166,166,179,205,205,11,37,37,37,51,51,151,151,170,189,211,230,247,247,260,260,260,272,286,303,317,12,12,22,22],"floor_reached":33,"language":"ENG","playtime":1533,"items_purged":[],"score":365,"play_id":"4e42315e-519f-4827-ac42-0a62eda1cc3e","local_time":"20210213184144","is_ascension_mode":true,"campfire_choices":[{"floor":6,"key":"RECALL"},{"floor":12,"key":"REST"},{"data":"Backstab","floor":15,"key":"SMITH"},{"floor":23,"key":"REST"},{"floor":25,"key":"REST"},{"floor":32,"key":"REST"}],"circlet_count":0,"master_deck":["Strike_G","Strike_G","Strike_G","Strike_G","Strike_G","Defend_G","Defend_G","Defend_G","Defend_G","Defend_G","Bane","Toxin Wave","Leap+1","Beam Cell","Toxin Wave","Blade Dance","Backstab+1","All Out Attack","PiercingWail","Poisoned Stab","Venomology","CurseOfTheBell","Cloak And Dagger+1","Deflect","Replay:Poison Smokescreen+1","Cloak And Dagger","Distraction+1","Backstab","Flying Knee+1","ReplayTheSpireMod:Speed Training","Caltrops","Deflect","Poisoned Stab"],"relics":["Ring of the Snake","FossilizedHelix","Snack Pack","Vajra","infinitespire:FocusingShard","Replay:Bottled Steam","Calling Bell","reliquary:Boomerang","infinitespire:Midas Blood","Replay:Towering Pillar of Hats","Letter Opener","ReplayTheSpireMod:Shallot"],"acts_visited":["Exordium","TheCity"],"potions_floor_usage":[8,11,16,18,19,19,20,21,22,22,28,29,33,33],"damage_taken":[{"damage":5,"enemies":"2 Louse","floor":1,"turns":5},{"damage":0,"enemies":"Jaw Worm","floor":2,"turns":4},{"damage":0,"enemies":"Cultist","floor":3,"turns":3},{"damage":3,"enemies":"Lots of Slimes","floor":5,"turns":3},{"damage":6,"enemies":"Exordium Wildlife","floor":7,"turns":3},{"damage":15,"enemies":"3 Sentries","floor":8,"turns":6},{"damage":8,"enemies":"Lagavulin","floor":11,"turns":5},{"damage":0,"enemies":"Looter","floor":14,"turns":3},{"damage":12,"enemies":"Fading Forest","floor":16,"turns":11},{"damage":6,"enemies":"Chosen","floor":18,"turns":2},{"damage":0,"enemies":"3 Byrds","floor":19,"turns":3},{"damage":31,"enemies":"Snake Plant","floor":20,"turns":5},{"damage":14,"enemies":"3 Cultists","floor":21,"turns":5},{"damage":0,"enemies":"Centurion and Healer","floor":22,"turns":3},{"damage":15,"enemies":"Snecko","floor":24,"turns":5},{"damage":0,"enemies":"Chosen and Byrds","floor":27,"turns":4},{"damage":17,"enemies":"Sentry and Sphere","floor":28,"turns":4},{"damage":8,"enemies":"Snake Plant","floor":29,"turns":2},{"damage":11,"enemies":"Centurion and Healer","floor":30,"turns":5},{"damage":85,"enemies":"Champ","floor":33,"turns":11}],"seed_played":"1870777664982427614","potions_obtained":[{"floor":2,"key":"Languid Potion"},{"floor":7,"key":"BlessingOfTheForge"},{"floor":14,"key":"Adrenaline Potion"},{"floor":18,"key":"Regen Potion"},{"floor":21,"key":"ColorlessPotion"},{"floor":24,"key":"Elixir"},{"floor":30,"key":"SteroidPotion"}],"is_trial":false,"path_per_floor":["M","M","M","?","M","R","M","E","T","$","E","R","?","M","R","B",null,"M","M","M","M","M","R","M","R","T","M","M","M","M","$","R","B"],"character_chosen":"THE_SILENT","items_purchased":["Vajra","All Out Attack","ReplayTheSpireMod:Shallot","Poisoned Stab"],"campfire_rested":4,"item_purchase_floors":[10,10,31,31],"current_hp_per_floor":[65,65,65,65,62,62,56,41,41,41,37,58,58,60,60,70,70,66,70,39,31,35,56,41,62,62,70,53,47,42,42,63,0,0],"gold":22,"neow_bonus":"UPGRADE_CARD","is_daily":false,"chose_seed":false,"campfire_upgraded":1,"win_rate":0.0,"timestamp":1613259704,"path_taken":["M","M","M","?","M","R","M","E","T","$","E","R","?","M","R","BOSS","M","M","?","?","M","R","M","R","T","M","M","M","M","$","R","BOSS"],"items_purchased_type":["Relic","Card","Relic","Card"],"build_version":"2020-12-22","purchased_purges":0,"victory":false,"max_hp_per_floor":[70,70,70,70,70,70,70,70,70,70,70,70,70,70,70,70,70,70,70,70,70,70,70,70,70,70,70,70,70,70,70,70,70,70],"relic_stats":{"counters":[20,92],"Letter Opener":[27],"obtain_stats":[{"Calling Bell":17,"reliquary:Boomerang":17,"Replay:Towering Pillar of Hats":17,"ReplayTheSpireMod:Shallot":31,"Vajra":10,"infinitespire:FocusingShard":11,"Snack Pack":9,"Letter Opener":26,"FossilizedHelix":8,"Ring of the Snake":0,"Replay:Bottled Steam":13,"infinitespire:Midas Blood":17},{"Calling Bell":9,"reliquary:Boomerang":9,"Replay:Towering Pillar of Hats":9,"ReplayTheSpireMod:Shallot":19,"Vajra":6,"infinitespire:FocusingShard":7,"Snack Pack":6,"Letter Opener":15,"FossilizedHelix":6,"Ring of the Snake":0,"Replay:Bottled Steam":7,"infinitespire:Midas Blood":9},{"Calling Bell":43,"reliquary:Boomerang":43,"Replay:Towering Pillar of Hats":43,"ReplayTheSpireMod:Shallot":81,"Vajra":24,"infinitespire:FocusingShard":29,"Snack Pack":24,"Letter Opener":66,"FossilizedHelix":24,"Ring of the Snake":0,"Replay:Bottled Steam":29,"infinitespire:Midas Blood":43}],"Ring of the Snake":[40]},"card_choices":[{"not_picked":["PiercingWail","hubris:SlightOfHand"],"picked":"Bane","floor":1},{"not_picked":["PiercingWail","Deflect"],"picked":"Bane","floor":2},{"not_picked":["Quick Slash","ReplayTheSpireMod:Exploit Weakness"],"picked":"Toxin Wave","floor":3},{"not_picked":["Outmaneuver","Sneak Up"],"picked":"Toxin Wave","floor":5},{"not_picked":["Prepared","Tactician"],"picked":"Blade Dance","floor":7},{"not_picked":["Tools of the Trade","Flying Knee"],"picked":"Backstab","floor":8},{"not_picked":["Reflex","Acrobatics"],"picked":"PiercingWail","floor":11},{"not_picked":["Underhanded Strike","Dagger Spray"],"picked":"Poisoned Stab","floor":14},{"not_picked":["ReplayTheSpireMod:From All Sides","Wraith Form v2"],"picked":"Venomology","floor":16},{"not_picked":["Outmaneuver","ReplayTheSpireMod:Speed Training+1"],"picked":"Cloak And Dagger+1","floor":18},{"not_picked":["Dagger Spray","Quick Slash+1"],"picked":"Deflect","floor":19},{"not_picked":["Infinite Blades","Acrobatics"],"picked":"Replay:Poison Smokescreen+1","floor":20},{"not_picked":["Eviscerate","ReplayTheSpireMod:Exploit Weakness+1"],"picked":"Cloak And Dagger","floor":21},{"not_picked":["Deflect","Quick Slash+1"],"picked":"Distraction+1","floor":22},{"not_picked":["Footwork","Blade Dance"],"picked":"Backstab","floor":24},{"not_picked":["Dodge and Roll+1","Prepared"],"picked":"Flying Knee+1","floor":27},{"not_picked":["PiercingWail","Phantasmal Killer"],"picked":"ReplayTheSpireMod:Speed Training","floor":28},{"not_picked":["Prepared+1","Reflex"],"picked":"Caltrops","floor":29},{"not_picked":["hubris:SlightOfHand","Sneak Up+1"],"picked":"Deflect","floor":30}],"player_experience":170846,"relics_obtained":[{"floor":8,"key":"FossilizedHelix"},{"floor":9,"key":"Snack Pack"},{"floor":11,"key":"infinitespire:FocusingShard"},{"floor":17,"key":"reliquary:Boomerang"},{"floor":17,"key":"infinitespire:Midas Blood"},{"floor":17,"key":"Replay:Towering Pillar of Hats"},{"floor":26,"key":"Letter Opener"}],"event_choices":[{"cards_removed":["Bane"],"damage_healed":0,"gold_gain":0,"player_choice":"Gave Card","damage_taken":0,"relics_obtained":["Replay:Bottled Steam"],"max_hp_gain":0,"max_hp_loss":0,"event_name":"WeMeetAgain","floor":13,"gold_loss":0}],"is_beta":false,"boss_relics":[{"not_picked":["ChewingGum","hubris:VirtuousBlindfold"],"picked":"Calling Bell"}],"items_purged_floors":[],"is_endless":false,"potions_floor_spawned":[2,7,14,18,21,24,30],"killed_by":"Champ","ascension_level":3}}