{"host":"3hzk4hwwdropes3d","time":1613252598,"event":{"mods":["BaseMod","Downfall","Hermit","Minty Spire (QoL Compilation)","StSLib"],"gold_per_floor":[110,110,285,298,147,147,182,209,209,224,224,249,264,299,299,395,395,410,421,421,440,192,224,224,254,280,4,4,4,4],"floor_reached":29,"language":"ENG","playtime":1400,"items_purged":["Doubt","hermit:Strike_Hermit","hermit:Strike_Hermit"],"score":403,"play_id":"05ee9141-4fbb-45e1-9550-90e38d56876c","local_time":"20210213134318","is_ascension_mode":true,"campfire_choices":[{"data":"hermit:Malice","floor":6.0,"key":"SMITH"},{"data":"hermit:Deadeye","floor":11.0,"key":"SMITH"},{"data":"hermit:Manifest","floor":15.0,"key":"SMITH"},{"floor":24,"key":"REST"}],"circlet_count":0,"master_deck":["hermit:Strike_Hermit","hermit:Strike_Hermit","hermit:Defend_Hermit","hermit:Defend_Hermit","hermit:Defend_Hermit","hermit:Defend_Hermit","hermit:Snapshot","hermit:Covet","hermit:Desperado","Regret","hermit:GhostlyPresence","hermit:Malice+1","hermit:Deadeye+1","hermit:Quickdraw","hermit:WideOpen","hermit:Manifest+1","hermit:BlackWind","hermit:ShadowCloak","hermit:Quickdraw","hermit:Ricochet","hermit:Headshot","hermit:Headshot","hermit:Ricochet+1","hermit:Gestalt"],"relics":["hermit:Momento","NeowsBlessing","sneckomod:BlankCard","StrikeDummy","Odd Mushroom","Smiling Mask","Orichalcum","Pear","sneckomod:SneckoTalon","Guardian:PocketSentry","Tiny Chest","Slimebound:StickyStick","Happy Flower","PreservedInsect"],"acts_visited":["Exordium","TheCity"],"potions_floor_usage":[],"damage_taken":[{"damage":0.0,"enemies":"2 Louse","floor":1.0,"turns":1.0},{"damage":0.0,"enemies":"Small Slimes","floor":4.0,"turns":1.0},{"damage":0.0,"enemies":"Gremlin Nob","floor":7.0,"turns":1.0},{"damage":1.0,"enemies":"The Mushroom Lair","floor":8.0,"turns":2.0},{"damage":12.0,"enemies":"Jaw Worm","floor":10.0,"turns":2.0},{"damage":16.0,"enemies":"Lagavulin","floor":12.0,"turns":5.0},{"damage":0.0,"enemies":"Looter","floor":13.0,"turns":2.0},{"damage":16.0,"enemies":"3 Sentries","floor":14.0,"turns":3.0},{"damage":38.0,"enemies":"The Guardian","floor":16.0,"turns":11.0},{"damage":3.0,"enemies":"Chosen","floor":18.0,"turns":3.0},{"damage":43.0,"enemies":"3 Byrds","floor":19.0,"turns":6.0},{"damage":0.0,"enemies":"Snecko","floor":21.0,"turns":2.0},{"damage":10,"enemies":"Gremlin Leader","floor":23,"turns":4},{"damage":32,"enemies":"Book of Stabbing","floor":25,"turns":5},{"damage":15,"enemies":"Sentry and Sphere","floor":29,"turns":3}],"seed_played":"4267266988874597903","potions_obtained":[{"floor":4.0,"key":"Guardian:BlockOnCardUsePotion"},{"floor":7.0,"key":"SpeedPotion"},{"floor":8.0,"key":"PowerPotion"},{"floor":12.0,"key":"SneckoOil"},{"floor":14.0,"key":"Strength Potion"},{"floor":19.0,"key":"BlessingOfTheForge"},{"floor":23,"key":"Strength Potion"}],"is_trial":false,"path_per_floor":["M","?","?","M","$","R","E","?","T","M","R","E","M","E","R","B",null,"M","M","?","M","$","E","R","E","T","$","?","M"],"character_chosen":"HERMIT","items_purchased":["hermit:Malice","Guardian:PocketSentry","hermit:Headshot","PreservedInsect","hermit:Gestalt"],"campfire_rested":1,"item_purchase_floors":[5,22,22,27,27],"current_hp_per_floor":[75,75,75,75,75,75,75,74,74,62,62,46,46,40,40,2,85,82,39,23,23,23,13,40,8,8,8,8,0,0],"gold":4,"neow_bonus":"THREE_ENEMY_KILL","is_daily":false,"chose_seed":false,"campfire_upgraded":3,"win_rate":0.0,"timestamp":1613252598,"path_taken":["M","?","?","M","$","R","E","?","T","M","R","E","M","E","R","BOSS","M","M","?","M","$","E","R","E","T","$","?","M"],"items_purchased_type":["Card","Relic","Card","Relic","Card"],"build_version":"2020-12-22","purchased_purges":3,"victory":false,"max_hp_per_floor":[75,75,75,75,75,75,75,75,75,75,75,75,75,85,85,85,85,85,85,90,90,90,90,90,90,90,90,90,90,90],"card_choices":[{"not_picked":["hermit:HoleUp","hermit:Roulette"],"picked":"hermit:Desperado","floor":1.0},{"not_picked":["hermit:DeadMansHand","hermit:Snipe"],"picked":"hermit:GhostlyPresence","floor":4.0},{"not_picked":["hermit:Adapt","hermit:Shortfuse","hermit:TrackingShot"],"picked":"SKIP","floor":7.0},{"not_picked":["hermit:Feint","hermit:Desperado"],"picked":"hermit:Deadeye","floor":8.0},{"not_picked":["hermit:Roulette","hermit:Deadeye"],"picked":"hermit:Quickdraw","floor":10.0},{"not_picked":["hermit:Spite","hermit:TakeCover"],"picked":"hermit:WideOpen","floor":12.0},{"not_picked":["hermit:HighNoon","hermit:Desperado","hermit:TrackingShot"],"picked":"SKIP","floor":13.0},{"not_picked":["hermit:NoHoldsBarred","hermit:Desperado"],"picked":"hermit:Manifest","floor":14.0},{"not_picked":["hermit:Purgatory","hermit:FatalDesire"],"picked":"hermit:BlackWind","floor":16.0},{"not_picked":["hermit:Virtue","hermit:Snipe+1"],"picked":"hermit:ShadowCloak","floor":18.0},{"not_picked":["hermit:CalledShot","hermit:Misfire"],"picked":"hermit:Quickdraw","floor":19.0},{"not_picked":["hermit:Snipe","hermit:FatalDesire"],"picked":"hermit:Ricochet","floor":21.0},{"not_picked":["hermit:Cheat","hermit:TakeCover"],"picked":"hermit:Headshot","floor":23},{"not_picked":["hermit:FullyLoaded","hermit:Dive+1"],"picked":"hermit:Ricochet+1","floor":25}],"player_experience":392289,"relics_obtained":[{"floor":7.0,"key":"StrikeDummy"},{"floor":8.0,"key":"Odd Mushroom"},{"floor":9.0,"key":"Smiling Mask"},{"floor":12.0,"key":"Orichalcum"},{"floor":14.0,"key":"Pear"},{"floor":23,"key":"Tiny Chest"},{"floor":25,"key":"Slimebound:StickyStick"},{"floor":26,"key":"Happy Flower"}],"event_choices":[{"damage_healed":0.0,"max_hp_gain":0.0,"max_hp_loss":0.0,"gold_gain":0.0,"event_name":"Big Fish","player_choice":"Box","floor":2.0,"gold_loss":0.0,"damage_taken":0.0,"relics_obtained":["sneckomod:BlankCard"],"cards_obtained":["Regret"]},{"damage_healed":0.0,"max_hp_gain":0.0,"max_hp_loss":0.0,"gold_gain":175.0,"event_name":"Liars Game","player_choice":"AGREE","floor":3.0,"gold_loss":0.0,"damage_taken":0.0,"cards_obtained":["Doubt"]},{"damage_healed":0.0,"max_hp_gain":0.0,"max_hp_loss":0.0,"gold_gain":0.0,"event_name":"Mushrooms","player_choice":"Fought Mushrooms","floor":8.0,"gold_loss":0.0,"damage_taken":0.0},{"damage_healed":0.0,"max_hp_gain":5.0,"max_hp_loss":0.0,"gold_gain":0.0,"event_name":"Forgotten Altar","player_choice":"Shed Blood","floor":20.0,"gold_loss":0.0,"damage_taken":21.0},{"damage_healed":0,"gold_gain":0,"player_choice":"Ignored","damage_taken":0,"max_hp_gain":0,"max_hp_loss":0,"event_name":"Cursed Tome","floor":28,"gold_loss":0}],"is_beta":false,"boss_relics":[{"not_picked":["Sozu","Ectoplasm"],"picked":"sneckomod:SneckoTalon"}],"items_purged_floors":[5,22,27],"is_endless":false,"potions_floor_spawned":[4,7,8,12,13,14,19,23],"killed_by":"Sentry and Sphere","ascension_level":3}}