{"host":"sc0o2qwpf9j16a4i","time":1613225561,"event":{"mods":["AchievementEnabler","BaseMod","BetterRewards","Block Reminder","Colored Map","Colored Powertips","Custom Start","Highlight Path","Minty Spire (QoL Compilation)","Relic Stats"],"gold_per_floor":[366,6,25,25,40,69,88,88,113,113,113],"floor_reached":10,"language":"ENG","playtime":288,"items_purged":[],"score":136,"play_id":"250ff43c-2c4f-4891-a483-f74a19493e95","local_time":"20210213161241","is_ascension_mode":true,"campfire_choices":[{"floor":8.0,"key":"REST"}],"circlet_count":0,"master_deck":["AscendersBane","Strike_R","Strike_R","Strike_R","Strike_R","Strike_R","Defend_R","Defend_R","Defend_R","Defend_R","Bash","Thunderclap","Feel No Pain","Armaments","Pommel Strike","Shrug It Off"],"relics":["Burning Blood","Membership Card","Magic Flower","Boot","Tiny Chest","Strawberry"],"acts_visited":["Exordium"],"potions_floor_usage":[10],"damage_taken":[{"damage":7.0,"enemies":"Small Slimes","floor":1.0,"turns":4.0},{"damage":2.0,"enemies":"Cultist","floor":3.0,"turns":4.0},{"damage":9.0,"enemies":"Jaw Worm","floor":5.0,"turns":4.0},{"damage":53.0,"enemies":"Gremlin Nob","floor":6.0,"turns":5.0},{"damage":30.0,"enemies":"Exordium Wildlife","floor":7.0,"turns":6.0},{"damage":53,"enemies":"Lagavulin","floor":10,"turns":9}],"seed_played":"1904827784283112657","potions_obtained":[{"floor":1.0,"key":"BloodPotion"},{"floor":3.0,"key":"LiquidBronze"}],"is_trial":false,"path_per_floor":["M","$","M","?","M","E","M","R","T","E"],"character_chosen":"IRONCLAD","items_purchased":["Membership Card","Magic Flower","Feel No Pain"],"campfire_rested":1,"item_purchase_floors":[2,2,2],"current_hp_per_floor":[49,49,56,56,56,35,14,36,43,0,0],"gold":113,"neow_bonus":"TWO_FIFTY_GOLD","is_daily":false,"chose_seed":false,"campfire_upgraded":0,"win_rate":0.0,"timestamp":1613225561,"path_taken":["M","$","M","?","M","E","?","R","T","E"],"items_purchased_type":["Relic","Relic","Card"],"build_version":"2020-12-22","purchased_purges":0,"victory":false,"max_hp_per_floor":[75,75,75,75,75,75,75,75,82,82,82],"relic_stats":{"counters":[6,32],"Magic Flower":[20],"Tiny Chest":0,"Boot":[25],"obtain_stats":[{"Strawberry":9,"Magic Flower":2,"Tiny Chest":6,"Membership Card":2,"Boot":4,"Burning Blood":0},{"Strawberry":5,"Magic Flower":1,"Tiny Chest":4,"Membership Card":1,"Boot":2,"Burning Blood":0},{"Strawberry":23,"Magic Flower":4,"Tiny Chest":17,"Membership Card":4,"Boot":8,"Burning Blood":0}],"Burning Blood":42},"card_choices":[{"not_picked":["Sever Soul","Warcry"],"picked":"Thunderclap","floor":1.0},{"not_picked":["Feel No Pain","Warcry"],"picked":"Armaments","floor":3.0},{"not_picked":["Flex","Infernal Blade","Armaments"],"picked":"SKIP","floor":5.0},{"not_picked":["Perfected Strike","Combust"],"picked":"Pommel Strike","floor":6.0},{"not_picked":["Cleave","Body Slam"],"picked":"Shrug It Off","floor":7.0}],"player_experience":1401636,"relics_obtained":[{"floor":4.0,"key":"Boot"},{"floor":6.0,"key":"Tiny Chest"},{"floor":9.0,"key":"Strawberry"}],"event_choices":[{"damage_healed":0.0,"max_hp_gain":0.0,"max_hp_loss":0.0,"gold_gain":0.0,"event_name":"Wheel of Change","player_choice":"Relic","floor":4.0,"gold_loss":0.0,"damage_taken":0.0}],"is_beta":false,"boss_relics":[],"items_purged_floors":[],"is_endless":false,"potions_floor_spawned":[1,3],"killed_by":"Lagavulin","ascension_level":20}}