{"host":"uexz8m6e0pxi7xat","time":1613203588,"event":{"mods":["BaseMod","Bestiary","Minty Spire (QoL Compilation)","Relic Stats","ojb\u0027s Info Mod"],"gold_per_floor":[109,129,141,141,60,60,79,108,108,143,154,186,186,197,197,273,273,286,155,170,85,96,121,121,36,36,36,65,81,95,126,126,201,201,218,272,321,334,348,348,368,399,411,423,229,239,177,204,204,204,204,204,204,44,76,76],"floor_reached":57,"language":"ENG","playtime":5506,"items_purged":["Strike_R","Strike_R","Strike_R"],"score":3034,"play_id":"cd98c719-1b17-4f16-bdcf-8b04e8325963","local_time":"20210213210628","is_ascension_mode":true,"campfire_choices":[{"data":"Bash","floor":6,"key":"SMITH"},{"data":"Feed","floor":15,"key":"SMITH"},{"data":"Inflame","floor":24,"key":"SMITH"},{"data":"Disarm","floor":27,"key":"SMITH"},{"floor":32,"key":"REST"},{"data":"Inflame","floor":40,"key":"SMITH"},{"floor":49,"key":"RECALL"},{"data":"Sword Boomerang","floor":53,"key":"SMITH"}],"circlet_count":0,"master_deck":["AscendersBane","Strike_R+1","Strike_R","Defend_R","Defend_R+1","Defend_R","Defend_R","Bash+1","Clothesline+1","Shrug It Off","Iron Wave","Inflame+1","Thunderclap","Shockwave+1","Shrug It Off","Feed+1","Inflame+1","Impervious","Headbutt","Impervious","Twin Strike+1","Disarm+1","Sword Boomerang+1","Battle Trance","Pummel+1","Power Through","Reaper","Disarm","Shrug It Off+1","Impervious","Thunderclap+1","Inflame+1","Disarm","Shrug It Off+1","Uppercut","True Grit+1"],"relics":["Philosopher\u0027s Stone","Tiny Chest","PreservedInsect","Matryoshka","Whetstone","Gambling Chip","Black Star","Paper Frog","Orichalcum","Anchor","Bag of Marbles","War Paint","Regal Pillow","Bottled Lightning","Vajra","The Courier","Velvet Choker","TungstenRod","Centennial Puzzle","Oddly Smooth Stone","MawBank","HornCleat","DollysMirror","MealTicket","Eternal Feather","Mercury Hourglass","Happy Flower"],"acts_visited":["Exordium","TheCity","TheBeyond","TheEnding"],"potions_floor_usage":[16,18,20,29,31,33,42,55,56,56],"damage_taken":[{"damage":0,"enemies":"2 Louse","floor":1,"turns":3},{"damage":3,"enemies":"Jaw Worm","floor":2,"turns":2},{"damage":0,"enemies":"Cultist","floor":3,"turns":3},{"damage":0,"enemies":"Red Slaver","floor":7,"turns":4},{"damage":15,"enemies":"Lagavulin","floor":8,"turns":5},{"damage":7,"enemies":"Gremlin Nob","floor":10,"turns":3},{"damage":0,"enemies":"Looter","floor":11,"turns":3},{"damage":5,"enemies":"Lagavulin","floor":12,"turns":6},{"damage":1,"enemies":"Large Slime","floor":14,"turns":6},{"damage":0,"enemies":"Slime Boss","floor":16,"turns":5},{"damage":7,"enemies":"2 Thieves","floor":18,"turns":4},{"damage":0,"enemies":"Chosen","floor":20,"turns":3},{"damage":12,"enemies":"Snecko","floor":22,"turns":5},{"damage":27,"enemies":"Gremlin Leader","floor":23,"turns":6},{"damage":20,"enemies":"Book of Stabbing","floor":28,"turns":6},{"damage":0,"enemies":"Centurion and Healer","floor":29,"turns":7},{"damage":17,"enemies":"Shelled Parasite and Fungi","floor":30,"turns":4},{"damage":0,"enemies":"Slavers","floor":31,"turns":4},{"damage":34,"enemies":"Automaton","floor":33,"turns":8},{"damage":1,"enemies":"3 Darklings","floor":35,"turns":5},{"damage":26,"enemies":"2 Orb Walkers","floor":36,"turns":4},{"damage":0,"enemies":"3 Shapes","floor":38,"turns":4},{"damage":0,"enemies":"3 Darklings","floor":39,"turns":3},{"damage":3,"enemies":"Jaw Worm Horde","floor":41,"turns":4},{"damage":0,"enemies":"Nemesis","floor":42,"turns":5},{"damage":24,"enemies":"Transient","floor":46,"turns":6},{"damage":9,"enemies":"Reptomancer","floor":48,"turns":4},{"damage":21,"enemies":"Awakened One","floor":50,"turns":24},{"damage":17,"enemies":"Donu and Deca","floor":51,"turns":9},{"damage":17,"enemies":"Shield and Spear","floor":55,"turns":8},{"damage":92,"enemies":"The Heart","floor":56,"turns":11}],"seed_played":"3126830602749245955","potions_obtained":[{"floor":2,"key":"ColorlessPotion"},{"floor":3,"key":"LiquidBronze"},{"floor":7,"key":"SpeedPotion"},{"floor":11,"key":"Fire Potion"},{"floor":14,"key":"DistilledChaos"},{"floor":16,"key":"Explosive Potion"},{"floor":28,"key":"EssenceOfSteel"},{"floor":29,"key":"FearPotion"},{"floor":35,"key":"Swift Potion"},{"floor":36,"key":"Swift Potion"},{"floor":42,"key":"BloodPotion"},{"floor":55,"key":"LiquidMemories"}],"is_trial":false,"path_per_floor":["M","M","M","?","$","R","M","E","T","E","M","E","?","M","R","B",null,"M","$","M","?","M","E","R","$","T","R","E","M","M","E","R","B",null,"M","?","T","M","M","R","M","E","T","$","$","M","$","E","R","B","B",null,"R","$","E","B",null],"character_chosen":"IRONCLAD","items_purchased":["Inflame","Fire Potion","Disarm","DollysMirror","Disarm","Uppercut"],"campfire_rested":1,"item_purchase_floors":[5,19,25,45,47,54],"current_hp_per_floor":[68,65,65,65,65,65,65,50,50,43,43,41,6,8,8,12,67,64,64,68,68,60,37,37,37,37,37,17,21,8,12,60,26,91,116,94,94,124,128,128,133,133,133,133,133,133,133,137,137,141,128,141,145,145,145,77],"gold":76,"neow_bonus":"BOSS_RELIC","is_daily":false,"chose_seed":false,"campfire_upgraded":6,"win_rate":0.0,"timestamp":1613203588,"path_taken":["M","M","M","?","$","R","M","E","T","E","M","E","?","M","R","BOSS","M","$","M","?","M","E","R","$","T","R","E","M","M","E","R","BOSS","M","?","?","?","M","R","M","E","T","?","$","M","$","E","R","BOSS","BOSS","R","$","E","BOSS"],"items_purchased_type":["Card","Potion","Card","Relic","Card","Card"],"build_version":"2020-12-22","purchased_purges":3,"victory":true,"max_hp_per_floor":[75,75,75,75,75,75,75,75,75,75,75,78,78,81,81,85,85,89,89,93,93,97,101,101,101,101,101,101,105,109,113,113,113,113,117,121,121,125,129,129,133,133,133,133,133,133,133,137,137,141,145,145,145,145,145,145],"relic_stats":{"Regal Pillow":15,"Happy Flower":[3],"counters":[31,174],"Eternal Feather":4,"PreservedInsect":372,"Whetstone":["Strike_R","Clothesline"],"Orichalcum":[84],"War Paint":["Defend_R","Shockwave"],"MawBank":36,"Mercury Hourglass":[33],"Centennial Puzzle":[21],"Gambling Chip":[74],"Tiny Chest":1,"MealTicket":0,"Black Star":6,"obtain_stats":[{"Regal Pillow":28,"Vajra":31,"Whetstone":12,"Burning Blood":0,"Centennial Puzzle":37,"Matryoshka":10,"HornCleat":43,"DollysMirror":45,"Gambling Chip":13,"Philosopher\u0027s Stone":0,"Tiny Chest":8,"MealTicket":48,"Paper Frog":21,"Happy Flower":55,"Velvet Choker":34,"Oddly Smooth Stone":42,"Eternal Feather":48,"PreservedInsect":9,"The Courier":31,"Orichalcum":23,"War Paint":26,"MawBank":42,"Mercury Hourglass":55,"Anchor":23,"Black Star":17,"Bag of Marbles":26,"Bottled Lightning":28,"TungstenRod":36},{"Regal Pillow":15,"Vajra":18,"Whetstone":8,"Burning Blood":0,"Centennial Puzzle":21,"Matryoshka":6,"HornCleat":25,"DollysMirror":25,"Gambling Chip":8,"Philosopher\u0027s Stone":0,"Tiny Chest":5,"MealTicket":27,"Paper Frog":12,"Happy Flower":30,"Velvet Choker":19,"Oddly Smooth Stone":25,"Eternal Feather":27,"PreservedInsect":5,"The Courier":18,"Orichalcum":14,"War Paint":14,"MawBank":25,"Mercury Hourglass":30,"Anchor":14,"Black Star":10,"Bag of Marbles":14,"Bottled Lightning":15,"TungstenRod":21},{"Regal Pillow":64,"Vajra":79,"Whetstone":29,"Burning Blood":0,"Centennial Puzzle":96,"Matryoshka":20,"HornCleat":112,"DollysMirror":112,"Gambling Chip":29,"Philosopher\u0027s Stone":0,"Tiny Chest":17,"MealTicket":122,"Paper Frog":47,"Happy Flower":163,"Velvet Choker":87,"Oddly Smooth Stone":112,"Eternal Feather":122,"PreservedInsect":17,"The Courier":79,"Orichalcum":58,"War Paint":58,"MawBank":112,"Mercury Hourglass":163,"Anchor":58,"Black Star":40,"Bag of Marbles":58,"Bottled Lightning":64,"TungstenRod":96}],"TungstenRod":47},"card_choices":[{"not_picked":["Iron Wave","Clash"],"picked":"Clothesline","floor":1},{"not_picked":["Heavy Blade","Rupture"],"picked":"Shrug It Off","floor":2},{"not_picked":["Perfected Strike","Armaments"],"picked":"Iron Wave","floor":3},{"not_picked":["Armaments","Double Tap"],"picked":"Thunderclap","floor":7},{"not_picked":["Sever Soul","Body Slam"],"picked":"Shockwave","floor":8},{"not_picked":["Rampage","Pommel Strike"],"picked":"Shrug It Off","floor":10},{"not_picked":["Shrug It Off","Blood for Blood"],"picked":"Feed","floor":11},{"not_picked":["Spot Weakness","Sentinel"],"picked":"Inflame","floor":12},{"not_picked":["Dropkick","Rampage","Infernal Blade"],"picked":"SKIP","floor":14},{"not_picked":["Barricade","Exhume"],"picked":"Impervious","floor":16},{"not_picked":["Havoc","Heavy Blade"],"picked":"Headbutt","floor":18},{"not_picked":["Hemokinesis+1","Anger"],"picked":"Impervious","floor":20},{"not_picked":["Headbutt","Anger"],"picked":"Twin Strike+1","floor":22},{"not_picked":["Dark Embrace","Clothesline","Body Slam"],"picked":"SKIP","floor":23},{"not_picked":["Flex","Havoc"],"picked":"Sword Boomerang","floor":28},{"not_picked":["Cleave","Demon Form"],"picked":"Battle Trance","floor":29},{"not_picked":["Pommel Strike","Cleave"],"picked":"Pummel+1","floor":30},{"not_picked":["Sword Boomerang","Clothesline"],"picked":"Power Through","floor":31},{"not_picked":["Berserk","Brutality"],"picked":"Reaper","floor":33},{"not_picked":["Cleave+1","Wild Strike"],"picked":"Disarm","floor":35},{"not_picked":["Perfected Strike+1","Anger"],"picked":"Shrug It Off+1","floor":36},{"not_picked":["Warcry","Pommel Strike","Heavy Blade"],"picked":"SKIP","floor":38},{"not_picked":["Twin Strike","Flex+1"],"picked":"Impervious","floor":39},{"not_picked":["Whirlwind","Perfected Strike","Cleave"],"picked":"SKIP","floor":41},{"not_picked":["Body Slam","Blood for Blood"],"picked":"Thunderclap+1","floor":42},{"not_picked":["Sword Boomerang","Sentinel","Flex"],"picked":"SKIP","floor":46},{"not_picked":["Power Through+1","Havoc+1"],"picked":"Shrug It Off+1","floor":48},{"not_picked":["Searing Blow","Flex"],"picked":"True Grit+1","floor":55}],"player_experience":1000892,"relics_obtained":[{"floor":8,"key":"Tiny Chest"},{"floor":9,"key":"PreservedInsect"},{"floor":10,"key":"Matryoshka"},{"floor":12,"key":"Whetstone"},{"floor":23,"key":"Orichalcum"},{"floor":23,"key":"Anchor"},{"floor":26,"key":"Bag of Marbles"},{"floor":26,"key":"War Paint"},{"floor":28,"key":"Regal Pillow"},{"floor":28,"key":"Bottled Lightning"},{"floor":31,"key":"Vajra"},{"floor":31,"key":"The Courier"},{"floor":36,"key":"TungstenRod"},{"floor":37,"key":"Centennial Puzzle"},{"floor":42,"key":"Oddly Smooth Stone"},{"floor":42,"key":"MawBank"},{"floor":43,"key":"HornCleat"},{"floor":48,"key":"MealTicket"},{"floor":48,"key":"Eternal Feather"},{"floor":55,"key":"Mercury Hourglass"},{"floor":55,"key":"Happy Flower"}],"event_choices":[{"damage_healed":0,"gold_gain":0,"player_choice":"Leave","damage_taken":0,"max_hp_gain":0,"max_hp_loss":0,"event_name":"The Cleric","floor":4,"gold_loss":0},{"damage_healed":0,"gold_gain":0,"player_choice":"Success","damage_taken":35,"relics_obtained":["Gambling Chip"],"max_hp_gain":0,"max_hp_loss":0,"event_name":"Scrap Ooze","floor":13,"gold_loss":0},{"damage_healed":0,"gold_gain":0,"player_choice":"Obtained Relic","damage_taken":0,"relics_obtained":["Paper Frog"],"max_hp_gain":0,"max_hp_loss":0,"event_name":"Addict","floor":21,"gold_loss":85},{"damage_healed":0,"gold_gain":0,"player_choice":"Fight","damage_taken":0,"max_hp_gain":0,"max_hp_loss":0,"event_name":"Mysterious Sphere","floor":36,"gold_loss":0}],"is_beta":false,"boss_relics":[{"not_picked":["Runic Cube","Empty Cage"],"picked":"Black Star"},{"not_picked":["Busted Crown","Runic Dome"],"picked":"Velvet Choker"}],"items_purged_floors":[19,45,54],"is_endless":false,"potions_floor_spawned":[2,3,7,11,14,16,28,29,35,36,41,42,48,55],"ascension_level":20}}