{"host":"Ringo","time":1613220738,"event":{"mods":["BaseMod","Colored Map","Conspire","Dota2Spire","Hubris","Minty Spire (QoL Compilation)","Replay The Spire","StSLib","The Construct","[IsaacMod]ÒÔÈö¼âËþ","¡¾ÒÅÎï¿¨ÅÆ¡¿REMEMod"],"gold_per_floor":[112,128,178,178,178,209,209,241,315,347,377,404,429,443,443,520,520,530,580,609,39,49,75,103,133,215,288,344,422,480,520,520,667,667,715,775,810,710,710,804,855,789,870,929,1051,1101,1101,1201,1201,1286,1331],"floor_reached":52,"language":"ZHS","playtime":1142,"items_purged":[],"score":3916,"play_id":"b4f32748-0d53-4989-8dfb-c512d959a832","local_time":"20210213205218","daily_mods":["SealedDeck","Vintage","Colorless Cards","Heirloom","Time Dilation","Flight","DeadlyEvents","Elite Swarm","Lethality","Binary"],"is_ascension_mode":true,"campfire_choices":[{"data":"Dramatic Entrance","floor":7.0,"key":"SMITH"},{"data":"Run Through","floor":15.0,"key":"SMITH"},{"data":"ReplayTheSpireMod:Strike From Hell","floor":32.0,"key":"SMITH"},{"data":"Replay:Undeath\u0027s Touch","floor":47.0,"key":"SMITH"},{"data":"Pummel","floor":49.0,"key":"SMITH"}],"circlet_count":0,"master_deck":["AscendersBane","ReplayTheSpireMod:Strike From Hell+1","Clash","Run Through+1","Shrug It Off+1","Armaments+1","Dramatic Entrance+1","Heavy Blade","Cleave+1","Thunderclap+1","Pummel+1","Replay:Undeath\u0027s Touch+1","Metallicize+1","Run Through","REME_Cut+1"],"relics":["Burning Blood","Busted Crown","HushsDoor","REME_ComplimentaryCards","replay:Trail_Library","Girya","GuppysTail","Red Skull","hubris:OldNail","DeathBook","HowToJump","hubris:Towel","Dota2Spire:Satanic","Dota2Spire:Desolator","hubris:IronBody","Orichalcum","Anchor","hubris:PeanutButter","BookofShadows","War Paint","Painkiller Herb","SatanicBible","construct:FoamFinger","Golden Egg","MawBank","Matryoshka","Calipers","Oddly Smooth Stone","Dota2Spire:EchoSabre","Centennial Puzzle","UnicornStump","Snack Pack","Replay:Bandana","Mummified Hand","Dota2Spire:Butterfly","Bottled Lightning","Dota2Spire:BlackKingBar","Dota2Spire:Mjollnir","ReplayTheSpireMod:TigerMarble","Dead Branch","hubris:BundleOfHerbs","Replay:Baseball","PreservedInsect","hubris:ChampionShield","Bag of Marbles","Quantum Egg","Replay:Ringing Soul","Dota2Spire:EyeOfSkadi","Du-Vu Doll","REME_HandOfSuture"],"acts_visited":["Exordium","TheCity","TheBeyond"],"potions_floor_usage":[51,51],"damage_taken":[{"damage":0.0,"enemies":"2 Louse","floor":1.0,"turns":1.0},{"damage":0.0,"enemies":"Cultist","floor":2.0,"turns":1.0},{"damage":20.0,"enemies":"Hiden Room Battle","floor":3.0,"turns":2.0},{"damage":0.0,"enemies":"Lagavulin","floor":6.0,"turns":2.0},{"damage":0.0,"enemies":"3 Sentries","floor":8.0,"turns":1.0},{"damage":0.0,"enemies":"Gremlin Nob","floor":10.0,"turns":1.0},{"damage":0.0,"enemies":"Lagavulin","floor":11.0,"turns":1.0},{"damage":0.0,"enemies":"Gremlin Nob","floor":12.0,"turns":1.0},{"damage":0.0,"enemies":"3 Sentries","floor":13.0,"turns":2.0},{"damage":0.0,"enemies":"Jaw Worm","floor":14.0,"turns":1.0},{"damage":0.0,"enemies":"The Guardian","floor":16.0,"turns":1.0},{"damage":0.0,"enemies":"conspire:FuzzyDice","floor":18.0,"turns":1.0},{"damage":0.0,"enemies":"Hiden Room Battle","floor":19.0,"turns":1.0},{"damage":0.0,"enemies":"2 Thieves","floor":20.0,"turns":1.0},{"damage":0.0,"enemies":"Centurion and Healer","floor":22.0,"turns":1.0},{"damage":0.0,"enemies":"conspire:SneckoGhost","floor":23.0,"turns":1.0},{"damage":0.0,"enemies":"Replay:Snechameleon","floor":24.0,"turns":1.0},{"damage":0.0,"enemies":"Gremlin Leader","floor":25.0,"turns":1.0},{"damage":0.0,"enemies":"Slavers","floor":27.0,"turns":1.0},{"damage":0.0,"enemies":"conspire:SneckoGhost","floor":28.0,"turns":2.0},{"damage":0.0,"enemies":"Slavers","floor":29.0,"turns":1.0},{"damage":0.0,"enemies":"conspire:SneckoGhost","floor":30.0,"turns":1.0},{"damage":0.0,"enemies":"Shelled Parasite and Fungi","floor":31.0,"turns":1.0},{"damage":0.0,"enemies":"hubris:MusketHawk","floor":33.0,"turns":2.0},{"damage":0.0,"enemies":"3 Darklings","floor":35.0,"turns":1.0},{"damage":0.0,"enemies":"Mind Bloom Boss Battle","floor":36.0,"turns":1.0},{"damage":0.0,"enemies":"Orb Walker","floor":37.0,"turns":1.0},{"damage":0.0,"enemies":"R_Hoarder","floor":40.0,"turns":2.0},{"damage":0.0,"enemies":"Reptomancer","floor":41.0,"turns":1.0},{"damage":0.0,"enemies":"R_Hoarder","floor":44.0,"turns":1.0},{"damage":0.0,"enemies":"Giant Head","floor":45.0,"turns":1.0},{"damage":0.0,"enemies":"R_Hoarder","floor":46.0,"turns":1.0},{"damage":0.0,"enemies":"Giant Head","floor":48.0,"turns":2.0},{"damage":0.0,"enemies":"Awakened One","floor":50.0,"turns":3.0},{"damage":0,"enemies":"Time Eater","floor":51,"turns":2}],"seed_played":"3534886437557502772","potions_obtained":[{"floor":2.0,"key":"Fire Potion"},{"floor":3.0,"key":"Doom Potion"},{"floor":6.0,"key":"Fruit Juice"},{"floor":16.0,"key":"FearPotion"},{"floor":18.0,"key":"Toxic Potion"},{"floor":23.0,"key":"EssenceOfSteel"},{"floor":30.0,"key":"LifebloodPotion"}],"is_trial":true,"path_per_floor":["M","M","?","?","?","E","R","E","T","E","E","E","E","M","R","B",null,"?","?","?","T","?","E","E","E","T","E","E","E","E","?","T","B",null,"?","?","?","NS","?","E","E","T","T","E","E","E","T","E","T","B","B",null],"character_chosen":"IRONCLAD","items_purchased":["SatanicBible","Metallicize","Calipers","Oddly Smooth Stone","REME_Cut+1"],"campfire_rested":0,"item_purchase_floors":[17,21,21,21,42],"current_hp_per_floor":[74,75,61,61,38,49,49,65,65,71,77,80,80,80,80,80,70,70,61,67,67,70,70,70,70,70,70,70,70,70,70,70,70,70,70,72,72,72,68,68,71,71,71,71,76,76,76,76,76,76,76],"gold":1331,"neow_bonus":"","is_daily":false,"chose_seed":false,"campfire_upgraded":5,"win_rate":0.0,"timestamp":1613220738,"path_taken":["M","M","?","?","?","E","R","E","T","E","E","?","E","M","R","BOSS","?","?","?","T","?","E","E","E","T","E","E","E","E","?","T","BOSS","?","?","?","NS","?","E","E","T","T","E","E","E","T","E","T","BOSS","BOSS"],"items_purchased_type":["Relic","Card","Relic","Relic","Card"],"build_version":"2020-12-18","purchased_purges":0,"victory":true,"max_hp_per_floor":[75,75,75,75,75,80,80,80,80,80,80,80,80,80,80,80,70,70,70,70,70,70,70,70,70,70,70,70,70,70,70,70,70,70,70,72,72,72,68,68,71,71,71,71,76,76,76,76,76,76,76],"card_choices":[],"player_experience":686228,"relics_obtained":[{"floor":1.0,"key":"Red Skull"},{"floor":2.0,"key":"hubris:OldNail"},{"floor":3.0,"key":"DeathBook"},{"floor":3.0,"key":"HowToJump"},{"floor":6.0,"key":"Dota2Spire:Satanic"},{"floor":8.0,"key":"Dota2Spire:Desolator"},{"floor":9.0,"key":"hubris:IronBody"},{"floor":10.0,"key":"Orichalcum"},{"floor":11.0,"key":"Anchor"},{"floor":12.0,"key":"hubris:PeanutButter"},{"floor":13.0,"key":"BookofShadows"},{"floor":14.0,"key":"War Paint"},{"floor":18.0,"key":"construct:FoamFinger"},{"floor":19.0,"key":"Golden Egg"},{"floor":19.0,"key":"MawBank"},{"floor":20.0,"key":"Matryoshka"},{"floor":22.0,"key":"Dota2Spire:EchoSabre"},{"floor":23.0,"key":"Centennial Puzzle"},{"floor":24.0,"key":"UnicornStump"},{"floor":25.0,"key":"Snack Pack"},{"floor":26.0,"key":"Replay:Bandana"},{"floor":26.0,"key":"Mummified Hand"},{"floor":27.0,"key":"Dota2Spire:Butterfly"},{"floor":28.0,"key":"Bottled Lightning"},{"floor":29.0,"key":"Dota2Spire:BlackKingBar"},{"floor":30.0,"key":"Dota2Spire:Mjollnir"},{"floor":31.0,"key":"ReplayTheSpireMod:TigerMarble"},{"floor":35.0,"key":"Dead Branch"},{"floor":36.0,"key":"hubris:BundleOfHerbs"},{"floor":37.0,"key":"Replay:Baseball"},{"floor":40.0,"key":"PreservedInsect"},{"floor":41.0,"key":"hubris:ChampionShield"},{"floor":43.0,"key":"Bag of Marbles"},{"floor":43.0,"key":"Quantum Egg"},{"floor":44.0,"key":"Replay:Ringing Soul"},{"floor":45.0,"key":"Dota2Spire:EyeOfSkadi"},{"floor":46.0,"key":"Du-Vu Doll"},{"floor":48.0,"key":"REME_HandOfSuture"}],"event_choices":[{"damage_healed":0.0,"max_hp_gain":0.0,"max_hp_loss":0.0,"gold_gain":0.0,"event_name":"HidenRoomEvent","player_choice":"Fight","floor":3.0,"gold_loss":0.0,"damage_taken":0.0},{"damage_healed":0.0,"max_hp_gain":0.0,"max_hp_loss":0.0,"gold_gain":0.0,"event_name":"Shining Light","player_choice":"Entered Light","floor":5.0,"gold_loss":0.0,"damage_taken":23.0,"cards_upgraded":["Thunderclap","Cleave"]},{"damage_healed":0.0,"max_hp_gain":0.0,"max_hp_loss":0.0,"gold_gain":0.0,"event_name":"HidenRoomEvent","player_choice":"Fight","floor":19.0,"gold_loss":0.0,"damage_taken":0.0},{"damage_healed":0.0,"max_hp_gain":0.0,"max_hp_loss":0.0,"gold_gain":0.0,"event_name":"MindBloom","player_choice":"Fight","floor":36.0,"gold_loss":0.0,"damage_taken":0.0},{"damage_healed":0.0,"max_hp_gain":0.0,"max_hp_loss":4.0,"gold_gain":0.0,"event_name":"Winding Halls","player_choice":"Max HP","floor":39.0,"gold_loss":0.0,"damage_taken":0.0}],"is_beta":true,"boss_relics":[{"not_picked":["hubris:HollowSoul","Replay:Drink Me"],"picked":"Painkiller Herb"},{"not_picked":[]},{"not_picked":["conspire:SlowCooker","Replay:Bronze Core","Snecko Heart"]}],"items_purged_floors":[],"is_endless":false,"potions_floor_spawned":[2,3,6,14,16,18,23,24,28,30,36,40,45,48],"ascension_level":20}}