{"host":"bakf0s4odzu8z5xt","time":1613254816,"event":{"mods":["2.2 Compatiblity","BaseMod","Downfall","Friendly Minions","Minty Spire (QoL Compilation)","StSLib"],"gold_per_floor":[99,115,135,147,158,193,193,293,318,334,345,361,371,402,419,520,520,420,434,93,103,103,132,158,58,58,91,109,152,152,146,163,270,270,170,192,202,228,305,348,426,444,470,512,532,297,297,308,320,320,320,364,119,119,119,119],"floor_reached":57,"language":"ENG","playtime":5757,"items_purged":["champ:Strike","champ:Strike"],"score":1480,"play_id":"fed37fb0-2b22-4d53-9603-cacf06906c66","local_time":"20210213162016","is_ascension_mode":true,"campfire_choices":[{"data":"champ:Taunt","floor":1,"key":"SMITH"},{"data":"champ:StanceDance","floor":18,"key":"SMITH"},{"floor":25,"key":"RECALL"},{"data":"champ:Backstep","floor":30,"key":"SMITH"},{"data":"champ:SwordThrow","floor":35,"key":"SMITH"},{"data":"champ:CalledShot","floor":47,"key":"SMITH"},{"data":"champ:CalledShot","floor":54,"key":"SMITH"}],"circlet_count":0,"master_deck":["champ:Defend","champ:Defend","champ:Defend","champ:Defend","champ:Execute+1","champ:Taunt+1","champ:GutPunch","champ:CalledShot+1","champ:CrownThrow","champ:Backstep+1","champ:BringItOn","champ:FanOfKnives","champ:FocusedBerserking","champ:PreciseThrust+1","champ:EnragedBash","champ:StanceDance+1","champ:SteelEdge+1","champ:IronFortress","champ:StanceDance","champ:IronFortress","champ:ViciousMockery","champ:Backstep","champ:Lariat","champ:CalledShot+1","champ:SwordThrow+1","champ:Backstep+1","champ:GutPunch","champ:Improvising","downfall:Haunted","downfall:Haunted","champ:StanceDance+1","champ:SteelEdge","champ:FancyFootwork+1","expansioncontent:QuickStudy","champ:GutPunch","champ:DefensiveShout+1"],"relics":["champ:ChampionCrown","White Beast Statue","HornCleat","Pear","Tiny Chest","Runic Dome","downfall:HeartBlessingGreen","Chemical X","Incense Burner","CeramicFish","downfall:HeartBlessingBlue","Whetstone","Bottled Lightning","Sozu","downfall:HeartBlessingRed","Mercury Hourglass","Ice Cream","Slimebound:PreparedRelic","Du-Vu Doll","Omamori","Nunchaku","Frozen Eye","champ:DuelingGlove","bronze:DecasWashers"],"acts_visited":["Exordium","TheCity","TheBeyond","TheEnding"],"potions_floor_usage":[13,15,16,16,16,16,16,23,27,27,29,32,32,38,43,45],"damage_taken":[{"damage":23,"enemies":"Small Slimes","floor":2,"turns":4},{"damage":27,"enemies":"Cultist","floor":3,"turns":4},{"damage":11,"enemies":"2 Louse","floor":4,"turns":3},{"damage":21,"enemies":"Lots of Slimes","floor":5,"turns":5},{"damage":51,"enemies":"3 Sentries","floor":6,"turns":10},{"damage":32,"enemies":"Gremlin Nob","floor":9,"turns":5},{"damage":10,"enemies":"3 Louse","floor":10,"turns":3},{"damage":10,"enemies":"2 Fungi Beasts","floor":11,"turns":3},{"damage":10,"enemies":"Exordium Wildlife","floor":12,"turns":3},{"damage":26,"enemies":"Gremlin Gang","floor":13,"turns":4},{"damage":23,"enemies":"3 Sentries","floor":14,"turns":6},{"damage":16,"enemies":"Exordium Thugs","floor":15,"turns":4},{"damage":54,"enemies":"DF_ARCHETYPE_STREAMLINE","floor":16,"turns":12},{"damage":15,"enemies":"3 Byrds","floor":19,"turns":4},{"damage":10,"enemies":"downfall:FleeingMerchant","floor":20,"turns":4},{"damage":15,"enemies":"Shell Parasite","floor":21,"turns":4},{"damage":53,"enemies":"Slavers","floor":23,"turns":5},{"damage":50,"enemies":"Gremlin Leader","floor":27,"turns":6},{"damage":38,"enemies":"Centurion and Healer","floor":28,"turns":6},{"damage":21,"enemies":"Book of Stabbing","floor":29,"turns":5},{"damage":15,"enemies":"downfall:FleeingMerchant","floor":31,"turns":4},{"damage":5,"enemies":"Chosen and Byrds","floor":32,"turns":3},{"damage":82,"enemies":"WA_ARCHETYPE_CALM","floor":33,"turns":10},{"damage":8,"enemies":"3 Shapes","floor":36,"turns":4},{"damage":10,"enemies":"3 Darklings","floor":37,"turns":4},{"damage":50,"enemies":"Writhing Mass","floor":38,"turns":4},{"damage":11,"enemies":"Nemesis","floor":40,"turns":5},{"damage":26,"enemies":"Sphere and 2 Shapes","floor":43,"turns":4},{"damage":19,"enemies":"Giant Head","floor":44,"turns":6},{"damage":103,"enemies":"Transient","floor":45,"turns":5},{"damage":0,"enemies":"downfall:FleeingMerchant","floor":46,"turns":3},{"damage":10,"enemies":"Writhing Mass","floor":48,"turns":2},{"damage":0,"enemies":"3 Darklings","floor":49,"turns":4},{"damage":27,"enemies":"IC_BLOCK_ARCHETYPE","floor":50,"turns":6},{"damage":46,"enemies":"downfall:CharBossMerchant","floor":52,"turns":7},{"damage":72,"enemies":"downfall:NeowBoss","floor":55,"turns":9},{"damage":86,"enemies":"downfall:NeowBossFinal","floor":56,"turns":9}],"seed_played":"-3511974307326876008","potions_obtained":[{"floor":2,"key":"SpeedPotion"},{"floor":6,"key":"Dexterity Potion"},{"floor":9,"key":"EntropicBrew"},{"floor":10,"key":"SkillPotion"},{"floor":11,"key":"Weak Potion"},{"floor":13,"key":"Regen Potion"},{"floor":15,"key":"Guardian:BlockOnCardUsePotion"},{"floor":16,"key":"Weak Potion"},{"floor":19,"key":"LiquidBronze"},{"floor":20,"key":"Ancient Potion"},{"floor":23,"key":"GamblersBrew"},{"floor":27,"key":"PowerPotion"},{"floor":28,"key":"FairyPotion"},{"floor":29,"key":"Fire Potion"},{"floor":31,"key":"LiquidBronze"},{"floor":32,"key":"AttackPotion"},{"floor":33,"key":"PowerPotion"}],"is_trial":false,"path_per_floor":["R","M","M","M","M","E","T","?","E","M","M","M","M","E","M","B",null,"R","M","$","M","T","E","T","R","?","E","M","E","R","$","M","B",null,"R","M","M","M","T","E","T","?","M","E","M","$","R","M","M","B",null,"E","$","R","B","B",null],"character_chosen":"THE_CHAMP","items_purchased":["Chemical X","champ:StanceDance","champ:IronFortress","Nunchaku","expansioncontent:QuickStudy","Frozen Eye","champ:GutPunch","bronze:DecasWashers"],"campfire_rested":0,"item_purchase_floors":[20,20,20,46,46,46,46,53],"current_hp_per_floor":[90,87,80,79,78,62,62,62,60,60,60,60,54,41,30,15,100,100,100,100,100,100,67,67,77,69,34,11,43,43,43,43,43,110,110,102,102,102,102,110,110,110,99,110,82,82,82,82,82,80,110,109,109,109,110,74],"gold":119,"neow_bonus":"REMOVE_CARD","is_daily":false,"chose_seed":false,"campfire_upgraded":6,"win_rate":0.0,"timestamp":1613254816,"path_taken":["R","M","M","M","M","E","T","?","E","M","?","M","M","E","M","BOSS","R","M","$","M","?","E","T","R","?","E","M","E","R","$","M","BOSS","R","M","?","M","?","E","T","?","M","E","M","$","R","M","M","BOSS","E","$","R","BOSS","BOSS"],"items_purchased_type":["Relic","Card","Card","Relic","Card","Relic","Card","Relic"],"build_version":"2020-12-22","purchased_purges":2,"victory":true,"max_hp_per_floor":[90,90,90,90,90,90,90,90,100,100,100,100,100,100,100,100,100,100,100,100,100,100,100,100,110,110,110,110,110,110,110,110,110,110,110,110,110,110,110,110,110,110,110,110,110,110,110,110,110,110,110,110,110,110,110,110],"card_choices":[{"not_picked":["champ:BerserkersShout","champ:EnGarde"],"picked":"champ:GutPunch","floor":2},{"not_picked":["champ:GutPunch","champ:Lariat"],"picked":"champ:CalledShot","floor":3},{"not_picked":["champ:Shatter","champ:EndlessRage"],"picked":"champ:CrownThrow","floor":4},{"not_picked":["champ:CheapShot","champ:DefensiveStyle"],"picked":"champ:Backstep","floor":5},{"not_picked":["champ:FocusedDefense","champ:PreemptiveStrike"],"picked":"champ:BringItOn","floor":6},{"not_picked":["champ:DefensiveShout","champ:BerserkersShout"],"picked":"champ:FanOfKnives","floor":9},{"not_picked":["champ:GutPunch","champ:TornadoPunch"],"picked":"champ:FocusedBerserking","floor":10},{"not_picked":["champ:CrownThrow","champ:FocusedBerserking"],"picked":"champ:PreciseThrust","floor":11},{"not_picked":["champ:FanOfKnives","champ:PerfectedStrike"],"picked":"champ:EnragedBash","floor":12},{"not_picked":["champ:BerserkersShout","champ:ShieldSigil","champ:PerfectedStrike"],"picked":"SKIP","floor":13},{"not_picked":["champ:HeavySlash","champ:AdrenalArmor","champ:PerfectedStrike"],"picked":"SKIP","floor":14},{"not_picked":["champ:AdrenalArmor","champ:PerfectedStrike"],"picked":"champ:StanceDance","floor":15},{"not_picked":["champ:EnchantSword","champ:VampiricStrike"],"picked":"champ:SteelEdge","floor":16},{"not_picked":["champ:BringItOn+1","champ:HeartStrike+1","champ:PerfectedStrike"],"picked":"SKIP","floor":19},{"not_picked":["champ:Backstep","champ:StanceDance"],"picked":"champ:IronFortress","floor":20},{"not_picked":["champ:DefensiveShout+1","champ:ShieldSigil"],"picked":"champ:ViciousMockery","floor":21},{"not_picked":["champ:SwordSigil+1","champ:EnragedBash"],"picked":"champ:Backstep","floor":23},{"not_picked":["champ:Haymaker+1","champ:PerfectedStrike","champ:ArenaPreparation+1"],"picked":"SKIP","floor":27},{"not_picked":["champ:PreemptiveStrike","champ:ViciousMockery","champ:Backstep"],"picked":"SKIP","floor":28},{"not_picked":["champ:CheapShot","champ:DefensiveShout+1"],"picked":"champ:Lariat","floor":29},{"not_picked":["champ:PreciseThrust","champ:BerserkersShout"],"picked":"champ:CalledShot","floor":31},{"not_picked":["champ:BerserkersShout","champ:ShieldSlam","champ:RecklessLeap"],"picked":"SKIP","floor":32},{"not_picked":["champ:HeavySlash","champ:ShieldThrow"],"picked":"champ:SwordThrow","floor":33},{"not_picked":["champ:ShieldSigil","champ:HeartStrike+1"],"picked":"champ:Backstep+1","floor":36},{"not_picked":["champ:PerfectedStrike+1","champ:HeartStrike+1","champ:CrownThrow+1"],"picked":"SKIP","floor":37},{"not_picked":["champ:BerserkersShout+1","champ:TornadoPunch"],"picked":"champ:GutPunch","floor":38},{"not_picked":["champ:SwordSigil","champ:StanceDance+1"],"picked":"champ:Improvising","floor":40},{"not_picked":["champ:FocusedDefense","champ:RapidStrikes"],"picked":"champ:StanceDance+1","floor":43},{"not_picked":["champ:Haymaker","champ:EnchantSword"],"picked":"champ:SteelEdge","floor":44},{"not_picked":["champ:PerfectedStrike+1","champ:BringItOn+1","champ:ShieldSigil"],"picked":"SKIP","floor":45},{"not_picked":["champ:Shatter+1","champ:Duel"],"picked":"champ:FancyFootwork+1","floor":46},{"not_picked":["champ:BladeFlurry","champ:RisingSlash","champ:EnGarde+1"],"picked":"SKIP","floor":48},{"not_picked":["champ:PreciseThrust+1","champ:TornadoPunch+1","champ:ArenaPreparation+1"],"picked":"SKIP","floor":49},{"not_picked":["champ:Duel","champ:BerserkerStyle"],"picked":"champ:DefensiveShout+1","floor":52}],"player_experience":2180713,"relics_obtained":[{"floor":6,"key":"White Beast Statue"},{"floor":7,"key":"HornCleat"},{"floor":9,"key":"Pear"},{"floor":14,"key":"Tiny Chest"},{"floor":23,"key":"Incense Burner"},{"floor":24,"key":"CeramicFish"},{"floor":27,"key":"Whetstone"},{"floor":29,"key":"Bottled Lightning"},{"floor":39,"key":"Mercury Hourglass"},{"floor":40,"key":"Ice Cream"},{"floor":41,"key":"Slimebound:PreparedRelic"},{"floor":44,"key":"Omamori"},{"floor":52,"key":"champ:DuelingGlove"}],"event_choices":[],"is_beta":false,"boss_relics":[{"not_picked":["Fusion Hammer","bronze:MakeshiftBattery"],"picked":"Runic Dome"},{"not_picked":["SacredBark","Velvet Choker"],"picked":"Sozu"}],"items_purged_floors":[20,46],"is_endless":false,"potions_floor_spawned":[2,6,9,10,11,12,13,14,15,16,19,20,21,23,27,28,29,31,32,33,36,37,38,40,43,44,45,46,48,49,52],"ascension_level":2}}