{"host":"egwexuw5uvnxf11j","time":1613198237,"event":{"mods":["2.2 Compatiblity","Aspiration","BaseMod","Better Note","Better Sensory Stone","Better Third Choice","Displayed Cursed Tome","Downfall","Hermit","Key Reminder","Koishi","Marisa????????","Minty Spire (QoL Compilation)","Quick Restart","Shade Mod","Spicy Shops","StSLib","The Construct","The Cursed","The Runesmith","The Senshi","The Servant 0.9.4","Transform Curses"],"gold_per_floor":[119,119,48,68,78,110,190,35,62,62,89,100,118,132,132,234,234,253,273,68,68,83,83,83,83,83,102,117,132,132,143,143,143,143],"floor_reached":33,"language":"ENG","playtime":1217,"items_purged":[],"score":285,"play_id":"7498ba81-a1bd-45b0-8e99-a24652ecb5cc","local_time":"20210213013717","is_ascension_mode":true,"campfire_choices":[{"floor":10,"key":"REST"},{"floor":15,"key":"REST"},{"floor":23,"key":"REST"},{"floor":30,"key":"REST"},{"floor":32,"key":"REST"}],"circlet_count":0,"master_deck":["hermit:Strike_Hermit","hermit:Strike_Hermit","hermit:Strike_Hermit","hermit:Strike_Hermit","hermit:Defend_Hermit","hermit:Defend_Hermit","hermit:Defend_Hermit","hermit:Defend_Hermit","hermit:Snapshot","hermit:Covet","hermit:Ricochet","Regret","hermit:TakeAim","hermit:Brawl","hermit:Snipe","hermit:SprayPray","hermit:Horror","hermit:ShadowCloak","hermit:Spite","hermit:Headshot","hermit:Malice","hermit:FatalDesire","Dodge and Roll","hermit:Manifest+1","hermit:SprayPray","Dagger Spray","Backflip+1","hermit:Feint","hermit:TrackingShot","hermit:Vantage"],"relics":["hermit:Momento","Tiny Chest","Pen Nib","theSenshi:SpiralHeartMoonRodRelic","keyreminder:keyreminder","Bronze Scales","Bag of Marbles","aspiration:SilentSkillbook","Boot","theSenshi:SuperSailorFukuRelic"],"acts_visited":["Exordium","TheCity"],"potions_floor_usage":[6,12,24,28,31,33],"damage_taken":[{"damage":0,"enemies":"Cultist","floor":1,"turns":4},{"damage":7,"enemies":"2 Louse","floor":4,"turns":3},{"damage":6,"enemies":"Jaw Worm","floor":5,"turns":4},{"damage":61,"enemies":"Gremlin Nob","floor":6,"turns":6},{"damage":0,"enemies":"Blue Slaver","floor":12,"turns":2},{"damage":10,"enemies":"Exordium Thugs","floor":13,"turns":3},{"damage":0,"enemies":"3 Louse","floor":14,"turns":2},{"damage":36,"enemies":"Hexaghost","floor":16,"turns":8},{"damage":28,"enemies":"3 Byrds","floor":18,"turns":4},{"damage":15,"enemies":"2 Thieves","floor":19,"turns":4},{"damage":21,"enemies":"Snecko","floor":22,"turns":5},{"damage":35,"enemies":"Book of Stabbing","floor":24,"turns":5},{"damage":5,"enemies":"Shelled Parasite and Fungi","floor":27,"turns":3},{"damage":0,"enemies":"Chosen and Byrds","floor":28,"turns":4},{"damage":4,"enemies":"Centurion and Healer","floor":29,"turns":8},{"damage":15,"enemies":"Cultist and Chosen","floor":31,"turns":6},{"damage":53,"enemies":"Collector","floor":33,"turns":5}],"seed_played":"4337183234452110217","potions_obtained":[{"floor":5,"key":"Regen Potion"},{"floor":6,"key":"SkillPotion"},{"floor":14,"key":"SmokeBomb"},{"floor":16,"key":"hermit:Eclipse"},{"floor":27,"key":"SkillPotion"},{"floor":29,"key":"Weak Potion"}],"is_trial":false,"path_per_floor":["M","?","$","M","M","E","?","$","T","R","T","M","M","M","R","B",null,"M","M","$","?","M","R","E","?","T","M","M","M","R","M","R","B"],"character_chosen":"HERMIT","items_purchased":["hermit:TakeAim","hermit:Horror","hermit:ShadowCloak","Boot","hermit:SprayPray"],"campfire_rested":5,"item_purchase_floors":[3,8,8,20,20],"current_hp_per_floor":[75,75,75,68,62,10,10,10,10,32,32,34,28,34,56,22,75,53,42,42,42,23,45,10,10,10,9,13,13,35,24,46,0,0],"gold":143,"neow_bonus":"RANDOM_COMMON_RELIC","is_daily":false,"chose_seed":false,"campfire_upgraded":0,"win_rate":0.0,"timestamp":1613198237,"path_taken":["M","?","$","M","M","E","?","?","T","R","?","M","?","M","R","BOSS","M","M","$","?","M","R","E","?","T","M","M","M","R","M","R","BOSS"],"items_purchased_type":["Card","Card","Card","Relic","Card"],"build_version":"2020-12-22","purchased_purges":0,"victory":false,"max_hp_per_floor":[75,75,75,75,75,75,75,75,75,75,75,75,75,75,75,75,75,75,75,75,75,75,75,75,75,75,75,75,75,75,75,75,75,75],"card_choices":[{"not_picked":["hermit:HighCaliber","hermit:LuckOfTheDraw"],"picked":"hermit:Ricochet","floor":1},{"not_picked":["hermit:Coalescence","hermit:TrackingShot"],"picked":"hermit:Brawl","floor":4},{"not_picked":["hermit:EyeOfTheStorm","hermit:Horror"],"picked":"hermit:Snipe","floor":5},{"not_picked":["hermit:DeadOrAlive","hermit:Snipe"],"picked":"hermit:SprayPray","floor":6},{"not_picked":["hermit:HighCaliber","hermit:LoneWolf"],"picked":"hermit:Spite","floor":12},{"not_picked":["hermit:LowProfile","hermit:Dive"],"picked":"hermit:Headshot","floor":13},{"not_picked":["hermit:Snipe","hermit:HoleUp"],"picked":"hermit:Malice","floor":14},{"not_picked":["hermit:Purgatory","hermit:BlackWind"],"picked":"hermit:FatalDesire","floor":16},{"not_picked":["hermit:Shortfuse","Finisher","Underhanded Strike"],"picked":"Dodge and Roll","floor":18},{"not_picked":["hermit:Horror","Riddle With Holes","Predator"],"picked":"hermit:Manifest+1","floor":19},{"not_picked":["hermit:Quickdraw","hermit:Midnight","Choke+1"],"picked":"Dagger Spray","floor":22},{"not_picked":["hermit:BodyArmor","hermit:Shortfuse+1","hermit:Vantage"],"picked":"Backflip+1","floor":27},{"not_picked":["hermit:Roulette+1","Dodge and Roll","hermit:EyeOfTheStorm"],"picked":"hermit:Feint","floor":28},{"not_picked":["Slice","hermit:SprayPray","Accuracy"],"picked":"hermit:TrackingShot","floor":29},{"not_picked":["hermit:DeadMansHand+1","hermit:Desperado+1","Sucker Punch"],"picked":"hermit:Vantage","floor":31}],"player_experience":2071534,"relics_obtained":[{"floor":6,"key":"theSenshi:SpiralHeartMoonRodRelic"},{"floor":9,"key":"Bronze Scales"},{"floor":11,"key":"Bag of Marbles"}],"event_choices":[{"damage_healed":0,"gold_gain":0,"player_choice":"Box","damage_taken":0,"relics_obtained":["Pen Nib"],"max_hp_gain":0,"max_hp_loss":0,"event_name":"Big Fish","floor":2,"gold_loss":0,"cards_obtained":["Regret"]},{"damage_healed":0,"gold_gain":80,"player_choice":"Gained Gold","damage_taken":0,"max_hp_gain":0,"max_hp_loss":0,"event_name":"Golden Wing","floor":7,"gold_loss":0},{"damage_healed":0,"gold_gain":0,"player_choice":"Opened","damage_taken":0,"relics_obtained":["theSenshi:SuperSailorFukuRelic"],"max_hp_gain":0,"max_hp_loss":0,"event_name":"The Mausoleum","floor":21,"gold_loss":0},{"damage_healed":0,"gold_gain":0,"player_choice":"Ignored","damage_taken":0,"max_hp_gain":0,"max_hp_loss":0,"event_name":"Ghosts","floor":25,"gold_loss":0}],"is_beta":false,"boss_relics":[{"not_picked":["Velvet Choker","bronze:MakeshiftBattery"],"picked":"aspiration:SilentSkillbook"}],"items_purged_floors":[],"is_endless":false,"potions_floor_spawned":[5,6,14,16,27,29],"killed_by":"Collector","ascension_level":1}}