{"host":"pwrib9jhixfykg8d","time":1613221680,"event":{"mods":["Act Like it!","Astrologer","BaseMod","Custom Start","Downfall","Gold Saver","GungeonMod","Hallownest","Hermit","Infinite Spire","Lobotomy","LobotomyExtend","Marisa£®ÏF”Í°°ƒß¿Ì…≥£©","Minty Spire (QoL Compilation)","Quick Restart","Reliquary","Replay The Spire","Shop Mod","StSLib","The Animator","The Bug Knight","The Jungle"],"gold_per_floor":[209,12493,12493,12443,11633,11668,10905,10905,10931,10950,10967,10967,10967,10978,10978,11074,11074,11091,11107,10189,10189,10189,10189,9323,9323,9353,9376,9403,9422,9433,9523,9533,9550,9550,9653,9653,9692,9710,9710,9722,8808,8835,8835,8848,8848,8858,8065,8065,8065,8077,8077,8077],"floor_reached":53,"language":"ZHS","playtime":9983,"items_purged":["Pleasure","Doubt","downfall:Bewildered","downfall:Icky","Injury"],"score":807,"play_id":"1ae7924f-cb5d-4cf9-81c7-fddbeab9913e","local_time":"20210213210800","is_ascension_mode":false,"campfire_choices":[{"data":"Penitence","floor":8.0,"key":"SMITH"},{"data":"Twilight","floor":34.0,"key":"SMITH"},{"data":"Penitence","floor":43,"key":"SMITH"},{"data":"Horn","floor":49,"key":"SMITH"},{"data":"Twilight","floor":51,"key":"SMITH"}],"circlet_count":0,"master_deck":["SpecialBullet","SpecialBullet","SpecialBullet","SpecialBullet","SpecialBullet","InformationCode","SecurityCode","ExtractionCode","Penitence+1","Replay:Dark Deal+1","Galaxy","ReplayTheSpireMod:Private Reserves","DemoMod:Invincible+1","BlackSwan_ego+1","RedEyes","Horn+1","Horn+1","ParadiseLost","Mimicry+1","Lamp+4","Ecstasy","SomewhereSpear+1","Sadistic Nature+1","Specialist+1","DisciplinaryCode","Variant","SpiderBud","Regret_ego+1","Twilight+1","GreedKing","Soda+1","WelfareCode","Gaze+1","WallGazer","GoldRush","CENSORED","Penitence+1","Penitence+1","RecordCode","LaLuna","DemoMod:Invincible+1","GreenStem+1","Iron Wave","BlueScar+1","Twilight+1"],"relics":["CogitoBucket","RabbitCall","LetterFromLob","Vajra","Potion Belt","Lee\u0027s Waffle","Sundial","ReplayTheSpireMod:Ninjato","Happy Flower","Toolbox","reliquary:Aerogel","DemoMod:MeltedRock","HandDrill","Regal Pillow","reliquary:FerryPass","Moonlight_r","Replay:Ancient Bell","Replay:Baseball","Quantum Egg","Prayer Wheel","AspirationHeart","Frozen Egg 2","MealTicket","ClockworkSouvenir","sneckomod:BabySnecko","Du-Vu Doll","Replay:Towering Pillar of Hats","Guide Book","infinitespire:PuzzleCube","reliquary:SharkskinSheath","Bronze Scales","HellTrain","SacredBark","Kunai","StoneCalendar","Frozen Eye","Ginger","ReplayTheSpireMod:Lightbulb","Replay:Rubber Ducky","Orichalcum","DollysMirror"],"acts_visited":["Exordium","TheCity","TheBeyond"],"potions_floor_usage":[40,40,52,52,53,53,53],"damage_taken":[{"damage":6.0,"enemies":"Cultist","floor":1.0,"turns":3.0},{"damage":32.0,"enemies":"Gremlin Nob","floor":6.0,"turns":4.0},{"damage":0.0,"enemies":"2 Louse","floor":10.0,"turns":2.0},{"damage":6.0,"enemies":"Jaw Worm","floor":11.0,"turns":3.0},{"damage":0.0,"enemies":"Exordium Thugs","floor":14.0,"turns":3.0},{"damage":12.0,"enemies":"Fading Forest","floor":16.0,"turns":11.0},{"damage":32.0,"enemies":"Shell Parasite","floor":18.0,"turns":8.0},{"damage":15.0,"enemies":"Chosen","floor":19.0,"turns":5.0},{"damage":23.0,"enemies":"Book of Stabbing","floor":26.0,"turns":4.0},{"damage":13.0,"enemies":"Snecko","floor":29.0,"turns":4.0},{"damage":0.0,"enemies":"Sentry and Sphere","floor":30.0,"turns":3.0},{"damage":21.0,"enemies":"Centurion and Healer","floor":32.0,"turns":5.0},{"damage":3.0,"enemies":"Shelled Parasite and Fungi","floor":33.0,"turns":3.0},{"damage":20.0,"enemies":"Pondfish","floor":35.0,"turns":4.0},{"damage":8.0,"enemies":"3 Shapes","floor":37.0,"turns":2.0},{"damage":26.0,"enemies":"3 Darklings","floor":38.0,"turns":3.0},{"damage":89,"enemies":"Writhing Mass","floor":40,"turns":8},{"damage":0,"enemies":"HollowMod:StalkingDevout","floor":42,"turns":3},{"damage":0,"enemies":"Sphere and 2 Shapes","floor":44,"turns":3},{"damage":11,"enemies":"3 Darklings","floor":46,"turns":4},{"damage":2,"enemies":"Writhing Mass","floor":50,"turns":4},{"damage":26,"enemies":"FixerMidnight","floor":52,"turns":11},{"damage":73,"enemies":"Malkuth","floor":53,"turns":8},{"damage":50,"enemies":"Netzach","floor":53,"turns":8},{"damage":60,"enemies":"Chesed","floor":53,"turns":9},{"damage":99,"enemies":"Hokma","floor":53,"turns":12},{"damage":25,"enemies":"Angela","floor":53,"turns":9}],"seed_played":"8914490647094774256","potions_obtained":[{"floor":6.0,"key":"LiquidMemories"},{"floor":16.0,"key":"Elixir"},{"floor":18.0,"key":"Energy Potion"},{"floor":19.0,"key":"Fire Potion"},{"floor":33.0,"key":"Venom Potion"},{"floor":35.0,"key":"ColorlessPotion"},{"floor":40,"key":"Explosive Potion"},{"floor":46,"key":"Block Potion"}],"is_trial":false,"path_per_floor":["M","$","T","?","$","E","$","R","T","M","M","R","M","M","R","B",null,"M","M","$","?","PTL","PTL","$","R","E","T","T","M","M","?","M","M","R","B",null,"M","M","?","M","$","E","R","M","T","M","$","?","R","M","R","B",null],"character_chosen":"Angela","items_purchased":["Vajra","Potion Belt","Lee\u0027s Waffle","Replay:Dark Deal","Galaxy","ColorlessPotion","SmokeBomb","Explosive Potion","ReplayTheSpireMod:Ninjato","Happy Flower","Toolbox","ReplayTheSpireMod:Private Reserves","DemoMod:Invincible","DemoMod:MeltedRock","HandDrill","Regal Pillow","BlackSwan_ego+1","SteroidPotion","SpeedPotion","PowerPotion","Frozen Egg 2","MealTicket","ClockworkSouvenir","Sadistic Nature+1","Specialist+1","Du-Vu Doll","Replay:Towering Pillar of Hats","Guide Book","Kunai","StoneCalendar","Frozen Eye","DemoMod:LeadSkinPotion","Replay:Rubber Ducky","Orichalcum","DollysMirror","Fire Potion","Fire Potion","GreenStem+1"],"campfire_rested":0,"item_purchase_floors":[2,2,2,2,2,2,2,2,5,5,5,5,5,7,7,7,7,7,7,7,20,20,20,20,20,24,24,24,41,41,41,41,47,47,47,47,47,47],"current_hp_per_floor":[70,77,77,77,77,53,53,53,53,61,63,63,34,45,45,47,77,69,68,68,68,68,68,83,83,76,76,76,77,87,75,62,73,73,72,87,87,75,75,32,47,61,61,79,79,90,91,91,91,91,91,91],"gold":8077,"neow_bonus":"TRANSFORM_CARD","is_daily":false,"chose_seed":false,"campfire_upgraded":5,"win_rate":0.0,"timestamp":1613221680,"path_taken":["M","$","?","?","$","E","$","R","T","M","M","R","M","M","R","BOSS","M","M","$","?","PTL","PTL","$","R","E","?","T","?","M","?","?","M","R","BOSS","M","M","?","M","$","E","R","M","T","M","$","?","R","M","R","BOSS"],"items_purchased_type":["Relic","Relic","Relic","Card","Card","Potion","Potion","Potion","Relic","Relic","Relic","Card","Card","Relic","Relic","Relic","Card","Potion","Potion","Potion","Relic","Relic","Relic","Card","Card","Relic","Relic","Relic","Relic","Relic","Relic","Undefined","Relic","Relic","Relic","Potion","Potion","Card"],"build_version":"2020-12-22","purchased_purges":5,"victory":true,"max_hp_per_floor":[70,77,77,77,77,77,77,77,77,77,77,77,77,77,77,77,77,87,87,87,87,87,87,87,87,87,87,87,87,87,87,87,87,87,87,87,87,87,87,87,87,87,87,87,87,91,91,91,91,91,91,91],"card_choices":[{"not_picked":["RapturousDream"],"picked":"Penitence","floor":1.0},{"not_picked":["Harvest","Wingbeat"],"picked":"SKIP","floor":1.0},{"not_picked":["Discord","DaCapo"],"picked":"SKIP","floor":6.0},{"not_picked":["Harmony","Galaxy"],"picked":"SKIP","floor":10.0},{"not_picked":["GreenStem"],"picked":"RedEyes","floor":11.0},{"not_picked":["SomewhereSpear"],"picked":"Horn","floor":11.0},{"not_picked":["Lantern"],"picked":"Horn","floor":14.0},{"not_picked":["Tough","FourthMatchFlame"],"picked":"SKIP","floor":14.0},{"not_picked":["Mimicry"],"picked":"ParadiseLost","floor":16.0},{"not_picked":["Justitia"],"picked":"Mimicry","floor":16.0},{"not_picked":["Replay:Sluggish"],"picked":"Doubt","floor":17.0},{"not_picked":["Clumsy"],"picked":"Injury","floor":17.0},{"not_picked":["ReplayTheSpireMod:Restless Dread"],"picked":"downfall:Icky","floor":17.0},{"not_picked":["Penitence"],"picked":"Lamp","floor":18.0},{"not_picked":["Horn"],"picked":"Ecstasy","floor":18.0},{"not_picked":["CUTE","Galaxy"],"picked":"SKIP","floor":18.0},{"not_picked":["CrimsonScar"],"picked":"SomewhereSpear+1","floor":19.0},{"not_picked":["WristCuter+1","Noise"],"picked":"SKIP","floor":19.0},{"not_picked":["FourthMatchFlame","Noise"],"picked":"SKIP","floor":19.0},{"not_picked":["SnowQueen","Porccubus"],"picked":"Variant","floor":26.0},{"not_picked":["Loneliness","Pinks"],"picked":"SKIP","floor":26.0},{"not_picked":["Pleasure","RedEyes"],"picked":"SKIP","floor":26.0},{"not_picked":["NakedNest","WallGazer"],"picked":"SpiderBud","floor":29.0},{"not_picked":["Moonlight"],"picked":"Regret_ego+1","floor":29.0},{"not_picked":["WristCuter","TodaysExpression"],"picked":"SKIP","floor":29.0},{"not_picked":["FrostShard+1"],"picked":"Twilight","floor":30.0},{"not_picked":["BigBadWolf","CrumblingArmor"],"picked":"GreedKing","floor":30.0},{"not_picked":["ShedSkin"],"picked":"Soda+1","floor":30.0},{"not_picked":["Lantern","RapturousDream"],"picked":"SKIP","floor":30.0},{"not_picked":["Regret_ego+1","ShedSkin"],"picked":"SKIP","floor":32.0},{"not_picked":["CherryBlossom+1","SolemnVow"],"picked":"SKIP","floor":32.0},{"not_picked":["Noise","Christmas+1"],"picked":"SKIP","floor":32.0},{"not_picked":["CUTE"],"picked":"Gaze+1","floor":33.0},{"not_picked":["SomewhereSpear","Hypocrisy"],"picked":"SKIP","floor":33.0},{"not_picked":["UniverseFragment","Murderer"],"picked":"WallGazer","floor":35.0},{"not_picked":["Pinks"],"picked":"GoldRush","floor":35.0},{"not_picked":["BloodyDesire","Beak"],"picked":"SKIP","floor":37.0},{"not_picked":["Beak","CherryBlossom+1"],"picked":"SKIP","floor":37.0},{"not_picked":["Laetitia","BlueStar"],"picked":"CENSORED","floor":38.0},{"not_picked":["SwordSharpenedByTears","FeatherOfHonor+1"],"picked":"SKIP","floor":38.0},{"not_picked":["FeatherOfHonor+1","FourthMatchFlame"],"picked":"SKIP","floor":38.0},{"not_picked":["Lantern","WristCuter"],"picked":"SKIP","floor":38.0},{"not_picked":["Beak+1"],"picked":"Penitence+1","floor":40},{"not_picked":["Lantern","Laetitia_ego+1"],"picked":"SKIP","floor":40},{"not_picked":["Regret_ego+1","Moonlight"],"picked":"SKIP","floor":40},{"not_picked":["CUTE+1"],"picked":"Penitence","floor":42},{"not_picked":["Horn","RapturousDream"],"picked":"SKIP","floor":44},{"not_picked":["BloodyDesire+1","Moonlight"],"picked":"SKIP","floor":44},{"not_picked":["Tough+1","CherryBlossom+1"],"picked":"SKIP","floor":44},{"not_picked":["FairyFestival","DespairKnight"],"picked":"LaLuna","floor":46},{"not_picked":["Amita+1","SwordSharpenedByTears"],"picked":"SKIP","floor":46},{"not_picked":["Regret_ego+1","RapturousDream"],"picked":"SKIP","floor":46},{"not_picked":["LifeForTheDareDevil+1","FourthMatchFlame"],"picked":"SKIP","floor":46},{"not_picked":["Harvest"],"picked":"BlueScar+1","floor":50},{"not_picked":["Noise"],"picked":"Twilight","floor":50},{"not_picked":["SomewhereSpear+1","Horn"],"picked":"SKIP","floor":50}],"player_experience":351243,"relics_obtained":[{"floor":1.0,"key":"LetterFromLob"},{"floor":3.0,"key":"Sundial"},{"floor":6.0,"key":"reliquary:Aerogel"},{"floor":9.0,"key":"reliquary:FerryPass"},{"floor":26.0,"key":"infinitespire:PuzzleCube"},{"floor":27.0,"key":"reliquary:SharkskinSheath"},{"floor":28.0,"key":"Bronze Scales"},{"floor":42,"key":"Ginger"},{"floor":45,"key":"ReplayTheSpireMod:Lightbulb"}],"event_choices":[{"cards_removed":["SpecialBullet"],"damage_healed":0.0,"max_hp_gain":0.0,"max_hp_loss":0.0,"gold_gain":0.0,"event_name":"The Cleric","player_choice":"Card Removal","floor":4.0,"gold_loss":50.0,"damage_taken":0.0},{"damage_healed":0.0,"max_hp_gain":0.0,"max_hp_loss":0.0,"gold_gain":90.0,"event_name":"Knowing Skull","player_choice":"GOLD ","floor":31.0,"potions_obtained":[],"gold_loss":0.0,"damage_taken":12.0,"cards_obtained":[]},{"damage_healed":0.0,"max_hp_gain":0.0,"max_hp_loss":0.0,"gold_gain":0.0,"event_name":"Tomb of Lord Red Mask","player_choice":"Ignored","floor":39.0,"gold_loss":0.0,"damage_taken":0.0},{"cards_removed":["SpecialBullet"],"damage_healed":0,"gold_gain":0,"player_choice":"Took Card","damage_taken":0,"max_hp_gain":0,"max_hp_loss":0,"event_name":"NoteForYourself","floor":48,"gold_loss":0,"cards_obtained":["Iron Wave"]}],"is_beta":false,"boss_relics":[{"not_picked":["bronze:MakeshiftBattery","Painkiller Herb"],"picked":"Replay:Ancient Bell"},{"not_picked":["reliquary:Boomerang","infinitespire:Satchel"],"picked":"Replay:Baseball"},{"not_picked":["reliquary:SculptingSteel","White Beast Statue"],"picked":"Quantum Egg"},{"not_picked":["Counterbalance","DemoMod:VorpalBullet"],"picked":"Prayer Wheel"},{"not_picked":["reliquary:RedCape","Honey Jar"],"picked":"SacredBark"}],"items_purged_floors":[2,20,24,41,47],"is_endless":false,"potions_floor_spawned":[6,10,16,18,19,33,35,38,40,46],"ascension_level":0}}