{"host":"6r3ioyv75hs1gp74","time":1613250851,"event":{"mods":["AchievementEnabler","Act Like it!","BaseMod","Better Sensory Stone","Better Third Choice","Block Reminder","Colored Map","Colored Powertips","Curses Come First","Minty Spire (QoL Compilation)","StSLib"],"gold_per_floor":[17,30,43,43,60,60,73,107,107,125,125,19,39,66,66,66,66],"floor_reached":16,"language":"ENG","playtime":672,"items_purged":[],"score":125,"play_id":"669ba664-7e64-4039-8ab5-e2ad0a834bfd","local_time":"20210213211411","is_ascension_mode":true,"campfire_choices":[{"data":"Berserk","floor":6,"key":"SMITH"},{"data":"Bash","floor":11,"key":"SMITH"},{"data":"Dark Embrace","floor":15,"key":"SMITH"}],"circlet_count":0,"master_deck":["Strike_R","Strike_R","Strike_R","Strike_R","Defend_R","Defend_R","Defend_R","Defend_R","Bash+1","Berserk+1","Pommel Strike","Hemokinesis","Iron Wave","Evolve","Flex","Immolate+1","Flex","Dark Embrace+1","Seeing Red","Havoc"],"relics":["Burning Blood","Molten Egg 2","Matryoshka","Omamori","Boot"],"acts_visited":["Exordium"],"potions_floor_usage":[5,16,16],"damage_taken":[{"damage":12,"enemies":"Small Slimes","floor":1,"turns":3},{"damage":0,"enemies":"Cultist","floor":2,"turns":4},{"damage":14,"enemies":"Jaw Worm","floor":3,"turns":2},{"damage":8,"enemies":"3 Louse","floor":5,"turns":3},{"damage":18,"enemies":"Lots of Slimes","floor":7,"turns":5},{"damage":39,"enemies":"3 Sentries","floor":8,"turns":8},{"damage":2,"enemies":"Exordium Wildlife","floor":10,"turns":2},{"damage":9,"enemies":"Large Slime","floor":13,"turns":4},{"damage":58,"enemies":"The Guardian","floor":16,"turns":6}],"seed_played":"-8506989577874105526","potions_obtained":[{"floor":3,"key":"Block Potion"},{"floor":10,"key":"Block Potion"},{"floor":13,"key":"ElixirPotion"}],"is_trial":false,"path_per_floor":["M","M","M","?","M","R","M","E","T","M","R","$","M","T","R","B"],"character_chosen":"IRONCLAD","items_purchased":["Dark Embrace","Seeing Red"],"campfire_rested":0,"item_purchase_floors":[12,12],"current_hp_per_floor":[74,80,72,72,70,70,58,25,25,29,29,29,26,26,26,0,0],"gold":66,"neow_bonus":"THREE_RARE_CARDS","is_daily":false,"chose_seed":false,"campfire_upgraded":3,"win_rate":0.0,"timestamp":1613250851,"path_taken":["M","M","M","?","?","R","M","E","T","?","R","$","M","?","R","BOSS"],"items_purchased_type":["Card","Card"],"build_version":"2020-12-22","purchased_purges":0,"victory":false,"max_hp_per_floor":[80,80,80,80,80,80,80,80,80,80,80,80,80,80,80,80,80],"card_choices":[{"not_picked":["Reaper","Fiend Fire"],"picked":"Berserk","floor":0},{"not_picked":["Wild Strike","Sever Soul"],"picked":"Pommel Strike","floor":1},{"not_picked":["Metallicize","Second Wind"],"picked":"Hemokinesis","floor":2},{"not_picked":["Bloodletting","Dual Wield"],"picked":"Iron Wave","floor":3},{"not_picked":["Perfected Strike","Intimidate"],"picked":"Evolve","floor":5},{"not_picked":["Pommel Strike","Iron Wave"],"picked":"Flex","floor":7},{"not_picked":["Sever Soul+1","Searing Blow+1"],"picked":"Immolate+1","floor":8},{"not_picked":["Warcry","Iron Wave+1"],"picked":"Flex","floor":10},{"not_picked":["Body Slam+1","Anger+1"],"picked":"Havoc","floor":13}],"player_experience":147230,"relics_obtained":[{"floor":8,"key":"Molten Egg 2"},{"floor":9,"key":"Matryoshka"},{"floor":14,"key":"Omamori"},{"floor":14,"key":"Boot"}],"event_choices":[{"cards_removed":["Strike_R"],"damage_healed":0,"gold_gain":0,"player_choice":"Purged","damage_taken":0,"max_hp_gain":0,"max_hp_loss":0,"event_name":"Purifier","floor":4,"gold_loss":0}],"is_beta":false,"boss_relics":[],"items_purged_floors":[],"is_endless":false,"potions_floor_spawned":[3,10,13],"killed_by":"The Guardian","ascension_level":4}}