{"host":"krw8kyiy0um8ye49","time":1613259028,"event":{"mods":["BaseMod","Minty Spire (QoL Compilation)","StSLib"],"gold_per_floor":[119,119,133,152,129,163,179,179,252,252,252,265,165,200,200,299,299,264,264,284,284,295,325,325,358,358,387,412,441,160,176,176,273,273,289,58,58,69,0,0,0,0],"floor_reached":41,"language":"ENG","playtime":2334,"items_purged":["Strike_G","Strike_G"],"score":577,"play_id":"c254eddd-e9af-47cd-bf32-65240e6f6b0c","local_time":"20210214003028","is_ascension_mode":true,"campfire_choices":[{"data":"Phantasmal Killer","floor":8,"key":"SMITH"},{"data":"Backflip","floor":10,"key":"SMITH"},{"data":"Bane","floor":15,"key":"SMITH"},{"floor":24,"key":"REST"},{"floor":32,"key":"REST"}],"circlet_count":0,"master_deck":["Strike_G","Strike_G","Strike_G","Defend_G","Defend_G","Defend_G","Defend_G+1","Defend_G","Survivor","Neutralize+1","Blade Dance","Slice","Backflip","Deadly Poison","Backflip+1","Phantasmal Killer+1","Prepared","Bane+1","Cloak And Dagger+1","Terror","Tools of the Trade","Backstab+1","PiercingWail+1","Distraction+1","Tactician+1","Leg Sweep+1","Blur","Accuracy","Malaise","Underhanded Strike+1","Doubt"],"relics":["Ring of the Snake","Tough Bandages","Gremlin Horn","War Paint","SlaversCollar","Tiny Chest","FossilizedHelix","Molten Egg 2","Pear","Happy Flower","Smiling Mask","Strange Spoon","Cursed Key","Membership Card","Bronze Scales","Ninja Scroll","Red Mask"],"acts_visited":["Exordium","TheCity","TheBeyond"],"potions_floor_usage":[6,6,14,16,20,23,27],"damage_taken":[{"damage":1,"enemies":"Cultist","floor":1,"turns":4},{"damage":1,"enemies":"Jaw Worm","floor":3,"turns":3},{"damage":0,"enemies":"Small Slimes","floor":4,"turns":2},{"damage":5,"enemies":"Lagavulin","floor":6,"turns":7},{"damage":0,"enemies":"2 Fungi Beasts","floor":7,"turns":3},{"damage":0,"enemies":"Lots of Slimes","floor":12,"turns":3},{"damage":9,"enemies":"3 Sentries","floor":14,"turns":5},{"damage":8,"enemies":"Slime Boss","floor":16,"turns":7},{"damage":21,"enemies":"2 Thieves","floor":18,"turns":5},{"damage":4,"enemies":"Chosen","floor":20,"turns":3},{"damage":1,"enemies":"Centurion and Healer","floor":22,"turns":6},{"damage":18,"enemies":"Gremlin Leader","floor":23,"turns":4},{"damage":7,"enemies":"Book of Stabbing","floor":25,"turns":5},{"damage":0,"enemies":"Slavers","floor":27,"turns":7},{"damage":23,"enemies":"Book of Stabbing","floor":29,"turns":6},{"damage":0,"enemies":"Snake Plant","floor":31,"turns":2},{"damage":3,"enemies":"Collector","floor":33,"turns":10},{"damage":48,"enemies":"3 Darklings","floor":35,"turns":8},{"damage":0,"enemies":"Orb Walker","floor":38,"turns":3},{"damage":74,"enemies":"Transient","floor":41,"turns":5}],"seed_played":"6211864382900555931","potions_obtained":[{"floor":1,"key":"Regen Potion"},{"floor":2,"key":"EssenceOfSteel"},{"floor":2,"key":"PowerPotion"},{"floor":6,"key":"Explosive Potion"},{"floor":12,"key":"FearPotion"},{"floor":18,"key":"CunningPotion"},{"floor":20,"key":"Fruit Juice"},{"floor":25,"key":"EssenceOfSteel"},{"floor":38,"key":"FearPotion"}],"is_trial":false,"path_per_floor":["M","?","M","M","$","E","M","R","T","R","?","M","$","E","R","B",null,"M","?","M","?","M","E","R","E","T","E","T","E","$","M","R","B",null,"M","$","T","M","?","$","M"],"character_chosen":"THE_SILENT","items_purchased":["Backflip","Cloak And Dagger","Accuracy","Strange Spoon","Membership Card","Bronze Scales"],"campfire_rested":2,"item_purchase_floors":[5,13,30,30,36,36],"current_hp_per_floor":[69,69,68,68,68,63,63,63,63,63,63,63,63,54,54,61,70,49,49,50,36,35,17,41,34,44,44,44,21,21,21,48,45,90,42,42,42,42,42,42,0,0],"gold":0,"neow_bonus":"THREE_CARDS","is_daily":false,"chose_seed":false,"campfire_upgraded":3,"win_rate":0.0,"timestamp":1613259028,"path_taken":["M","?","?","M","$","E","M","R","T","R","?","?","$","E","R","BOSS","M","?","?","?","M","E","R","E","T","E","?","E","$","M","R","BOSS","M","$","?","M","?","$","M"],"items_purchased_type":["Card","Card","Card","Relic","Relic","Relic"],"build_version":"2020-12-22","purchased_purges":2,"victory":false,"max_hp_per_floor":[70,70,70,70,70,70,70,70,70,70,70,70,70,70,70,70,70,70,70,75,80,80,80,80,80,90,90,90,90,90,90,90,90,90,90,90,90,90,90,90,90,90],"card_choices":[{"not_picked":["Infinite Blades","Backflip"],"picked":"Blade Dance","floor":0},{"not_picked":["Well Laid Plans","All Out Attack"],"picked":"Slice","floor":1},{"not_picked":["Blade Dance","Deflect"],"picked":"Backflip","floor":3},{"not_picked":["Caltrops","Expertise"],"picked":"Deadly Poison","floor":4},{"not_picked":["Dagger Throw","Doppelganger"],"picked":"Phantasmal Killer","floor":6},{"not_picked":["Poisoned Stab","Reflex"],"picked":"Prepared","floor":7},{"not_picked":["Bouncing Flask","Outmaneuver"],"picked":"Bane","floor":12},{"not_picked":["Cloak And Dagger","Sucker Punch"],"picked":"Terror","floor":14},{"not_picked":["Burst","Die Die Die"],"picked":"Tools of the Trade","floor":16},{"not_picked":["Choke","Prepared"],"picked":"Backstab+1","floor":18},{"not_picked":["Blade Dance+1","Backflip"],"picked":"PiercingWail+1","floor":20},{"not_picked":["Outmaneuver","Slice","Distraction"],"picked":"SKIP","floor":22},{"not_picked":["Dagger Spray","Flechettes"],"picked":"Distraction+1","floor":23},{"not_picked":["Escape Plan","Masterful Stab+1"],"picked":"Tactician+1","floor":25},{"not_picked":["Poisoned Stab+1","Cloak And Dagger"],"picked":"Leg Sweep+1","floor":27},{"not_picked":["Caltrops","PiercingWail"],"picked":"Blur","floor":29},{"not_picked":["Backflip","Prepared","Concentrate+1"],"picked":"SKIP","floor":31},{"not_picked":["Wraith Form v2","Grand Finale+1"],"picked":"Malaise","floor":33},{"not_picked":["Bane+1","Backflip+1"],"picked":"Underhanded Strike+1","floor":35},{"not_picked":["Dodge and Roll+1","Underhanded Strike+1","Setup"],"picked":"SKIP","floor":38}],"player_experience":164345,"relics_obtained":[{"floor":6,"key":"Tough Bandages"},{"floor":9,"key":"Gremlin Horn"},{"floor":14,"key":"War Paint"},{"floor":23,"key":"FossilizedHelix"},{"floor":25,"key":"Molten Egg 2"},{"floor":26,"key":"Pear"},{"floor":28,"key":"Happy Flower"},{"floor":29,"key":"Smiling Mask"},{"floor":37,"key":"Ninja Scroll"}],"event_choices":[{"damage_healed":0,"gold_gain":0,"player_choice":"Got Potions","damage_taken":0,"max_hp_gain":0,"max_hp_loss":0,"event_name":"Lab","floor":2,"gold_loss":0},{"damage_healed":0,"gold_gain":0,"player_choice":"Forge","damage_taken":0,"max_hp_gain":0,"max_hp_loss":0,"event_name":"Accursed Blacksmith","floor":11,"gold_loss":0,"cards_upgraded":["Neutralize"]},{"damage_healed":0,"gold_gain":0,"player_choice":"Gave Potion","damage_taken":0,"relics_obtained":["Tiny Chest"],"max_hp_gain":0,"max_hp_loss":0,"event_name":"WeMeetAgain","floor":19,"gold_loss":0},{"damage_healed":0,"gold_gain":0,"player_choice":"Shed Blood","damage_taken":19,"max_hp_gain":5,"max_hp_loss":0,"event_name":"Forgotten Altar","floor":21,"gold_loss":0},{"damage_healed":0,"gold_gain":0,"player_choice":"Paid","damage_taken":0,"relics_obtained":["Red Mask"],"max_hp_gain":0,"max_hp_loss":0,"event_name":"Tomb of Lord Red Mask","floor":39,"gold_loss":69}],"is_beta":false,"boss_relics":[{"not_picked":["Tiny House","Snecko Eye"],"picked":"SlaversCollar"},{"not_picked":["Ring of the Serpent","Empty Cage"],"picked":"Cursed Key"}],"items_purged_floors":[13,30],"is_endless":false,"potions_floor_spawned":[1,6,12,18,20,25,38],"killed_by":"Transient","ascension_level":2}}