{"host":"v4uyxn0vi5l8udd0","time":1613233618,"event":{"mods":["AchievementEnabler","BaseMod","Downfall","Minty Spire (QoL Compilation)","StSLib","The Cursed","The Servant 0.9.4"],"gold_per_floor":[99,118,118,135,135,45,45,60,71,97,117,131,147,147,161,258,258,258,269,283,283,293,293,293,293,178,197,214,214,228,238,257,257,257,257],"floor_reached":33,"language":"ENG","playtime":1654,"items_purged":["downfall:Malfunctioning","hexamod:Strike"],"score":282,"play_id":"fbfe0c0a-fa30-40ee-af39-9df9118ef1b0","local_time":"20210213172658","is_ascension_mode":false,"campfire_choices":[{"data":"hexamod:Float","floor":1,"key":"SMITH"},{"data":"hexamod:SoulSteal","floor":18,"key":"SMITH"},{"floor":23,"key":"REST"},{"data":"hexamod:SpectralSpark","floor":25,"key":"SMITH"}],"circlet_count":0,"master_deck":["hexamod:Strike","hexamod:Strike+1","hexamod:Defend","hexamod:Defend","hexamod:Defend","hexamod:Defend","hexamod:Sear+1","hexamod:Float+1","hexamod:DynamicBlow+1","hexamod:SoulSteal+1","hexamod:Firestarter","hexamod:SpectralSpark+1","hexamod:ThermalTransfer","hexamod:EmpoweredFlame+1","hexamod:SpectralSpark","hexamod:StepThrough","hexamod:WildfireWeapon+1","hexamod:ChargedBarrage","Parasite","hexamod:ForkedFlame","hexamod:HeatMetal"],"relics":["hexamod:SpiritBrand","Oddly Smooth Stone","Bottled Flame","Frozen Egg 2","NlothsMask","Cursed Key"],"acts_visited":["Exordium","TheCity"],"potions_floor_usage":[15,28],"damage_taken":[{"damage":0,"enemies":"Cultist","floor":2,"turns":3},{"damage":6,"enemies":"Jaw Worm","floor":4,"turns":3},{"damage":0,"enemies":"downfall:FleeingMerchant","floor":6,"turns":4},{"damage":1,"enemies":"2 Louse","floor":8,"turns":3},{"damage":0,"enemies":"Gremlin Gang","floor":9,"turns":3},{"damage":8,"enemies":"Lagavulin","floor":10,"turns":6},{"damage":1,"enemies":"2 Fungi Beasts","floor":11,"turns":3},{"damage":7,"enemies":"Blue Slaver","floor":12,"turns":3},{"damage":0,"enemies":"Exordium Thugs","floor":13,"turns":3},{"damage":3,"enemies":"Lots of Slimes","floor":15,"turns":3},{"damage":15,"enemies":"IC_STATUS_ARCHETYPE","floor":16,"turns":5},{"damage":3,"enemies":"3 Byrds","floor":19,"turns":5},{"damage":23,"enemies":"downfall:LooterAlt2","floor":20,"turns":3},{"damage":4,"enemies":"Snecko","floor":22,"turns":4},{"damage":10,"enemies":"downfall:FleeingMerchant","floor":26,"turns":4},{"damage":12,"enemies":"Snake Plant","floor":27,"turns":3},{"damage":10,"enemies":"Centurion and Healer","floor":28,"turns":3},{"damage":6,"enemies":"Snecko","floor":30,"turns":5},{"damage":8,"enemies":"Snake Plant","floor":31,"turns":3},{"damage":2,"enemies":"Chosen and Byrds","floor":32,"turns":4},{"damage":20,"enemies":"WA_ARCHETYPE_CALM","floor":33,"turns":5}],"seed_played":"7361874449053516232","potions_obtained":[{"floor":9,"key":"sneckomod:MuddlingPotion"},{"floor":10,"key":"SmokeBomb"},{"floor":11,"key":"Block Potion"},{"floor":12,"key":"BlessingOfTheForge"},{"floor":16,"key":"champ:CounterPotion"},{"floor":20,"key":"hexamod:SoulburnPotion"},{"floor":28,"key":"Fruit Juice"},{"floor":32,"key":"hexamod:EctoCoolerPotion"}],"is_trial":false,"path_per_floor":["R","M","?","M","T","$","T","M","M","E","M","M","M","?","M","B",null,"R","M","M","?","M","R","T","R","$","M","M","?","M","M","M","B"],"character_chosen":"THE_SPIRIT","items_purchased":[],"campfire_rested":1,"item_purchase_floors":[],"current_hp_per_floor":[70,70,70,64,64,64,64,63,63,55,54,47,47,47,44,29,70,70,67,44,44,40,61,61,61,51,39,34,34,28,20,18,0,0,0],"gold":257,"neow_bonus":"THREE_CARDS","is_daily":false,"chose_seed":false,"campfire_upgraded":3,"win_rate":0.0,"timestamp":1613233618,"path_taken":["R","M","?","M","?","?","T","M","M","E","M","M","M","?","M","BOSS","R","?","M","?","M","R","T","R","$","M","M","?","?","M","M","BOSS"],"items_purchased_type":[],"build_version":"2020-12-22","purchased_purges":2,"victory":false,"max_hp_per_floor":[70,70,70,70,70,70,70,70,70,70,70,70,70,70,70,70,70,70,70,70,70,70,70,70,70,70,70,75,75,75,75,75,75,75,75],"card_choices":[{"not_picked":["hexamod:FlamesFromBeyond","hexamod:Firestarter"],"picked":"hexamod:DynamicBlow","floor":0},{"not_picked":["hexamod:SuperheatedStrike","hexamod:HeatMetal"],"picked":"hexamod:SoulSteal","floor":2},{"not_picked":["hexamod:ThermalTransfer","hexamod:SwordOfDarkness"],"picked":"hexamod:Firestarter","floor":4},{"not_picked":["hexamod:ShieldOfDarkness","hexamod:HeatMetal"],"picked":"hexamod:SpectralSpark","floor":6},{"not_picked":["hexamod:ShieldOfDarkness","hexamod:GhostflameInferno"],"picked":"hexamod:ThermalTransfer","floor":8},{"not_picked":["hexamod:Again","hexamod:BacktrackSmack","hexamod:Firestarter"],"picked":"SKIP","floor":9},{"not_picked":["hexamod:HauntingEcho","hexamod:TimeOfNeed","hexamod:Firestarter"],"picked":"SKIP","floor":10},{"not_picked":["hexamod:Hexaguard","hexamod:Incineration"],"picked":"hexamod:EmpoweredFlame+1","floor":11},{"not_picked":["hexamod:Firestarter","hexamod:ThermalTransfer"],"picked":"hexamod:SpectralSpark","floor":12},{"not_picked":["hexamod:HauntingEcho","hexamod:InspiringFlames","hexamod:Hexaguard"],"picked":"SKIP","floor":13},{"not_picked":["hexamod:FlamesFromBeyond","hexamod:NightmareGuise"],"picked":"hexamod:StepThrough","floor":15},{"not_picked":["hexamod:GhostOfSpirePresent+1","hexamod:UnleashSpirits"],"picked":"hexamod:WildfireWeapon+1","floor":16},{"not_picked":["hexamod:EtherealExpedition","hexamod:SkipABeat","hexamod:FastForward"],"picked":"SKIP","floor":19},{"not_picked":["hexamod:SuperheatedStrike","hexamod:GhostOfSpirePast+1","hexamod:SwordOfDarkness+1"],"picked":"SKIP","floor":20},{"not_picked":["hexamod:BacktrackSmack","hexamod:Again+1"],"picked":"hexamod:ChargedBarrage","floor":22},{"not_picked":["hexamod:SkipABeat","hexamod:GhostLash"],"picked":"hexamod:ForkedFlame","floor":26},{"not_picked":["hexamod:Firestarter","hexamod:PowerFromBeyond","hexamod:GhostOfSpirePast+1"],"picked":"SKIP","floor":27},{"not_picked":["hexamod:ShieldOfDarkness","hexamod:AdvancingGuard","hexamod:ThermalTransfer"],"picked":"SKIP","floor":28},{"not_picked":["hexamod:Firestarter","hexamod:FastForward","hexamod:SpectersWail+1"],"picked":"SKIP","floor":30},{"not_picked":["hexamod:Incineration+1","hexamod:ForkedFlame","hexamod:RetreatToShadows+1"],"picked":"SKIP","floor":31},{"not_picked":["hexamod:FirstSeal","hexamod:ShieldOfDarkness"],"picked":"hexamod:HeatMetal","floor":32}],"player_experience":695314,"relics_obtained":[{"floor":5,"key":"Oddly Smooth Stone"},{"floor":7,"key":"Bottled Flame"},{"floor":10,"key":"Frozen Egg 2"}],"event_choices":[{"damage_healed":0,"gold_gain":0,"player_choice":"Trade","damage_taken":0,"relics_obtained":["NlothsMask"],"max_hp_gain":0,"max_hp_loss":0,"event_name":"FaceTrader","floor":14,"gold_loss":0}],"is_beta":false,"boss_relics":[{"not_picked":["Runic Pyramid","hexamod:UnbrokenSoul"],"picked":"Cursed Key"}],"items_purged_floors":[6,26],"is_endless":false,"potions_floor_spawned":[9,10,11,12,13,16,20,27,28,32],"killed_by":"WA_ARCHETYPE_CALM","ascension_level":0}}