{"host":"178rghtqlvp3zue2","time":1613227500,"event":{"mods":["2.2 Compatiblity","AchievementEnabler","BaseMod","DeckTracker","Minty Spire (QoL Compilation)","Quick Restart","SuperFastMode"],"gold_per_floor":[114,114,114,43,57,398,398,417,417,451,159,190,206,244,244,374,374,390,390,178,178,190,220,145,145,171,190,114,124,156,156,156,259,259,272,272,272,108,127,161,161,192,192,42,55,75,125,53,53,53,53,53,6,33,33,33],"floor_reached":55,"language":"KOR","playtime":2512,"items_purged":["Strike_B","Strike_B","Strike_B","Defend_B"],"score":945,"play_id":"ced2d80f-438f-4cd2-a565-154ba8f8560f","local_time":"20210213234500","is_ascension_mode":true,"campfire_choices":[{"data":"Dualcast","floor":7,"key":"SMITH"},{"data":"Redo","floor":15,"key":"SMITH"},{"data":"Sunder","floor":25,"key":"SMITH"},{"floor":32,"key":"RECALL"},{"data":"Barrage","floor":41,"key":"SMITH"},{"floor":49,"key":"REST"},{"data":"Barrage","floor":52,"key":"SMITH"}],"circlet_count":0,"master_deck":["Zap","Dualcast+1","Barrage+1","Glacier","Cold Snap","Redo+1","Conserve Battery","Self Repair+1","Defragment+1","Buffer+1","CurseOfTheBell","Defragment+1","Sunder+1","Barrage+1","Seek","Auto Shields+1","Loop+1","Echo Form+1","Lockon+1","Scrape+1","White Noise+1","Defragment+1","Panache+1","Bandage Up","Heatsinks+1","Genetic Algorithm+1","Defragment+1","Electrodynamics+1","Cold Snap","Cold Snap+1"],"relics":["Cracked Core","NeowsBlessing","Bloody Idol","Frozen Egg 2","Old Coin","StoneCalendar","Pocketwatch","Nunchaku","Symbiotic Virus","DataDisk","Calling Bell","Omamori","Letter Opener","Lizard Tail","Ice Cream","Juzu Bracelet","Astrolabe","WingedGreaves","Bag of Preparation","Toxic Egg 2","Du-Vu Doll","Bag of Marbles"],"acts_visited":["Exordium","TheCity","TheBeyond","TheEnding"],"potions_floor_usage":[23,50,50,54,54],"damage_taken":[{"damage":0,"enemies":"Jaw Worm","floor":1,"turns":1},{"damage":0,"enemies":"Cultist","floor":5,"turns":1},{"damage":0,"enemies":"Gremlin Nob","floor":6,"turns":1},{"damage":0,"enemies":"Small Slimes","floor":8,"turns":4},{"damage":14,"enemies":"3 Sentries","floor":10,"turns":7},{"damage":1,"enemies":"Lagavulin","floor":12,"turns":7},{"damage":18,"enemies":"Gremlin Gang","floor":13,"turns":7},{"damage":2,"enemies":"3 Sentries","floor":14,"turns":7},{"damage":7,"enemies":"Slime Boss","floor":16,"turns":7},{"damage":3,"enemies":"Shell Parasite","floor":18,"turns":7},{"damage":8,"enemies":"Spheric Guardian","floor":22,"turns":4},{"damage":16,"enemies":"Slavers","floor":23,"turns":7},{"damage":0,"enemies":"Snecko","floor":27,"turns":4},{"damage":16,"enemies":"Snake Plant","floor":29,"turns":4},{"damage":11,"enemies":"Book of Stabbing","floor":30,"turns":4},{"damage":6,"enemies":"Champ","floor":33,"turns":11},{"damage":11,"enemies":"Orb Walker","floor":35,"turns":3},{"damage":27,"enemies":"3 Darklings","floor":39,"turns":7},{"damage":6,"enemies":"Reptomancer","floor":40,"turns":8},{"damage":0,"enemies":"Giant Head","floor":42,"turns":12},{"damage":38,"enemies":"Jaw Worm Horde","floor":45,"turns":6},{"damage":30,"enemies":"4 Shapes","floor":46,"turns":7},{"damage":0,"enemies":"Mind Bloom Boss Battle","floor":47,"turns":7},{"damage":36,"enemies":"Donu and Deca","floor":50,"turns":7},{"damage":70,"enemies":"Shield and Spear","floor":54,"turns":7},{"damage":85,"enemies":"The Heart","floor":55,"turns":9}],"seed_played":"-6219389981842291420","potions_obtained":[{"floor":5,"key":"FocusPotion"},{"floor":6,"key":"SmokeBomb"},{"floor":8,"key":"Block Potion"},{"floor":23,"key":"LiquidMemories"},{"floor":27,"key":"BlessingOfTheForge"},{"floor":39,"key":"EntropicBrew"}],"is_trial":false,"path_per_floor":["M","?","T","$","M","E","R","M","T","E","$","E","M","E","R","B",null,"M","?","$","?","M","E","?","R","T","M","$","M","E","?","R","B",null,"M","?","?","$","M","E","R","E","T","$","M","M","?","$","R","B",null,"R","$","E","B"],"character_chosen":"DEFECT","items_purchased":["Glacier","Self Repair+1","Nunchaku","Defragment+1","Sunder","Loop+1","Heatsinks+1","Electrodynamics+1","Cold Snap"],"campfire_rested":1,"item_purchase_floors":[4,11,11,20,20,28,38,48,53],"current_hp_per_floor":[75,57,57,57,57,57,57,57,57,43,43,52,44,52,52,55,75,75,75,75,75,75,74,74,74,75,75,75,74,75,75,75,75,75,69,64,64,64,46,59,59,75,75,75,46,35,44,44,66,44,75,75,75,14,0,0],"gold":33,"neow_bonus":"THREE_ENEMY_KILL","is_daily":false,"chose_seed":false,"campfire_upgraded":5,"win_rate":0.0,"timestamp":1613227500,"path_taken":["M","?","?","$","M","E","R","M","T","E","$","E","?","E","R","BOSS","M","?","$","?","?","E","?","R","T","M","?","M","E","?","R","BOSS","M","?","?","$","M","E","R","E","T","$","M","M","?","$","R","BOSS","R","$","E","BOSS"],"items_purchased_type":["Card","Card","Relic","Card","Card","Card","Card","Card","Card"],"build_version":"2020-12-22","purchased_purges":4,"victory":false,"max_hp_per_floor":[75,75,75,75,75,75,75,75,75,75,75,75,75,75,75,75,75,75,75,75,75,75,75,75,75,75,75,75,75,75,75,75,75,75,75,75,75,75,75,75,75,75,75,75,75,75,75,75,75,75,75,75,75,75,75,75],"card_choices":[{"not_picked":["Go for the Eyes","Stack"],"picked":"Barrage","floor":1},{"not_picked":["Go for the Eyes","Stack"],"picked":"Cold Snap","floor":5},{"not_picked":["Streamline","Sweeping Beam"],"picked":"Coolheaded","floor":6},{"not_picked":["Leap","Steam Power"],"picked":"Redo","floor":8},{"not_picked":["Ball Lightning","Streamline"],"picked":"Conserve Battery","floor":10},{"not_picked":["Beam Cell","Compile Driver","Doom and Gloom"],"picked":"SKIP","floor":12},{"not_picked":["Thunder Strike","Ball Lightning","Sweeping Beam"],"picked":"SKIP","floor":13},{"not_picked":["Ball Lightning","Lockon"],"picked":"Defragment+1","floor":14},{"not_picked":["Core Surge","Biased Cognition+1"],"picked":"Buffer+1","floor":16},{"not_picked":["Tempest","Rebound","Double Energy"],"picked":"SKIP","floor":18},{"not_picked":["Gash","Coolheaded"],"picked":"Barrage","floor":22},{"not_picked":["Conserve Battery","Skim"],"picked":"Seek","floor":23},{"not_picked":["Beam Cell","Consume"],"picked":"Auto Shields+1","floor":27},{"not_picked":["Auto Shields","Tempest","Storm+1"],"picked":"SKIP","floor":29},{"not_picked":["Rebound","Leap","Skim+1"],"picked":"SKIP","floor":30},{"not_picked":["Hyperbeam","Multi-Cast"],"picked":"Echo Form+1","floor":33},{"not_picked":["Leap","Steam Power"],"picked":"Defragment+1","floor":35},{"not_picked":["Blind","Discovery"],"picked":"Panache+1","floor":36},{"not_picked":["Sadistic Nature+1","Swift Strike"],"picked":"Bandage Up","floor":36},{"not_picked":["Barrage","Conserve Battery","Steam"],"picked":"SKIP","floor":39},{"not_picked":["Buffer+1","Double Energy","Auto Shields+1"],"picked":"SKIP","floor":40},{"not_picked":["Hologram+1","FTL+1","Streamline"],"picked":"SKIP","floor":42},{"not_picked":["Loop+1","Ball Lightning+1"],"picked":"Genetic Algorithm+1","floor":45},{"not_picked":["Leap+1","Stack+1","Loop+1"],"picked":"SKIP","floor":46},{"not_picked":["Compile Driver+1","Turbo+1"],"picked":"Defragment+1","floor":47},{"not_picked":["Sweeping Beam+1","Go for the Eyes+1"],"picked":"Cold Snap+1","floor":54}],"player_experience":261617,"relics_obtained":[{"floor":3,"key":"Frozen Egg 2"},{"floor":6,"key":"Old Coin"},{"floor":9,"key":"StoneCalendar"},{"floor":10,"key":"Pocketwatch"},{"floor":12,"key":"Symbiotic Virus"},{"floor":14,"key":"DataDisk"},{"floor":17,"key":"Omamori"},{"floor":17,"key":"Letter Opener"},{"floor":17,"key":"Lizard Tail"},{"floor":23,"key":"Ice Cream"},{"floor":30,"key":"Juzu Bracelet"},{"floor":40,"key":"WingedGreaves"},{"floor":42,"key":"Bag of Preparation"},{"floor":43,"key":"Toxic Egg 2"},{"floor":47,"key":"Du-Vu Doll"},{"floor":54,"key":"Bag of Marbles"}],"event_choices":[{"damage_healed":0,"gold_gain":0,"player_choice":"Take Damage","damage_taken":18,"relics_obtained":["Golden Idol"],"max_hp_gain":0,"max_hp_loss":0,"event_name":"Golden Idol","floor":2,"gold_loss":0},{"damage_healed":0,"gold_gain":0,"player_choice":"Gave Idol","damage_taken":0,"relics_obtained":["Bloody Idol"],"max_hp_gain":0,"max_hp_loss":0,"event_name":"Forgotten Altar","floor":19,"relics_lost":["Golden Idol"],"gold_loss":0},{"damage_healed":0,"gold_gain":0,"player_choice":"Bought 0 Potions","damage_taken":0,"max_hp_gain":0,"max_hp_loss":0,"event_name":"The Woman in Blue","floor":21,"gold_loss":0},{"cards_removed":["Defend_B"],"damage_healed":0,"gold_gain":0,"player_choice":"Gave Gold","damage_taken":0,"max_hp_gain":0,"max_hp_loss":0,"event_name":"Beggar","floor":24,"gold_loss":75},{"damage_healed":0,"gold_gain":0,"player_choice":"Full Heal","damage_taken":0,"max_hp_gain":0,"max_hp_loss":0,"event_name":"Wheel of Change","floor":31,"gold_loss":0},{"damage_healed":0,"gold_gain":0,"player_choice":"Memory 2","damage_taken":5,"max_hp_gain":0,"max_hp_loss":0,"event_name":"SensoryStone","floor":36,"gold_loss":0},{"cards_removed":["Coolheaded"],"damage_healed":0,"gold_gain":0,"player_choice":"Removed Skill","damage_taken":0,"max_hp_gain":0,"max_hp_loss":0,"event_name":"Falling","floor":37,"gold_loss":0},{"damage_healed":0,"gold_gain":0,"player_choice":"Fight","damage_taken":0,"max_hp_gain":0,"max_hp_loss":0,"event_name":"MindBloom","floor":47,"gold_loss":0}],"is_beta":false,"boss_relics":[{"not_picked":["Coffee Dripper","Snecko Eye"],"picked":"Calling Bell"},{"not_picked":["Sozu","Runic Pyramid"],"picked":"Astrolabe"}],"items_purged_floors":[11,20,38,44],"is_endless":false,"potions_floor_spawned":[5,6,8,10,18,23,27,29,35,39,45,47],"killed_by":"The Heart","ascension_level":2}}