{"host":"ooa7gbxz3ilj1hm6","time":1613255470,"event":{"mods":["BaseMod","Colored Map","Downfall","Highlight Path","Minty Spire (QoL Compilation)","StSLib"],"gold_per_floor":[99,112,127,142,134,154,154,147,147,188,188,213,273,308,325,325,325,325],"floor_reached":16,"language":"ENG","playtime":852,"items_purged":[],"score":112,"play_id":"153fbf8e-cd1b-4963-8e9e-6a62ac4a8c8a","local_time":"20210213153110","is_ascension_mode":false,"campfire_choices":[{"floor":1,"key":"RECALL"},{"data":"hexamod:ChargedBarrage","floor":11,"key":"SMITH"}],"circlet_count":0,"master_deck":["hexamod:Strike","hexamod:Strike","hexamod:Strike","hexamod:Strike","hexamod:Defend","hexamod:Defend","hexamod:Defend","hexamod:Defend","hexamod:Sear+1","hexamod:Float","hexamod:ChargedBarrage+1","hexamod:BurningTouch","hexamod:ShieldOfDarkness","hexamod:FirstSeal","hexamod:SecondSeal","hexamod:Firestarter","hexamod:Firestarter","hexamod:VolcanoVisage","hexamod:InspiringFlames","hexamod:ThermalTransfer"],"relics":["hexamod:SpiritBrand","Pen Nib","downfall:BrokenWingStatue","Sundial","Letter Opener","HornCleat"],"acts_visited":["Exordium"],"potions_floor_usage":[13],"damage_taken":[{"damage":1,"enemies":"Cultist","floor":2,"turns":4},{"damage":4,"enemies":"2 Louse","floor":3,"turns":3},{"damage":10,"enemies":"Small Slimes","floor":4,"turns":3},{"damage":14,"enemies":"3 Louse","floor":6,"turns":5},{"damage":0,"enemies":"downfall:FleeingMerchant","floor":8,"turns":4},{"damage":23,"enemies":"Gremlin Nob","floor":10,"turns":4},{"damage":16,"enemies":"Red Slaver","floor":12,"turns":4},{"damage":13,"enemies":"Gremlin Nob","floor":13,"turns":3},{"damage":9,"enemies":"Lagavulin","floor":14,"turns":7},{"damage":7,"enemies":"Blue Slaver","floor":15,"turns":3},{"damage":14,"enemies":"WA_ARCHETYPE_RETAIN","floor":16,"turns":4}],"seed_played":"-5371192689076857774","potions_obtained":[{"floor":2,"key":"DuplicationPotion"},{"floor":3,"key":"SkillPotion"},{"floor":6,"key":"hexamod:EctoCoolerPotion"},{"floor":15,"key":"Energy Potion"}],"is_trial":false,"path_per_floor":["R","M","M","M","?","M","T","$","?","E","R","M","?","E","M","B"],"character_chosen":"THE_SPIRIT","items_purchased":[],"campfire_rested":0,"item_purchase_floors":[],"current_hp_per_floor":[70,69,65,55,48,41,41,48,48,32,32,23,17,15,8,0,0,0],"gold":325,"neow_bonus":"UPGRADE_CARD","is_daily":false,"chose_seed":false,"campfire_upgraded":1,"win_rate":0.0,"timestamp":1613255470,"path_taken":["R","M","?","M","?","M","T","$","?","E","R","M","?","E","M","BOSS"],"items_purchased_type":[],"build_version":"2020-12-22","purchased_purges":0,"victory":false,"max_hp_per_floor":[70,70,70,70,70,70,70,70,70,70,70,70,70,70,70,70,70,70],"card_choices":[{"not_picked":["hexamod:GhostOfSpirePast","hexamod:PhantomCloak"],"picked":"hexamod:ChargedBarrage","floor":2},{"not_picked":["hexamod:SecondSeal","hexamod:NightmareGuise"],"picked":"hexamod:BurningTouch","floor":3},{"not_picked":["hexamod:ChargedBarrage","hexamod:NightmareGuise"],"picked":"hexamod:ShieldOfDarkness","floor":4},{"not_picked":["hexamod:GhostShield","hexamod:NightmareStrike","hexamod:RetreatToShadows"],"picked":"SKIP","floor":6},{"not_picked":["hexamod:GhostOfSpireFuture","hexamod:FastForward","hexamod:SpectralAdrenaline"],"picked":"SKIP","floor":8},{"not_picked":["hexamod:SwordOfDarkness","hexamod:HeatMetal"],"picked":"hexamod:Firestarter","floor":10},{"not_picked":["hexamod:FastForward","hexamod:HauntingEcho"],"picked":"hexamod:Firestarter","floor":12},{"not_picked":["hexamod:RainOfEmbers","hexamod:NightmareStrike"],"picked":"hexamod:VolcanoVisage","floor":13},{"not_picked":["hexamod:BurningTouch","hexamod:ShieldOfDarkness"],"picked":"hexamod:InspiringFlames","floor":14},{"not_picked":["hexamod:RadiantFlame","hexamod:BacktrackSmack"],"picked":"hexamod:ThermalTransfer","floor":15}],"player_experience":71561,"relics_obtained":[{"floor":7,"key":"Pen Nib"},{"floor":10,"key":"Sundial"},{"floor":14,"key":"HornCleat"}],"event_choices":[],"is_beta":false,"boss_relics":[],"items_purged_floors":[],"is_endless":false,"potions_floor_spawned":[2,3,6,15],"killed_by":"WA_ARCHETYPE_RETAIN","ascension_level":0}}