{"host":"r6lqs70fdfl5jnjl","time":1613225941,"event":{"mods":["Act Like it!","BaseMod","Minty Spire (QoL Compilation)","StSLib"],"gold_per_floor":[359,359,376,396,471,471,471,471,471,471,471,481,496,496,496],"floor_reached":14,"language":"ZHS","playtime":441,"items_purged":[],"score":80,"play_id":"90de6d74-07cf-4313-810f-77798ded1aac","local_time":"20210213221901","is_ascension_mode":false,"campfire_choices":[{"floor":6.0,"key":"RECALL"},{"data":"Entrench","floor":8.0,"key":"SMITH"},{"data":"Dual Wield","floor":11.0,"key":"SMITH"}],"circlet_count":0,"master_deck":["Strike_R","Strike_R","Strike_R","Strike_R","Strike_R","Defend_R","Defend_R","Defend_R","Defend_R","Bash","Entrench+1","Shrug It Off","Dual Wield+1","Heavy Blade","Offering"],"relics":["Burning Blood","Vajra","Bag of Marbles"],"acts_visited":["Exordium"],"potions_floor_usage":[14],"damage_taken":[{"damage":6.0,"enemies":"Jaw Worm","floor":1.0,"turns":5.0},{"damage":12.0,"enemies":"Small Slimes","floor":3.0,"turns":3.0},{"damage":7.0,"enemies":"2 Louse","floor":4.0,"turns":2.0},{"damage":28.0,"enemies":"Lots of Slimes","floor":12.0,"turns":5.0},{"damage":19.0,"enemies":"Large Slime","floor":13.0,"turns":6.0},{"damage":6,"enemies":"3 Sentries","floor":14,"turns":2}],"seed_played":"7279817940126836139","potions_obtained":[{"floor":3.0,"key":"Regen Potion"},{"floor":4.0,"key":"SteroidPotion"},{"floor":12.0,"key":"Regen Potion"}],"is_trial":false,"path_per_floor":["M","?","M","M","?","R","?","R","T","T","R","M","M","E"],"character_chosen":"IRONCLAD","items_purchased":[],"campfire_rested":0,"item_purchase_floors":[],"current_hp_per_floor":[80,73,67,66,55,55,52,52,52,52,52,30,17,16,16],"gold":496,"neow_bonus":"TWO_FIFTY_GOLD","is_daily":false,"chose_seed":false,"campfire_upgraded":2,"win_rate":0.0,"timestamp":1613225941,"path_taken":["M","?","M","M","?","R","?","R","T","?","R","?","M","E"],"items_purchased_type":[],"build_version":"2020-12-22","purchased_purges":0,"victory":false,"max_hp_per_floor":[80,80,80,80,80,80,80,80,80,80,80,80,80,80,80],"card_choices":[{"not_picked":["Twin Strike","Shockwave"],"picked":"Entrench","floor":1.0},{"not_picked":["Thunderclap","Sword Boomerang"],"picked":"Shrug It Off","floor":3.0},{"not_picked":["Thunderclap","Rage"],"picked":"Dual Wield","floor":4.0},{"not_picked":["Perfected Strike","Headbutt"],"picked":"Heavy Blade","floor":12.0},{"not_picked":["Infernal Blade","Body Slam"],"picked":"Offering","floor":13.0}],"player_experience":24420,"relics_obtained":[{"floor":10.0,"key":"Bag of Marbles"}],"event_choices":[{"cards_removed":["Doubt"],"damage_healed":0.0,"max_hp_gain":0.0,"max_hp_loss":0.0,"gold_gain":0.0,"event_name":"Golden Wing","player_choice":"Card Removal","floor":2.0,"gold_loss":0.0,"damage_taken":7.0},{"damage_healed":0.0,"max_hp_gain":0.0,"max_hp_loss":0.0,"gold_gain":75.0,"event_name":"World of Goop","player_choice":"Gather Gold","floor":5.0,"gold_loss":0.0,"damage_taken":11.0},{"damage_healed":0.0,"max_hp_gain":0.0,"max_hp_loss":0.0,"gold_gain":0.0,"event_name":"Scrap Ooze","player_choice":"Success","floor":7.0,"gold_loss":0.0,"damage_taken":3.0,"relics_obtained":["Vajra"]}],"is_beta":false,"boss_relics":[],"items_purged_floors":[],"is_endless":false,"potions_floor_spawned":[3,4,12],"killed_by":"3 Sentries","ascension_level":0}}