{"host":"0qlrtuw7bw78ucw4","time":1613227102,"event":{"mods":["BaseMod","Downfall","Minty Spire (QoL Compilation)","StSLib"],"gold_per_floor":[0,15,34,34,52,63,89,89,103,137,237,249,149,183,196,301,301,301,318,418,434,48,66,114,14,14,14,26,53,53,80,99,200,200,200,218,237,237,247,247,292,211,111,111,123,123,123,156,166,166,166,195,70,70,70,70],"floor_reached":57,"language":"ENG","playtime":14104,"items_purged":["champ:Defend","champ:Defend","champ:Defend"],"score":1579,"play_id":"2a6af1ad-4e9d-4f62-9227-8700af7c284b","local_time":"20210214013822","is_ascension_mode":true,"campfire_choices":[{"data":"champ:Taunt","floor":1.0,"key":"SMITH"},{"data":"champ:RageSigil","floor":8.0,"key":"SMITH"},{"data":"champ:FancyFootwork","floor":13.0,"key":"SMITH"},{"data":"champ:EnchantCrown","floor":18.0,"key":"SMITH"},{"data":"champ:AdrenalArmor","floor":25,"key":"SMITH"},{"data":"champ:EnchantShield","floor":30,"key":"SMITH"},{"floor":35,"key":"RECALL"},{"data":"champ:RageSigil","floor":43,"key":"SMITH"},{"floor":47,"key":"REST"},{"data":"champ:ShieldWall","floor":54,"key":"SMITH"}],"circlet_count":0,"master_deck":["champ:Execute","champ:Taunt+1","Panache","champ:TornadoPunch","champ:RageSigil+1","champ:StanceDance","champ:FancyFootwork+1","champ:StrikeOfGenius+1","champ:DeathBlow","champ:AdrenalArmor+1","champ:VampiricStrike","champ:EnchantCrown+1","champ:EnchantShield+1","champ:Encircle","champ:MurderStrike","champ:EndlessRage+1","champ:FaceSlap+1","champ:RageSigil+1","champ:MurderStrike","champ:RageSigil+1","champ:ShieldWall+1","champ:Endure"],"relics":["champ:ChampionCrown","Nunchaku","hexamod:BolsterEngine","downfall:HeartBlessingGreen","Blue Candle","Sozu","MutagenicStrength","ClockworkSouvenir","Omamori","downfall:HeartBlessingBlue","champ:SignatureFinisher","champ:SpectersHand","Calling Bell","Bag of Preparation","Kunai","Calipers","WarpedTongs","Toy Ornithopter","Bottled Tornado","downfall:HeartBlessingRed","bronze:DecasWashers","Orichalcum"],"acts_visited":["Exordium","TheCity","TheBeyond","TheEnding"],"potions_floor_usage":[31,56,56],"damage_taken":[{"damage":24.0,"enemies":"Jaw Worm","floor":2.0,"turns":4.0},{"damage":11.0,"enemies":"2 Louse","floor":3.0,"turns":3.0},{"damage":26.0,"enemies":"Cultist","floor":5.0,"turns":5.0},{"damage":16.0,"enemies":"Large Slime","floor":6.0,"turns":7.0},{"damage":24.0,"enemies":"Lots of Slimes","floor":9.0,"turns":4.0},{"damage":22.0,"enemies":"3 Sentries","floor":10.0,"turns":5.0},{"damage":15.0,"enemies":"downfall:Heads","floor":11.0,"turns":4.0},{"damage":10.0,"enemies":"Exordium Thugs","floor":12.0,"turns":3.0},{"damage":10.0,"enemies":"Lagavulin","floor":14.0,"turns":5.0},{"damage":10.0,"enemies":"2 Fungi Beasts","floor":15.0,"turns":3.0},{"damage":41.0,"enemies":"IC_STATUS_ARCHETYPE","floor":16.0,"turns":5.0},{"damage":26.0,"enemies":"3 Byrds","floor":19.0,"turns":4.0},{"damage":30.0,"enemies":"downfall:Augmenter","floor":20.0,"turns":5.0},{"damage":37.0,"enemies":"Centurion and Healer","floor":21.0,"turns":4.0},{"damage":34.0,"enemies":"downfall:FleeingMerchant","floor":22.0,"turns":4.0},{"damage":41.0,"enemies":"Sentry and Sphere","floor":23.0,"turns":4.0},{"damage":20,"enemies":"3 Cultists","floor":28,"turns":2},{"damage":17,"enemies":"Gremlin Leader","floor":29,"turns":3},{"damage":20,"enemies":"Slavers","floor":31,"turns":4},{"damage":30,"enemies":"Centurion and Healer","floor":32,"turns":3},{"damage":30,"enemies":"DF_ARCHETYPE_CLAW","floor":33,"turns":4},{"damage":15,"enemies":"3 Shapes","floor":36,"turns":2},{"damage":5,"enemies":"Orb Walker","floor":37,"turns":2},{"damage":34,"enemies":"Jaw Worm Horde","floor":39,"turns":2},{"damage":33,"enemies":"downfall:FleeingMerchant","floor":42,"turns":3},{"damage":26,"enemies":"4 Shapes","floor":45,"turns":5},{"damage":15,"enemies":"Nemesis","floor":48,"turns":3},{"damage":35,"enemies":"Maw","floor":49,"turns":3},{"damage":65,"enemies":"SI_POISON_ARCHETYPE","floor":50,"turns":5},{"damage":75,"enemies":"downfall:CharBossMerchant","floor":52,"turns":5},{"damage":148,"enemies":"downfall:NeowBoss","floor":55,"turns":7},{"damage":123,"enemies":"downfall:NeowBossFinal","floor":56,"turns":5}],"seed_played":"4685669140676843816","potions_obtained":[{"floor":3.0,"key":"SneckoOil"},{"floor":10.0,"key":"Strength Potion"},{"floor":12.0,"key":"LiquidMemories"},{"floor":14.0,"key":"BlessingOfTheForge"}],"is_trial":false,"path_per_floor":["R","M","M","?","M","M","T","R","M","E","?","M","R","E","M","B",null,"R","M","?","M","$","M","T","R","?","?","M","E","R","E","M","B",null,"R","M","M","?","M","?","T","$","R","$","M","$","R","E","M","B",null,"E","$","R","B","B",null],"character_chosen":"THE_CHAMP","items_purchased":["ClockworkSouvenir","Omamori","champ:ShieldWall","Bottled Tornado"],"campfire_rested":1,"item_purchase_floors":[22,22,42,42],"current_hp_per_floor":[90,86,85,85,79,68,68,68,59,47,47,47,47,47,47,41,90,90,84,84,67,63,52,52,62,62,47,47,45,45,45,45,45,100,100,100,100,100,91,91,91,83,83,83,62,62,92,92,92,92,100,100,100,100,97,77],"gold":70,"neow_bonus":"RANDOM_COLORLESS_2","is_daily":false,"chose_seed":false,"campfire_upgraded":8,"win_rate":0.0,"timestamp":1613227102,"path_taken":["R","M","M","?","M","M","T","R","M","E","?","M","R","E","M","BOSS","R","M","?","M","$","M","T","R","?","?","M","E","R","E","M","BOSS","R","M","?","?","?","?","T","$","R","$","M","?","R","E","M","BOSS","E","$","R","BOSS","BOSS"],"items_purchased_type":["Relic","Relic","Card","Relic"],"build_version":"2020-12-22","purchased_purges":3,"victory":true,"max_hp_per_floor":[90,90,90,90,90,90,90,90,90,90,90,90,90,90,90,90,90,90,90,90,90,90,90,90,100,100,100,100,100,100,100,100,100,100,100,100,100,100,100,100,100,100,100,100,100,100,100,100,100,100,100,100,100,100,100,100],"card_choices":[{"not_picked":["Secret Weapon","The Bomb"],"picked":"Panache","floor":0.0},{"not_picked":["champ:ViciousMockery","champ:FanOfKnives"],"picked":"champ:TornadoPunch","floor":2.0},{"not_picked":["champ:Haymaker","champ:Shatter"],"picked":"champ:RageSigil","floor":3.0},{"not_picked":["champ:RageSigil","champ:ViciousMockery"],"picked":"champ:StanceDance","floor":5.0},{"not_picked":["champ:AdrenalArmor","champ:FanOfKnives"],"picked":"champ:FancyFootwork","floor":6.0},{"not_picked":["champ:GladiatorStyle","champ:TornadoPunch"],"picked":"champ:StrikeOfGenius","floor":9.0},{"not_picked":["champ:AdrenalArmor","champ:FalseCounter","champ:FancyFootwork"],"picked":"SKIP","floor":10.0},{"not_picked":["champ:PerfectedStrike","champ:TornadoPunch"],"picked":"champ:AdrenalArmor","floor":11.0},{"not_picked":["champ:DeathBlow","champ:PerfectedStrike","champ:Circumvent"],"picked":"SKIP","floor":12.0},{"not_picked":["champ:StanceDance","champ:FocusedBerserking"],"picked":"champ:VampiricStrike","floor":14.0},{"not_picked":["champ:DefensiveShout","champ:FlashCut","champ:ShieldSigil"],"picked":"SKIP","floor":15.0},{"not_picked":["champ:VampiricStrike","champ:SteelEdge"],"picked":"champ:EnchantCrown","floor":16.0},{"not_picked":["champ:FanOfKnives","champ:AdrenalArmor+1","champ:GladiatorStyle+1"],"picked":"SKIP","floor":19.0},{"not_picked":["champ:FancyFootwork+1","champ:FlashCut"],"picked":"champ:MurderStrike","floor":21.0},{"not_picked":["champ:Shatter","champ:EnGarde","champ:TornadoPunch"],"picked":"SKIP","floor":22.0},{"not_picked":["champ:StanceDance","champ:AdrenalArmor","champ:BerserkersShout"],"picked":"SKIP","floor":23.0},{"not_picked":["champ:EnGarde+1","champ:FalseCounter"],"picked":"champ:EndlessRage+1","floor":28},{"not_picked":["champ:FocusedDefense","champ:ShieldSigil","champ:DefensiveStyle"],"picked":"SKIP","floor":29},{"not_picked":["champ:EndlessRage","champ:FalseCounter+1"],"picked":"champ:FaceSlap+1","floor":31},{"not_picked":["champ:BringItOn","champ:Shatter"],"picked":"champ:RageSigil","floor":32},{"not_picked":["champ:SteelEdge","champ:EnchantSword"],"picked":"champ:MurderStrike","floor":33},{"not_picked":["champ:SkillfulDodge","champ:DefensiveStyle","champ:SwordSigil+1"],"picked":"SKIP","floor":36},{"not_picked":["champ:SkillfulDodge","champ:RisingSlash"],"picked":"champ:RageSigil+1","floor":37},{"not_picked":["champ:RecklessLeap","champ:FanOfKnives","champ:BerserkerStyle"],"picked":"SKIP","floor":39},{"not_picked":["champ:StanceDance+1","champ:HeartStrike","champ:BringItOn"],"picked":"SKIP","floor":42},{"not_picked":["champ:Circumvent","champ:DefensiveShout","champ:RapidStrikes"],"picked":"SKIP","floor":45},{"not_picked":["champ:Lariat+1","champ:VampiricStrike"],"picked":"champ:Endure","floor":48},{"not_picked":["champ:Endure+1","champ:RecklessLeap","champ:DeathBlow+1"],"picked":"SKIP","floor":49},{"not_picked":["champ:FlashCut","champ:ShieldSlam","champ:GutPunch"],"picked":"SKIP","floor":52}],"player_experience":995164,"relics_obtained":[{"floor":7.0,"key":"Nunchaku"},{"floor":10.0,"key":"hexamod:BolsterEngine"},{"floor":14.0,"key":"Blue Candle"},{"floor":20.0,"key":"MutagenicStrength"},{"floor":29,"key":"champ:SignatureFinisher"},{"floor":31,"key":"champ:SpectersHand"},{"floor":34,"key":"Bag of Preparation"},{"floor":34,"key":"Kunai"},{"floor":34,"key":"Calipers"},{"floor":41,"key":"Toy Ornithopter"},{"floor":48,"key":"bronze:DecasWashers"},{"floor":52,"key":"Orichalcum"}],"event_choices":[{"cards_removed":["champ:Strike"],"damage_healed":0.0,"max_hp_gain":0.0,"max_hp_loss":0.0,"gold_gain":0.0,"event_name":"The Cleric","player_choice":"Card Removal","floor":4.0,"gold_loss":0.0,"damage_taken":0.0},{"damage_healed":0,"gold_gain":0,"player_choice":"Ignored","damage_taken":0,"max_hp_gain":0,"max_hp_loss":0,"event_name":"Ghosts","floor":26,"gold_loss":0},{"damage_healed":0,"gold_gain":0,"player_choice":"Rummage","damage_taken":0,"relics_obtained":["WarpedTongs"],"max_hp_gain":0,"max_hp_loss":0,"event_name":"Accursed Blacksmith","floor":40,"gold_loss":0,"cards_obtained":["Pain"]}],"is_beta":false,"boss_relics":[{"not_picked":["Runic Dome","Runic Pyramid"],"picked":"Sozu"},{"not_picked":["Busted Crown","Astrolabe"],"picked":"Calling Bell"}],"items_purged_floors":[22,42,53],"is_endless":false,"potions_floor_spawned":[3,10,12,14,16,23,28,31,32,33,37,45,48,49,52],"ascension_level":3}}