{"host":"ymn6un3ro3vi042j","time":1613254987,"event":{"mods":["AchievementEnabler","Act Like it!","Aspiration","BaseMod","Bestiary","Better Altar","Better Match","Better Note","Better Sensory Stone","Better Skull","Better Third Choice","BetterRewards","Block Reminder","Colored Map","Colored Powertips","Conspire","Curses Come First","Dark Map","DeckTracker","Downfall","Energized Spire","Fox Events","Friendly Minions","GifTheSpireLib","Googly Eyes","Highlight Path","Mimic Mod","Minty Spire (QoL Compilation)","Poor People Problems","Quick Restart","Rare Cards Sparkle","Relic Stats","Shop Mod","Spicy Shops","StSLib","SuperFastMode","Synergy Search","The IronCluck","Waifu the Spire","Wandering Minibosses","everything is the same but u backflip on backflip","slay the spire mod where everything is the same but ironclad has a cowboy hat"],"gold_per_floor":[17,17,0,0,18,42,83,95,107,119,131,161,191,218,230,371,383,419,431,443,474,486,498,510,557,569,581,593,618,630,665,677,689,689],"floor_reached":33,"language":"ENG","playtime":1770,"items_purged":[],"score":265,"play_id":"475ed08b-58aa-45ce-a4d9-a095057009ac","local_time":"20210213142307","is_ascension_mode":false,"campfire_choices":[{"floor":8,"key":"REST"},{"data":"Venomology","floor":11,"key":"SMITH"},{"floor":15,"key":"REST"},{"floor":23,"key":"REST"},{"data":"Terror","floor":27,"key":"SMITH"},{"floor":32,"key":"REST"}],"circlet_count":0,"master_deck":["Strike_G","Strike_G","Strike_G","Strike_G","Defend_G","Defend_G","Defend_G","Defend_G","Defend_G","Survivor","Neutralize","Venomology+1","Poisoned Stab","Injury","Enlightenment","Footwork","Caltrops+1","Terror+1","Corpse Explosion","PiercingWail","Deadly Poison","Unload","Acrobatics+1","Poisoned Stab","Sucker Punch+1","Distraction+1","Skewer+1","Heel Hook"],"relics":["Ring of the Snake","Golden Idol","MawBank","Matryoshka","Runic Pyramid","Tingsha","Snake Skull","Question Card"],"acts_visited":["Exordium","TheCity"],"potions_floor_usage":[5,7,7,7,7,7,7,12,13,14,14,16,18,21,25,31,33,33],"damage_taken":[{"damage":0,"enemies":"2 Louse","floor":1,"turns":4},{"damage":0,"enemies":"conspire:RoseBush","floor":5,"turns":4},{"damage":12,"enemies":"Small Slimes","floor":6,"turns":5},{"damage":26,"enemies":"Lagavulin","floor":7,"turns":6},{"damage":17,"enemies":"Exordium Thugs","floor":12,"turns":5},{"damage":0,"enemies":"Exordium Wildlife","floor":13,"turns":2},{"damage":13,"enemies":"conspire:2 RoseBushes","floor":14,"turns":5},{"damage":33,"enemies":"Hexaghost","floor":16,"turns":11},{"damage":10,"enemies":"Chosen","floor":18,"turns":4},{"damage":25,"enemies":"2 Thieves","floor":21,"turns":3},{"damage":23,"enemies":"conspire:Head Lice","floor":25,"turns":7},{"damage":0,"enemies":"3 Cultists","floor":29,"turns":2},{"damage":12,"enemies":"Cultist and Chosen","floor":31,"turns":4},{"damage":50,"enemies":"conspire:MysteriousRune","floor":33,"turns":8}],"seed_played":"2076827799021406247","potions_obtained":[{"floor":4,"key":"ColorlessPotion"},{"floor":4,"key":"Block Potion"},{"floor":4,"key":"hexamod:SoulburnPotion"},{"floor":13,"key":"AttackPotion"}],"is_trial":false,"path_per_floor":["M","?","?","?","M","M","E","R","T","$","R","M","M","M","R","B",null,"M","?","$","M","$","R","?","E","T","R","?","M","$","M","R","B"],"character_chosen":"THE_SILENT","items_purchased":[],"campfire_rested":4,"item_purchase_floors":[],"current_hp_per_floor":[70,70,76,76,76,64,38,60,60,60,60,43,43,30,52,19,76,66,66,66,41,41,63,63,40,40,40,40,40,40,28,50,0,0],"gold":689,"neow_bonus":"THREE_RARE_CARDS","is_daily":false,"chose_seed":false,"campfire_upgraded":2,"win_rate":0.0,"timestamp":1613254987,"path_taken":["M","?","?","?","M","?","E","R","T","$","R","M","M","M","R","BOSS","M","?","?","?","$","R","?","E","T","R","?","?","$","M","R","BOSS"],"items_purchased_type":[],"build_version":"2020-12-22","purchased_purges":0,"victory":false,"max_hp_per_floor":[70,70,76,76,76,76,76,76,76,76,76,76,76,76,76,76,76,76,76,76,76,76,76,76,76,76,76,76,76,76,76,76,76,76],"relic_stats":{"counters":[14,70],"Golden Idol":78,"Tingsha":[48],"Snake Skull":[9],"MawBank":312,"Question Card":2,"obtain_stats":[{"Matryoshka":9,"Golden Idol":2,"Tingsha":25,"Snake Skull":26,"MawBank":7,"Question Card":26,"Ring of the Snake":0,"Runic Pyramid":17},{"Matryoshka":4,"Golden Idol":1,"Tingsha":11,"Snake Skull":11,"MawBank":4,"Question Card":11,"Ring of the Snake":0,"Runic Pyramid":8},{"Matryoshka":19,"Golden Idol":4,"Tingsha":56,"Snake Skull":56,"MawBank":19,"Question Card":56,"Ring of the Snake":0,"Runic Pyramid":42}],"Ring of the Snake":[28]},"card_choices":[{"not_picked":["Night Terror","Doppelganger"],"picked":"Venomology","floor":0},{"not_picked":["Prepared","Acrobatics"],"picked":"Poisoned Stab","floor":1},{"not_picked":["Dodge and Roll","Underhanded Strike"],"picked":"Footwork","floor":5},{"not_picked":["Distraction","Poisoned Stab"],"picked":"Caltrops","floor":6},{"not_picked":["Underhanded Strike","Cloak And Dagger"],"picked":"Terror","floor":7},{"not_picked":["Dagger Spray","Backflip"],"picked":"Corpse Explosion","floor":12},{"not_picked":["Flying Knee","Terror"],"picked":"PiercingWail","floor":13},{"not_picked":["Prepared","Dagger Spray"],"picked":"Deadly Poison","floor":14},{"not_picked":["Corpse Explosion","Doppelganger"],"picked":"Unload","floor":16},{"not_picked":["Dodge and Roll+1","Finisher"],"picked":"Acrobatics+1","floor":18},{"not_picked":["Footwork","Prepared"],"picked":"Sucker Punch+1","floor":21},{"not_picked":["Dagger Spray","Dodge and Roll"],"picked":"Distraction+1","floor":25},{"not_picked":["Blur","Quick Slash","Dagger Spray"],"picked":"Skewer+1","floor":29},{"not_picked":["Accuracy","Slice","Backflip"],"picked":"Heel Hook","floor":31}],"player_experience":58915,"relics_obtained":[{"floor":7,"key":"MawBank"},{"floor":9,"key":"Matryoshka"},{"floor":25,"key":"Tingsha"},{"floor":26,"key":"Snake Skull"},{"floor":26,"key":"Question Card"}],"event_choices":[{"damage_healed":0,"gold_gain":0,"player_choice":"Take Wound","damage_taken":0,"relics_obtained":["Golden Idol"],"max_hp_gain":0,"max_hp_loss":0,"event_name":"Golden Idol","floor":2,"gold_loss":0,"cards_obtained":["Injury"]},{"damage_healed":0,"gold_gain":0,"player_choice":"RENOUNCE","damage_taken":17,"max_hp_gain":0,"max_hp_loss":0,"event_name":"betterThird:BetterSerpent","floor":3,"gold_loss":17,"cards_obtained":["Enlightenment"]},{"damage_healed":0,"gold_gain":0,"player_choice":"Got Potions","damage_taken":0,"max_hp_gain":0,"max_hp_loss":0,"event_name":"Lab","floor":4,"gold_loss":0},{"damage_healed":0,"gold_gain":0,"cards_transformed":["Strike_G"],"player_choice":"Transformed","damage_taken":0,"max_hp_gain":0,"max_hp_loss":0,"event_name":"Transmorgrifier","floor":19,"gold_loss":0,"cards_obtained":["Poisoned Stab"]},{"cards_removed":["Injury"],"damage_healed":0,"gold_gain":0,"player_choice":"Give","damage_taken":0,"max_hp_gain":0,"max_hp_loss":0,"event_name":"betterNote:BetterNote","floor":24,"gold_loss":0,"cards_obtained":["Pain"]},{"damage_healed":0,"gold_gain":0,"player_choice":"Forge","damage_taken":0,"max_hp_gain":0,"max_hp_loss":0,"event_name":"Accursed Blacksmith","floor":28,"gold_loss":0,"cards_upgraded":["Caltrops"]}],"is_beta":false,"boss_relics":[{"not_picked":["conspire:SlowCooker","aspiration:FutureDiary"],"picked":"Runic Pyramid"}],"items_purged_floors":[],"is_endless":false,"potions_floor_spawned":[5,6,13],"killed_by":"conspire:MysteriousRune","ascension_level":0}}