{"host":"fa35vd3kig5td25x","time":1613224863,"event":{"mods":["BaseMod","Colored Powertips","Minty Spire (QoL Compilation)","Relic Stats","Slay the Relics Exporter"],"gold_per_floor":[119,131,56,56,73,73,90,15,38,38,65,65,77,77,77,77,77],"floor_reached":16,"language":"ENG","playtime":1309,"items_purged":["Strike_B"],"score":200,"play_id":"798fefcc-5f0c-4767-b1d7-c7e53704a6b5","local_time":"20210213150103","is_ascension_mode":true,"campfire_choices":[{"data":"Sweeping Beam","floor":6,"key":"SMITH"},{"data":"Tempest","floor":10,"key":"SMITH"},{"data":"Streamline","floor":12,"key":"SMITH"},{"floor":15,"key":"REST"}],"circlet_count":0,"master_deck":["AscendersBane","Strike_B","Strike_B","Defend_B","Defend_B","Defend_B+1","Defend_B+1","Zap","Dualcast","Tempest+1","Hologram","Sweeping Beam+1","Steam","Streamline+1"],"relics":["Inserter","War Paint","Potion Belt"],"acts_visited":["Exordium"],"potions_floor_usage":[11,13],"damage_taken":[{"damage":4,"enemies":"Jaw Worm","floor":1,"turns":5},{"damage":10,"enemies":"2 Louse","floor":2,"turns":3},{"damage":1,"enemies":"Cultist","floor":5,"turns":4},{"damage":32,"enemies":"Large Slime","floor":7,"turns":7},{"damage":15,"enemies":"Lagavulin","floor":11,"turns":6},{"damage":11,"enemies":"Exordium Thugs","floor":13,"turns":3},{"damage":36,"enemies":"The Guardian","floor":16,"turns":2}],"seed_played":"-2709231629063574160","potions_obtained":[{"floor":2,"key":"BlessingOfTheForge"},{"floor":4,"key":"FairyPotion"},{"floor":11,"key":"Energy Potion"}],"is_trial":false,"path_per_floor":["M","M","?","?","M","R","M","$","T","R","E","R","M","?","R","B"],"character_chosen":"DEFECT","items_purchased":[],"campfire_rested":1,"item_purchase_floors":[],"current_hp_per_floor":[60,50,50,50,49,49,17,17,17,17,2,2,21,3,24,0,0],"gold":77,"neow_bonus":"BOSS_RELIC","is_daily":false,"chose_seed":false,"campfire_upgraded":3,"win_rate":0.0,"timestamp":1613224863,"path_taken":["M","M","?","?","?","R","M","$","T","R","E","R","M","?","R","BOSS"],"items_purchased_type":[],"build_version":"2020-12-22","purchased_purges":1,"victory":false,"max_hp_per_floor":[71,71,71,71,71,71,71,71,71,71,71,71,71,71,71,71,71],"relic_stats":{"Inserter":[15],"counters":[7,30],"War Paint":["Defend_B","Defend_B"],"obtain_stats":[{"Potion Belt":11,"Inserter":0,"War Paint":9,"Cracked Core":0},{"Potion Belt":5,"Inserter":0,"War Paint":4,"Cracked Core":0},{"Potion Belt":25,"Inserter":0,"War Paint":19,"Cracked Core":0}]},"card_choices":[{"not_picked":["Rebound","Capacitor"],"picked":"Tempest","floor":1},{"not_picked":["Reprogram","Chaos"],"picked":"Hologram","floor":2},{"not_picked":["Reprogram","Hologram"],"picked":"Sweeping Beam","floor":5},{"not_picked":["Hologram","White Noise"],"picked":"Steam","floor":7},{"not_picked":["Conserve Battery","Fission"],"picked":"Streamline","floor":11},{"not_picked":["Scrape","Heatsinks","Compile Driver"],"picked":"SKIP","floor":13}],"player_experience":3135555,"relics_obtained":[{"floor":9,"key":"War Paint"},{"floor":11,"key":"Potion Belt"}],"event_choices":[{"cards_removed":["Strike_B"],"damage_healed":0,"gold_gain":0,"player_choice":"Card Removal","damage_taken":0,"max_hp_gain":0,"max_hp_loss":0,"event_name":"The Cleric","floor":3,"gold_loss":75},{"damage_healed":0,"gold_gain":0,"player_choice":"Got Potions","damage_taken":0,"max_hp_gain":0,"max_hp_loss":0,"event_name":"Lab","floor":4,"gold_loss":0},{"damage_healed":0,"gold_gain":0,"player_choice":"Fled","damage_taken":18,"max_hp_gain":0,"max_hp_loss":0,"event_name":"Scrap Ooze","floor":14,"gold_loss":0}],"is_beta":false,"boss_relics":[],"items_purged_floors":[8],"is_endless":false,"potions_floor_spawned":[2,7,11],"killed_by":"The Guardian","ascension_level":20}}