{"host":"takgv9cv6xf64vhq","time":1613246630,"event":{"mods":["BaseMod","Colored Powertips","Conspire","Decade(王小明)","Downfall","Energized Spire","Hermit","Hubris","LagranYue(拉格朗・月)","Marisa（F雨　魔理沙）","Minty Spire (QoL Compilation)","Replay The Spire","StSLib","The Cursed","The Hierophant","The Jungle","The Servant 0.9.4","TheHeartMod"],"gold_per_floor":[114,114,114,114,129,164,164,196,196,226,249,249,267,151,151,253,253,271,271,290,300,316,348,348,364,364,375,387,405,131,149,149,245,245,256,256,142,155,39,68,68,82,82,82,98,98,98,129,140,140,140,140,140,140,26,55,55,55],"floor_reached":57,"language":"ZHS","playtime":5018,"items_purged":["Strike_B","Defend_B"],"score":1565,"play_id":"6fdc1df6-a2a0-4f7d-857e-ee805c5a8601","local_time":"20210214040350","is_ascension_mode":true,"campfire_choices":[{"data":"Zap","floor":7.0,"key":"SMITH"},{"data":"conspire:SharedLibrary","floor":12.0,"key":"SMITH"},{"data":"Defragment","floor":15.0,"key":"SMITH"},{"data":"BasicCrystalCard","floor":24.0,"key":"SMITH"},{"data":"Coolheaded","floor":32.0,"key":"SMITH"},{"floor":41.0,"key":"RECALL"},{"data":"Consume","floor":44.0,"key":"SMITH"},{"data":"Seek","floor":51.0,"key":"SMITH"},{"data":"Machine Learning","floor":54.0,"key":"SMITH"}],"circlet_count":0,"master_deck":["Strike_B+1","Strike_B+1","Defend_B+1","Defend_B","Defend_B","Zap+1","Dualcast+1","Skim","ReplayTheSpireMod:Calculation Training","Core Surge+1","conspire:SharedLibrary+1","Coolheaded+1","Defragment+1","Buffer+1","Crystallizer","BasicCrystalCard+1","Glacier","Time Bomb","Turbo","Consume+1","Machine Learning+1","Ball Lightning","Redo+1","Seek+1","ReplayTheSpireMod:Calculation Training+1","Cold Snap","Compile Driver+1","ReplaySort+1","Coolheaded+1","Cold Snap","Parasite","Panic Button","Go for the Eyes+1","Recycle"],"relics":["Cracked Core","NeowsBlessing","TungstenRod","LagranYue:MagicReflectiveArmorRelic","The Courier","Anchor","Replay:Fungal Core","Bag of Marbles","Whetstone","Solar Panel","Runic Dome","Orrery","Medical Kit","hubris:FunFungus","Replay:Ringing Soul","Darkstone Periapt","Bronze Scales","White Beast Statue"],"acts_visited":["Exordium","Exordium","TheBeyond","TheEnding"],"potions_floor_usage":[57],"damage_taken":[{"damage":0.0,"enemies":"Small Slimes","floor":1.0,"turns":1.0},{"damage":0.0,"enemies":"Jaw Worm","floor":5.0,"turns":1.0},{"damage":0.0,"enemies":"3 Sentries","floor":6.0,"turns":1.0},{"damage":0.0,"enemies":"Gremlin Nob","floor":8.0,"turns":3.0},{"damage":4.0,"enemies":"Lagavulin","floor":10.0,"turns":5.0},{"damage":0.0,"enemies":"2 Louse","floor":13.0,"turns":2.0},{"damage":0.0,"enemies":"Fading Forest","floor":16.0,"turns":11.0},{"damage":4.0,"enemies":"theJungle:MUSHROOMGANG","floor":18.0,"turns":5.0},{"damage":2.0,"enemies":"theJungle:5_Spyders","floor":20.0,"turns":20.0},{"damage":13.0,"enemies":"theJungle:Lyon","floor":21.0,"turns":5.0},{"damage":0.0,"enemies":"theJungle:SlimyTreeVines","floor":22.0,"turns":12.0},{"damage":0.0,"enemies":"theJungle:Cassacara","floor":23.0,"turns":14.0},{"damage":0.0,"enemies":"theJungle:JungleHuntersEncounter","floor":25.0,"turns":7.0},{"damage":0.0,"enemies":"Snake Plant","floor":27.0,"turns":5.0},{"damage":0.0,"enemies":"theJungle:2_Flameangoes","floor":28.0,"turns":11.0},{"damage":8.0,"enemies":"theJungle:JungleHuntersEncounter","floor":29.0,"turns":7.0},{"damage":19.0,"enemies":"theJungle:2_Snecko_Cultists","floor":31.0,"turns":6.0},{"damage":0.0,"enemies":"theJungle:FunGuy","floor":33.0,"turns":13.0},{"damage":19.0,"enemies":"3 Shapes","floor":35.0,"turns":4.0},{"damage":0.0,"enemies":"3 Darklings","floor":38.0,"turns":9.0},{"damage":0.0,"enemies":"Giant Head","floor":40.0,"turns":10.0},{"damage":0.0,"enemies":"Maw","floor":42.0,"turns":8.0},{"damage":0.0,"enemies":"Writhing Mass","floor":45.0,"turns":7.0},{"damage":0.0,"enemies":"Reptomancer","floor":48.0,"turns":9.0},{"damage":14.0,"enemies":"Jaw Worm Horde","floor":49.0,"turns":5.0},{"damage":0.0,"enemies":"Time Eater","floor":52.0,"turns":11.0},{"damage":20.0,"enemies":"Shield and Spear","floor":56.0,"turns":14.0},{"damage":112,"enemies":"The Heart","floor":57,"turns":14}],"seed_played":"-2386002616419272034","potions_obtained":[{"floor":6.0,"key":"FocusPotion"},{"floor":8.0,"key":"Explosive Potion"},{"floor":10.0,"key":"SpeedPotion"},{"floor":13.0,"key":"SteroidPotion"},{"floor":20.0,"key":"DuplicationPotion"},{"floor":22.0,"key":"Energy Potion"},{"floor":23.0,"key":"PotionOfCapacity"},{"floor":25.0,"key":"LiquidMemories"},{"floor":42.0,"key":"Doom Potion"},{"floor":48.0,"key":"Fire Potion"},{"floor":49.0,"key":"Fire Potion"}],"is_trial":false,"path_per_floor":["M","?","?","?","M","E","R","E","T","E","T","R","M","$","R","B",null,"M","?","M","M","M","E","R","M","T","M","M","M","$","M","R","B",null,"M","?","$","M","$","E","R","M","T","R","M","PTL","PTL","E","M","?","R","B",null,"R","$","E","B"],"character_chosen":"DEFECT","items_purchased":["Defragment","Solar Panel","Orrery","Medical Kit","Bronze Scales"],"campfire_rested":0,"item_purchase_floors":[14,30,37,39,55],"current_hp_per_floor":[68,53,53,46,46,46,46,46,46,42,42,42,42,42,42,42,67,63,63,61,48,54,54,54,54,54,54,54,46,46,27,27,31,64,47,47,47,51,51,59,59,63,63,63,70,70,70,81,75,75,75,84,84,84,84,87,0,0],"gold":55,"neow_bonus":"THREE_ENEMY_KILL","is_daily":false,"chose_seed":false,"campfire_upgraded":8,"win_rate":0.0,"timestamp":1613246630,"path_taken":["M","?","?","?","M","E","R","E","T","E","?","R","M","$","R","BOSS","M","?","M","?","M","E","R","M","T","M","?","M","$","M","R","BOSS","M","?","?","M","?","E","R","M","T","R","M","PTL","PTL","E","?","?","R","BOSS","R","$","E","BOSS"],"items_purchased_type":["Card","Relic","Relic","Relic","Relic"],"build_version":"2020-12-22","purchased_purges":2,"victory":false,"max_hp_per_floor":[75,75,75,75,75,75,75,75,75,75,75,75,75,75,75,75,75,75,75,75,75,75,75,75,75,75,75,75,75,75,75,75,75,75,75,75,75,75,75,75,75,75,75,75,78,78,78,81,84,84,84,84,84,84,84,87,87,87],"card_choices":[{"not_picked":["Rebound","BootSequence"],"picked":"Skim","floor":1.0},{"not_picked":["Gash","ReplayTheSpireMod:GoodbyeWorld"],"picked":"ReplayTheSpireMod:Calculation Training","floor":5.0},{"not_picked":["Gash","Beam Cell","Meteor Strike"],"picked":"SKIP","floor":6.0},{"not_picked":["Leap","Stack"],"picked":"Core Surge","floor":8.0},{"not_picked":["Streamline","Beam Cell"],"picked":"conspire:SharedLibrary","floor":10.0},{"not_picked":["Streamline","Tempest"],"picked":"Coolheaded","floor":13.0},{"not_picked":["All For One","ReplayRNGCard"],"picked":"Buffer","floor":16.0},{"not_picked":["Rebound+1","Conserve Battery","Beam Cell"],"picked":"SKIP","floor":18.0},{"not_picked":["Conserve Battery+1","Melter"],"picked":"Crystallizer","floor":20.0},{"not_picked":["Go for the Eyes+1","Sweeping Beam+1"],"picked":"BasicCrystalCard","floor":21.0},{"not_picked":["Go for the Eyes","Leap+1"],"picked":"Glacier","floor":22.0},{"not_picked":["Amplify","BasicCrystalCard"],"picked":"Time Bomb","floor":23.0},{"not_picked":["Coolheaded","Streamline"],"picked":"Turbo","floor":25.0},{"not_picked":["Steam","Rebound"],"picked":"Consume","floor":27.0},{"not_picked":["ReplaySort+1","Conserve Battery"],"picked":"Machine Learning","floor":28.0},{"not_picked":["Steam+1","Beam Cell"],"picked":"Ball Lightning","floor":29.0},{"not_picked":["Leap+1","Panic Button"],"picked":"Redo+1","floor":31.0},{"not_picked":["hubris:Prefetch","hubris:DoWhile"],"picked":"Seek","floor":33.0},{"not_picked":["Turbo+1","Leap","BootSequence+1"],"picked":"SKIP","floor":35.0},{"not_picked":["Genetic Algorithm","Rip and Tear+1"],"picked":"ReplayTheSpireMod:Calculation Training+1","floor":37.0},{"not_picked":["Double Energy","Rebound"],"picked":"Cold Snap","floor":37.0},{"not_picked":["Redo","Fusion+1"],"picked":"Compile Driver+1","floor":37.0},{"not_picked":["Sweeping Beam+1","Chill+1"],"picked":"ReplaySort+1","floor":37.0},{"not_picked":["Rebound","conspire:Rain+1"],"picked":"Coolheaded+1","floor":37.0},{"not_picked":["Thunder Strike","Redo+1","Coolheaded"],"picked":"SKIP","floor":38.0},{"not_picked":["Compile Driver","Defragment"],"picked":"Cold Snap","floor":40.0},{"not_picked":["Rebound","Sweeping Beam+1","Streamline+1"],"picked":"SKIP","floor":42.0},{"not_picked":["Force Field+1","Go for the Eyes+1","Compile Driver"],"picked":"SKIP","floor":45.0},{"not_picked":["Meteor Strike","Redo"],"picked":"Panic Button","floor":48.0},{"not_picked":["Cold Snap","Barrage+1"],"picked":"Go for the Eyes+1","floor":49.0},{"not_picked":["Steam","Electrodynamics"],"picked":"Recycle","floor":56.0}],"player_experience":519390,"relics_obtained":[{"floor":6.0,"key":"TungstenRod"},{"floor":8.0,"key":"LagranYue:MagicReflectiveArmorRelic"},{"floor":9.0,"key":"The Courier"},{"floor":10.0,"key":"Anchor"},{"floor":23.0,"key":"Bag of Marbles"},{"floor":26.0,"key":"Whetstone"},{"floor":40.0,"key":"hubris:FunFungus"},{"floor":43.0,"key":"Replay:Ringing Soul"},{"floor":48.0,"key":"Darkstone Periapt"},{"floor":56.0,"key":"White Beast Statue"}],"event_choices":[{"damage_healed":0.0,"max_hp_gain":0.0,"max_hp_loss":0.0,"gold_gain":0.0,"event_name":"Shining Light","player_choice":"Entered Light","floor":2.0,"gold_loss":0.0,"damage_taken":15.0,"cards_upgraded":["Strike_B","Defend_B"]},{"cards_removed":["Strike_B"],"damage_healed":0.0,"max_hp_gain":0.0,"max_hp_loss":0.0,"gold_gain":0.0,"event_name":"Golden Wing","player_choice":"Card Removal","floor":4.0,"gold_loss":0.0,"damage_taken":7.0},{"damage_healed":0.0,"max_hp_gain":0.0,"max_hp_loss":0.0,"gold_gain":0.0,"event_name":"Upgrade Shrine","player_choice":"Upgraded","floor":19.0,"gold_loss":0.0,"damage_taken":0.0,"cards_upgraded":["Buffer"]},{"damage_healed":0.0,"max_hp_gain":0.0,"max_hp_loss":0.0,"gold_gain":0.0,"event_name":"SecretPortal","player_choice":"Ignored","floor":36.0,"gold_loss":0.0,"damage_taken":0.0},{"damage_healed":0.0,"max_hp_gain":0.0,"max_hp_loss":0.0,"gold_gain":0.0,"event_name":"Tomb of Lord Red Mask","player_choice":"Ignored","floor":50.0,"gold_loss":0.0,"damage_taken":0.0}],"is_beta":false,"boss_relics":[{"not_picked":["SlaversCollar","Inserter"],"picked":"Replay:Fungal Core"},{"not_picked":["hubris:Stopwatch","Sozu"],"picked":"Runic Dome"}],"items_purged_floors":[14,30],"is_endless":false,"potions_floor_spawned":[6,8,10,13,20,22,23,25,27,42,48,49],"killed_by":"The Heart","ascension_level":9}}