{"host":"3jpcvpprzj9sjffh","time":1613216762,"event":{"mods":["AchievementEnabler","BaseMod","Colored Map","Minty Spire (QoL Compilation)","Rare Cards Sparkle","SuperFastMode","everything is the same but u backflip on backflip"],"gold_per_floor":[110,130,130,146,69,69,81,98,98,108,136,136,11,23,23,127,127,147,166,91,190,190,190],"floor_reached":22,"language":"KOR","playtime":581,"items_purged":[],"score":188,"play_id":"ef0844f3-c3d3-48b8-b1ae-450ef51b97e1","local_time":"20210213204602","is_ascension_mode":false,"campfire_choices":[{"data":"Armaments","floor":6,"key":"SMITH"},{"data":"Fire Breathing","floor":12,"key":"SMITH"},{"data":"Body Slam","floor":15,"key":"SMITH"}],"circlet_count":0,"master_deck":["Strike_R","Strike_R","Strike_R","Strike_R","Strike_R","Defend_R","Defend_R","Defend_R","Bash","Demon Form","Pommel Strike","Infernal Blade","Swift Strike","Heavy Blade","Armaments+1","Fire Breathing+1","Wild Strike","Thunderclap","Cleave","Immolate","Entrench","Body Slam+1","Rupture","Anger","Barricade","Metallicize+1","Power Through+1"],"relics":["Burning Blood","TungstenRod","The Courier","Philosopher\u0027s Stone"],"acts_visited":["Exordium","TheCity"],"potions_floor_usage":[11,11],"damage_taken":[{"damage":0,"enemies":"Small Slimes","floor":1,"turns":4},{"damage":1,"enemies":"Cultist","floor":2,"turns":3},{"damage":13,"enemies":"Jaw Worm","floor":4,"turns":3},{"damage":1,"enemies":"3 Louse","floor":7,"turns":3},{"damage":10,"enemies":"Large Slime","floor":8,"turns":3},{"damage":4,"enemies":"Looter","floor":10,"turns":3},{"damage":9,"enemies":"Gremlin Nob","floor":11,"turns":3},{"damage":8,"enemies":"2 Fungi Beasts","floor":14,"turns":3},{"damage":34,"enemies":"Slime Boss","floor":16,"turns":5},{"damage":39,"enemies":"Shell Parasite","floor":18,"turns":7},{"damage":16,"enemies":"Spheric Guardian","floor":19,"turns":4},{"damage":38,"enemies":"Snake Plant","floor":22,"turns":4}],"seed_played":"-4544756169497133602","potions_obtained":[{"floor":2,"key":"ElixirPotion"},{"floor":4,"key":"SkillPotion"},{"floor":10,"key":"DuplicationPotion"},{"floor":16,"key":"GamblersBrew"},{"floor":18,"key":"PowerPotion"}],"is_trial":false,"path_per_floor":["M","M","?","M","$","R","M","M","T","M","E","R","$","M","R","B",null,"M","M","?","?","M"],"character_chosen":"IRONCLAD","items_purchased":["Fire Breathing","Entrench","Body Slam","Rupture"],"campfire_rested":0,"item_purchase_floors":[5,13,13,13],"current_hp_per_floor":[80,80,80,73,73,73,78,74,74,76,73,73,73,71,71,43,80,47,37,37,37,0,0],"gold":190,"neow_bonus":"ONE_RANDOM_RARE_CARD","is_daily":false,"chose_seed":false,"campfire_upgraded":3,"win_rate":0.0,"timestamp":1613216762,"path_taken":["M","M","?","M","$","R","M","M","T","M","E","R","$","M","R","BOSS","M","M","?","?","M"],"items_purchased_type":["Card","Card","Card","Card"],"build_version":"2020-12-22","purchased_purges":0,"victory":false,"max_hp_per_floor":[80,80,80,80,80,80,80,80,80,80,80,80,80,80,80,80,80,80,80,80,80,80,80],"card_choices":[{"not_picked":["Clothesline","Warcry"],"picked":"Pommel Strike","floor":1},{"not_picked":["Havoc","Disarm"],"picked":"Infernal Blade","floor":2},{"not_picked":["Sword Boomerang","Bloodletting"],"picked":"Armaments","floor":4},{"not_picked":["Disarm","Infernal Blade"],"picked":"Wild Strike","floor":7},{"not_picked":["Perfected Strike","Twin Strike"],"picked":"Thunderclap","floor":8},{"not_picked":["Dropkick","Body Slam"],"picked":"Cleave","floor":10},{"not_picked":["Clash","Impervious"],"picked":"Immolate","floor":11},{"not_picked":["Heavy Blade","Sever Soul"],"picked":"Anger","floor":14},{"not_picked":["Demon Form","Fiend Fire"],"picked":"Barricade","floor":16},{"not_picked":["Pommel Strike","Carnage"],"picked":"Metallicize+1","floor":18},{"not_picked":["Clothesline+1","Carnage"],"picked":"Power Through+1","floor":19}],"player_experience":326081,"relics_obtained":[{"floor":9,"key":"TungstenRod"},{"floor":11,"key":"The Courier"}],"event_choices":[{"damage_healed":0,"gold_gain":0,"player_choice":"2 cards matched","damage_taken":0,"max_hp_gain":0,"max_hp_loss":0,"event_name":"Match and Keep!","floor":3,"gold_loss":0,"cards_obtained":["Swift Strike","Heavy Blade"]},{"cards_removed":["Defend_R"],"damage_healed":0,"gold_gain":0,"player_choice":"Gave Gold","damage_taken":0,"max_hp_gain":0,"max_hp_loss":0,"event_name":"Beggar","floor":20,"gold_loss":75},{"damage_healed":0,"gold_gain":99,"player_choice":"Stole From Cult","damage_taken":0,"max_hp_gain":0,"max_hp_loss":0,"event_name":"Nest","floor":21,"gold_loss":0}],"is_beta":false,"boss_relics":[{"not_picked":["Ectoplasm","Busted Crown"],"picked":"Philosopher\u0027s Stone"}],"items_purged_floors":[],"is_endless":false,"potions_floor_spawned":[2,4,10,16,18],"killed_by":"Snake Plant","ascension_level":0}}