{"host":"avjwtc49fhlk6kym","time":1613247092,"event":{"mods":["AchievementEnabler","BaseMod","Better Match","Better Note","Better Third Choice","Colored Map","Colored Powertips","Displayed Cursed Tome","Highlight Path","Minty Spire (QoL Compilation)","Permanent Neow","Quick Restart","StSLib"],"gold_per_floor":[118,133,208,219,219,219,12,45,45,45,65,79,110,131,131,257,257,281,281,298,314,314,314,331,331,402,317,334,334,31,66,66,165,165,182,39,39,49,59,59,91,91,118,128,182,182,182,182],"floor_reached":47,"language":"ENG","playtime":2067,"items_purged":[],"score":509,"play_id":"c4698269-c519-4b2d-90dd-9168257cc115","local_time":"20210213151132","is_ascension_mode":true,"campfire_choices":[{"floor":6.0,"key":"REST"},{"floor":10.0,"key":"REST"},{"floor":15.0,"key":"REST"},{"data":"ConjureBlade","floor":23.0,"key":"SMITH"},{"floor":25.0,"key":"REST"},{"data":"Establishment","floor":29.0,"key":"SMITH"},{"data":"BattleHymn","floor":32,"key":"SMITH"},{"data":"Wallop","floor":40,"key":"SMITH"},{"floor":42,"key":"REST"},{"floor":46,"key":"REST"}],"circlet_count":0,"master_deck":["Eruption","Vigilance+1","Brilliance","BowlingBash","Judgement","CutThroughFate","WheelKick","Protect","SandsOfTime","FearNoEvil","PathToVictory","Establishment+1","EmptyFist","Prostrate","EmptyFist","Pray","Crescendo","ConjureBlade+1","Wireheading","Halt","Consecrate","Protect","CrushJoints+1","BattleHymn+1","Wallop","Brilliance","Evaluate","Wallop+1","LikeWater","BattleHymn","DeceiveReality","PathToVictory"],"relics":["HolyWater","Bloody Idol","War Paint","Vajra","Bag of Preparation","Pandora\u0027s Box","Mummified Hand","Kunai","MealTicket","Pen Nib","Strawberry","CloakClasp","Akabeko","Turnip"],"acts_visited":["Exordium","TheCity","TheBeyond"],"potions_floor_usage":[33,33,35,39,47],"damage_taken":[{"damage":2.0,"enemies":"Small Slimes","floor":1.0,"turns":3.0},{"damage":5.0,"enemies":"Jaw Worm","floor":2.0,"turns":4.0},{"damage":9.0,"enemies":"Cultist","floor":4.0,"turns":4.0},{"damage":10.0,"enemies":"3 Sentries","floor":8.0,"turns":5.0},{"damage":0.0,"enemies":"Exordium Wildlife","floor":11.0,"turns":2.0},{"damage":0.0,"enemies":"Blue Slaver","floor":12.0,"turns":2.0},{"damage":16.0,"enemies":"Lagavulin","floor":13.0,"turns":5.0},{"damage":1.0,"enemies":"2 Fungi Beasts","floor":14.0,"turns":2.0},{"damage":20.0,"enemies":"Slime Boss","floor":16.0,"turns":5.0},{"damage":20.0,"enemies":"2 Thieves","floor":18.0,"turns":3.0},{"damage":10.0,"enemies":"Spheric Guardian","floor":20.0,"turns":3.0},{"damage":14.0,"enemies":"Shelled Parasite and Fungi","floor":21.0,"turns":5.0},{"damage":9.0,"enemies":"Centurion and Healer","floor":24.0,"turns":5.0},{"damage":4.0,"enemies":"Chosen and Byrds","floor":28.0,"turns":6.0},{"damage":23.0,"enemies":"Gremlin Leader","floor":31.0,"turns":6.0},{"damage":22,"enemies":"Automaton","floor":33,"turns":7},{"damage":10,"enemies":"Orb Walker","floor":35,"turns":3},{"damage":10,"enemies":"3 Shapes","floor":38,"turns":4},{"damage":12,"enemies":"Maw","floor":39,"turns":6},{"damage":45,"enemies":"Reptomancer","floor":41,"turns":5},{"damage":3,"enemies":"4 Shapes","floor":44,"turns":4},{"damage":43,"enemies":"2 Orb Walkers","floor":45,"turns":5},{"damage":45,"enemies":"Nemesis","floor":47,"turns":4}],"seed_played":"-9132587594249153695","potions_obtained":[{"floor":1.0,"key":"AttackPotion"},{"floor":8.0,"key":"CultistPotion"},{"floor":11.0,"key":"LiquidBronze"},{"floor":13.0,"key":"PowerPotion"},{"floor":20.0,"key":"LiquidMemories"},{"floor":28.0,"key":"LiquidBronze"},{"floor":31.0,"key":"ColorlessPotion"},{"floor":33,"key":"Ancient Potion"},{"floor":38,"key":"AttackPotion"},{"floor":45,"key":"BlessingOfTheForge"}],"is_trial":false,"path_per_floor":["M","M","?","M","?","R","$","E","T","R","M","M","E","M","R","B",null,"M","?","M","M","?","R","M","R","T","?","M","R","$","E","R","B",null,"M","$","?","M","M","R","E","R","T","M","?","R","E"],"character_chosen":"WATCHER","items_purchased":["War Paint","CutThroughFate","BattleHymn","MealTicket","Wallop","Strawberry"],"campfire_rested":6,"item_purchase_floors":[7,7,30,30,30,36],"current_hp_per_floor":[70,65,54,45,27,48,48,38,38,59,59,59,43,42,63,43,72,52,52,47,38,38,38,34,55,60,60,61,61,61,43,43,26,72,67,79,79,74,67,67,27,50,55,57,19,42,0,0],"gold":182,"neow_bonus":"ONE_RANDOM_RARE_CARD","is_daily":false,"chose_seed":false,"campfire_upgraded":4,"win_rate":0.0,"timestamp":1613247092,"path_taken":["M","M","?","M","?","R","?","E","T","R","?","M","E","M","R","BOSS","M","?","M","M","?","R","M","R","T","?","M","R","$","E","R","BOSS","M","$","?","M","?","R","E","R","T","M","?","R","E"],"items_purchased_type":["Relic","Card","Card","Relic","Card","Relic"],"build_version":"2020-12-22","purchased_purges":0,"victory":false,"max_hp_per_floor":[72,72,72,72,72,72,72,72,72,72,72,72,72,72,72,72,72,72,72,72,72,72,72,72,72,72,72,72,72,72,72,72,72,72,72,79,79,79,79,79,79,79,79,79,79,79,79,79],"card_choices":[{"not_picked":["Wireheading","ThirdEye"],"picked":"BowlingBash","floor":1.0},{"not_picked":["ClearTheMind","Study"],"picked":"WindmillStrike","floor":2.0},{"not_picked":["EmptyBody","FlyingSleeves"],"picked":"Judgement","floor":4.0},{"not_picked":["CarveReality","SashWhip"],"picked":"WheelKick","floor":8.0},{"not_picked":["Nirvana","Adaptation"],"picked":"Protect","floor":11.0},{"not_picked":["CrushJoints","BowlingBash"],"picked":"SandsOfTime","floor":12.0},{"not_picked":["FlyingSleeves","FollowUp"],"picked":"FearNoEvil","floor":13.0},{"not_picked":["CutThroughFate","EmptyBody"],"picked":"PathToVictory","floor":14.0},{"not_picked":["DevaForm","Omniscience"],"picked":"Establishment","floor":16.0},{"not_picked":["CarveReality","FlyingSleeves+1","SashWhip+1"],"picked":"SKIP","floor":18.0},{"not_picked":["EmptyBody+1","Conclude"],"picked":"Consecrate","floor":20.0},{"not_picked":["Pray","EmptyBody"],"picked":"Protect","floor":21.0},{"not_picked":["MentalFortress+1","BowlingBash","FlyingSleeves"],"picked":"SKIP","floor":24.0},{"not_picked":["BowlingBash","Halt"],"picked":"CrushJoints+1","floor":28.0},{"not_picked":["SashWhip+1","MentalFortress","Crescendo"],"picked":"SKIP","floor":31.0},{"not_picked":["Vault","SpiritShield"],"picked":"Brilliance","floor":33},{"not_picked":["FollowUp","WreathOfFlame+1"],"picked":"Evaluate","floor":35},{"not_picked":["Meditate+1","MentalFortress","FlurryOfBlows"],"picked":"SKIP","floor":38},{"not_picked":["Halt+1","Adaptation"],"picked":"LikeWater","floor":39},{"not_picked":["Establishment","Halt+1"],"picked":"BattleHymn","floor":41},{"not_picked":["CutThroughFate+1","CrushJoints+1"],"picked":"DeceiveReality","floor":44},{"not_picked":["Nirvana+1","Tantrum+1"],"picked":"PathToVictory","floor":45}],"player_experience":447167,"relics_obtained":[{"floor":8.0,"key":"Vajra"},{"floor":13.0,"key":"Bag of Preparation"},{"floor":26.0,"key":"Mummified Hand"},{"floor":31.0,"key":"Pen Nib"},{"floor":41,"key":"CloakClasp"},{"floor":43,"key":"Akabeko"},{"floor":45,"key":"Turnip"}],"event_choices":[{"damage_healed":0.0,"max_hp_gain":0.0,"max_hp_loss":0.0,"gold_gain":75.0,"event_name":"betterThird:BetterGoop","player_choice":"Gold","floor":3.0,"gold_loss":0.0,"damage_taken":11.0},{"damage_healed":0.0,"max_hp_gain":0.0,"max_hp_loss":0.0,"gold_gain":0.0,"event_name":"Golden Idol","player_choice":"Take Damage","floor":5.0,"gold_loss":0.0,"damage_taken":18.0,"relics_obtained":["Golden Idol"]},{"damage_healed":0.0,"max_hp_gain":0.0,"max_hp_loss":0.0,"gold_gain":0.0,"event_name":"Forgotten Altar","player_choice":"Gave Idol","floor":19.0,"relics_lost":["Golden Idol"],"gold_loss":0.0,"damage_taken":0.0,"relics_obtained":["Bloody Idol"]},{"cards_removed":["WindmillStrike"],"damage_healed":0.0,"max_hp_gain":0.0,"max_hp_loss":0.0,"gold_gain":0.0,"event_name":"betterThird:BetterWriting","player_choice":"Elegance","floor":22.0,"gold_loss":0.0,"damage_taken":0.0},{"damage_healed":0.0,"max_hp_gain":0.0,"max_hp_loss":0.0,"gold_gain":0.0,"event_name":"Addict","player_choice":"Obtained Relic","floor":27.0,"gold_loss":85.0,"damage_taken":0.0,"relics_obtained":["Kunai"]},{"damage_healed":0,"gold_gain":0,"player_choice":"Copied","damage_taken":0,"max_hp_gain":0,"max_hp_loss":0,"event_name":"Duplicator","floor":37,"gold_loss":0,"cards_obtained":["Wallop"]},{"damage_healed":0,"gold_gain":0,"player_choice":"Fight","damage_taken":0,"max_hp_gain":0,"max_hp_loss":0,"event_name":"Mysterious Sphere","floor":45,"gold_loss":0}],"is_beta":false,"boss_relics":[{"not_picked":["Runic Pyramid","Philosopher\u0027s Stone"],"picked":"Pandora\u0027s Box"},{"not_picked":["Busted Crown","Fusion Hammer"],"picked":"HolyWater"}],"items_purged_floors":[],"is_endless":false,"potions_floor_spawned":[1,8,11,13,20,28,31,33,38,45],"killed_by":"Nemesis","ascension_level":1}}