{"host":"s0ikvqhe10eopvjn","time":1613217032,"event":{"mods":["Act Like it!","Bard","BaseMod","Better Third Choice","Block Reminder","Colored Map","Colored Powertips","DeckTracker","Downfall","GifTheSpireLib","Halation","Hallownest","Hermit","Highlight Path","Hubris","Infinite Spire","Mad Scientist","Minty Spire (QoL Compilation)","Permanent Neow","Random Character Button","StSLib","The Blue Laboratory","The Bug Knight","The Construct","The Cursed","The Disciple","The Marked","The Necromancer","The Poker Player","The Runesmith","The Servant 0.9.4"],"gold_per_floor":[199,217,56,56,69,98,152,137,153,186,101,1,31,44,54,155,155,55,68,80,65,165,65,65,65,85,85,85,115,115,115,132,232,232,232,256,267,267,130,155,180,180,180,190,190,190,190,206,222,222,222,251,151,151,151,151],"floor_reached":57,"language":"ENG","playtime":4637,"items_purged":["hexamod:Defend","hexamod:Strike","hexamod:Strike","hexamod:FirstSeal"],"score":1289,"play_id":"a60747c6-9804-4820-afd0-4536dfa34c44","local_time":"20210213115032","is_ascension_mode":true,"campfire_choices":[{"floor":1,"key":"RECALL"},{"data":"hexamod:EtherealExpedition","floor":12,"key":"SMITH"},{"data":"hexamod:HexaLevel","floor":18,"key":"SMITH"},{"floor":23,"key":"REST"},{"data":"hexamod:ExtraCrispy","floor":25,"key":"SMITH"},{"floor":27,"key":"REST"},{"data":"infinitespire:Starlight","floor":35,"key":"SMITH"},{"data":"hexamod:TimeWarp","floor":42,"key":"SMITH"},{"data":"expansioncontent:QuickStudy","floor":47,"key":"SMITH"},{"floor":54,"key":"REST"}],"circlet_count":0,"master_deck":["hexamod:Strike+1","hexamod:Defend+1","hexamod:Defend+1","hexamod:Sear","hexamod:Float+1","hexamod:GhostLash","hexamod:EmpoweredFlame","hexamod:DynamicBlow","hexamod:SpectersWail+1","hexamod:StepThrough","hexamod:NightmareGuise+1","hexamod:PowerFromBeyond+1","hexamod:TimeWarp+1","hexamod:EtherealExpedition+1","hexamod:Incineration","hexamod:SoulSteal","hexamod:HeatCrush+1","hexamod:ThermalTransfer","hexamod:VolcanoVisage","hexamod:HexaLevel+1","hexamod:BurningTouch+1","hexamod:GhostShield+1","hexamod:GhostOfSpirePresent+1","hexamod:GiftsFromTheDead","hexamod:GhostflameInferno+1","hexamod:ExtraCrispy+1","J.A.X.","hexamod:FlamesFromBeyond+1","infinitespire:Starlight+1","hexamod:ThermalTransfer","hexamod:FastForward","expansioncontent:QuickStudy+1","infinitespire:Gouge","hexamod:StepThrough+1","hexamod:Firestarter+1"],"relics":["hexamod:SpiritBrand","hubris:Towel","infinitespire:CheckeredPen","halation:PromiseList","downfall:HeartBlessingRed","War Paint","hubris:Backtick","hubris:PeanutButter","downfall:HeartBlessingBlue","MutagenicStrength","downfall:HeartBlessingGreen","Pantograph","Regal Pillow","Cauldron","hexamod:IceCube","SlaversCollar","hexamod:TheBrokenSeal","Bottled Flame","halation:BottledLove","hubris:TenFootPole","OrangePellets","hubris:TinFlute","infinitespire:Satchel"],"acts_visited":["Exordium","TheCity","TheBeyond","TheEnding"],"potions_floor_usage":[13,19,22,22,33,40,52,55,55],"damage_taken":[{"damage":4,"enemies":"Cultist","floor":2,"turns":4},{"damage":5,"enemies":"downfall:FleeingMerchant","floor":3,"turns":4},{"damage":2,"enemies":"2 Louse","floor":5,"turns":3},{"damage":15,"enemies":"Gremlin Nob","floor":6,"turns":3},{"damage":0,"enemies":"downfall:FleeingMerchant","floor":8,"turns":4},{"damage":0,"enemies":"Small Slimes","floor":9,"turns":3},{"damage":10,"enemies":"HollowMod:MossKnight","floor":10,"turns":7},{"damage":1,"enemies":"downfall:FleeingMerchant","floor":11,"turns":4},{"damage":20,"enemies":"Gremlin Nob","floor":13,"turns":5},{"damage":9,"enemies":"2 Fungi Beasts","floor":14,"turns":3},{"damage":2,"enemies":"Blue Slaver","floor":15,"turns":3},{"damage":23,"enemies":"WA_ARCHETYPE_RETAIN","floor":16,"turns":5},{"damage":2,"enemies":"Spheric Guardian","floor":19,"turns":3},{"damage":12,"enemies":"Chosen and Byrds","floor":20,"turns":6},{"damage":4,"enemies":"downfall:FleeingMerchant","floor":21,"turns":4},{"damage":41,"enemies":"downfall:Augmenter","floor":22,"turns":6},{"damage":8,"enemies":"3 Cultists","floor":26,"turns":4},{"damage":32,"enemies":"Book of Stabbing","floor":29,"turns":6},{"damage":7,"enemies":"Snake Plant","floor":32,"turns":3},{"damage":48,"enemies":"SI_MIRROR_ARCHETYPE","floor":33,"turns":7},{"damage":80,"enemies":"3 Darklings","floor":36,"turns":9},{"damage":1,"enemies":"3 Shapes","floor":37,"turns":4},{"damage":0,"enemies":"downfall:FleeingMerchant","floor":39,"turns":3},{"damage":9,"enemies":"Giant Head","floor":40,"turns":6},{"damage":5,"enemies":"Spire Growth","floor":44,"turns":4},{"damage":0,"enemies":"4 Shapes","floor":48,"turns":3},{"damage":0,"enemies":"Transient","floor":49,"turns":5},{"damage":56,"enemies":"DF_ARCHETYPE_ORBS","floor":50,"turns":7},{"damage":42,"enemies":"downfall:CharBossMerchant","floor":52,"turns":5},{"damage":48,"enemies":"downfall:NeowBoss","floor":55,"turns":11},{"damage":43,"enemies":"downfall:NeowBossFinal","floor":56,"turns":8}],"seed_played":"6484065149468059784","potions_obtained":[{"floor":5,"key":"blueLaboratory:BottleOfVodka"},{"floor":9,"key":"FairyPotion"},{"floor":10,"key":"SteroidPotion"},{"floor":14,"key":"blueLaboratory:LouseDecoction"},{"floor":19,"key":"blueLaboratory:AbyssPotion"},{"floor":20,"key":"Dexterity Potion"},{"floor":21,"key":"DuplicationPotion"},{"floor":22,"key":"Ancient Potion"},{"floor":30,"key":"CultistPotion"},{"floor":31,"key":"SteroidPotion"},{"floor":33,"key":"blueLaboratory:Moonshine"},{"floor":48,"key":"Energy Potion"}],"is_trial":false,"path_per_floor":["R","M","$","?","M","E","T","$","M","E","$","R","E","M","M","B",null,"R","M","M","$","?","R","T","R","M","R","?","E","?","AVR","M","B",null,"R","M","M","?","$","E","T","R","?","M","AVR","?","R","M","M","B",null,"E","$","R","B","B",null],"character_chosen":"THE_SPIRIT","items_purchased":["hexamod:EmpoweredFlame","hexamod:DynamicBlow","hexamod:SoulSteal","expansioncontent:QuickStudy","Bottled Flame"],"campfire_rested":3,"item_purchase_floors":[3,3,11,39,39],"current_hp_per_floor":[70,66,61,61,59,44,44,51,51,48,54,54,34,25,23,38,70,80,80,68,64,23,47,47,47,39,63,63,38,38,38,31,15,80,80,80,90,90,90,90,90,90,79,89,89,89,89,89,90,49,90,48,48,90,51,47],"gold":151,"neow_bonus":"HUNDRED_GOLD","is_daily":false,"chose_seed":false,"campfire_upgraded":6,"win_rate":0.0,"timestamp":1613217032,"path_taken":["R","M","?","?","M","E","T","$","M","E","$","R","E","M","M","BOSS","R","M","M","$","?","R","T","R","M","R","?","E","?","AVR","M","BOSS","R","M","M","?","$","E","T","R","?","M","AVR","?","R","M","M","BOSS","E","$","R","BOSS","BOSS"],"items_purchased_type":["Card","Card","Card","Card","Relic"],"build_version":"2020-12-22","purchased_purges":4,"victory":true,"max_hp_per_floor":[70,70,70,70,70,70,70,70,70,70,70,70,70,70,70,70,70,80,80,80,80,80,80,80,80,80,80,80,80,80,80,80,80,80,80,90,90,90,90,90,90,90,90,90,90,90,90,90,90,90,90,90,90,90,90,90],"card_choices":[{"not_picked":["hexamod:HauntingEcho","hexamod:GhostLash"],"picked":"hexamod:ThirdSeal","floor":2},{"not_picked":["hexamod:ThermalTransfer","hexamod:SuperheatedStrike"],"picked":"hexamod:GhostLash","floor":3},{"not_picked":["hexamod:NightmareGuise","hexamod:NightmareStrike"],"picked":"hexamod:SpectersWail","floor":5},{"not_picked":["hexamod:FourthSeal","hexamod:BacktrackSmack"],"picked":"hexamod:FirstSeal","floor":6},{"not_picked":["hexamod:BurningTouch","hexamod:HauntingEcho"],"picked":"hexamod:StepThrough","floor":6},{"not_picked":["hexamod:NightmareStrike","hexamod:Again"],"picked":"hexamod:NightmareGuise","floor":8},{"not_picked":["hexamod:InspiringFlames","hexamod:UnlimitedPower"],"picked":"hexamod:FourthSeal","floor":8},{"not_picked":["hexamod:BacktrackSmack","hexamod:GhostOfSpireFuture"],"picked":"hexamod:PowerFromBeyond","floor":9},{"not_picked":["hexamod:CatchUp","hexamod:SwordOfDarkness"],"picked":"hexamod:TimeWarp","floor":9},{"not_picked":["hexamod:GhostLash","hexamod:ThermalTransfer"],"picked":"hexamod:EtherealExpedition","floor":10},{"not_picked":["hexamod:BurningTouch","hexamod:RadiantFlame"],"picked":"hexamod:Incineration","floor":10},{"not_picked":["hexamod:ExtraCrispy","hexamod:BacktrackSmack"],"picked":"hexamod:SixthSeal","floor":11},{"not_picked":["hexamod:StepThrough","hexamod:NightmareGuise","hexamod:BurningTouch"],"picked":"SKIP","floor":11},{"not_picked":["hexamod:CatchUp","hexamod:SpectersWail","hexamod:RadiantFlame"],"picked":"SKIP","floor":13},{"not_picked":["hexamod:Firestarter","hexamod:FourthSeal","hexamod:PhantomFireball"],"picked":"SKIP","floor":13},{"not_picked":["hexamod:SwordOfDarkness","hexamod:Rewind"],"picked":"hexamod:HeatCrush","floor":14},{"not_picked":["hexamod:NecessarySacrifice","hexamod:ExtraCrispy"],"picked":"hexamod:ThermalTransfer","floor":15},{"not_picked":["hexamod:GhostflameInferno","hexamod:TimeOfNeed"],"picked":"hexamod:VolcanoVisage","floor":16},{"not_picked":["hexamod:SixthSeal","hexamod:UnlimitedPower"],"picked":"hexamod:HexaLevel","floor":16},{"not_picked":["hexamod:BacktrackSmack","hexamod:ShieldOfDarkness"],"picked":"hexamod:BurningTouch+1","floor":19},{"not_picked":["hexamod:CatchUp","hexamod:PhantomFireball+1","hexamod:AdvancingGuard"],"picked":"SKIP","floor":19},{"not_picked":["hexamod:InspiringFlames","hexamod:SuperheatedStrike"],"picked":"hexamod:GhostShield+1","floor":20},{"not_picked":["hexamod:GhostOfSpireFuture","hexamod:SuperheatedStrike"],"picked":"hexamod:GhostOfSpirePresent","floor":20},{"not_picked":["hexamod:ParanormalForm","hexamod:HauntingEcho"],"picked":"hexamod:GiftsFromTheDead","floor":21},{"not_picked":[],"picked":"J.A.X.","floor":22},{"not_picked":["hexamod:TimeWarp","hexamod:InspiringFlames"],"picked":"hexamod:FlamesFromBeyond+1","floor":22},{"not_picked":["hexamod:StepThrough","hexamod:Hexaguard"],"picked":"hexamod:FifthSeal","floor":26},{"not_picked":["hexamod:Hexaguard","hexamod:GhostOfSpireFuture","hexamod:BurningTouch"],"picked":"SKIP","floor":26},{"not_picked":["hexamod:UnlimitedPower","hexamod:GhostflameBarrier+1","hexamod:Incineration"],"picked":"SKIP","floor":29},{"not_picked":["hexamod:ShieldOfDarkness","hexamod:SpectersWail","hexamod:NightmareGuise+1"],"picked":"SKIP","floor":29},{"not_picked":["hexamod:FirstSeal","hexamod:FastForward+1"],"picked":"hexamod:ThermalTransfer","floor":32},{"not_picked":["hexamod:HeatShield","hexamod:FlamesFromBeyond","hexamod:Hexaguard"],"picked":"SKIP","floor":32},{"not_picked":["hexamod:SixthSeal","hexamod:FourthSeal"],"picked":"hexamod:SecondSeal","floor":33},{"not_picked":["hexamod:SecondSeal","hexamod:SixthSeal"],"picked":"hexamod:FirstSeal","floor":36},{"not_picked":["hexamod:ThermalTransfer","hexamod:InspiringFlames","hexamod:Again"],"picked":"SKIP","floor":36},{"not_picked":["hexamod:SwordOfDarkness","hexamod:GhostLash+1"],"picked":"hexamod:FastForward","floor":37},{"not_picked":["hexamod:FastForward+1","hexamod:GhostOfSpirePast","hexamod:ParanormalForm"],"picked":"SKIP","floor":39},{"not_picked":["hexamod:BurningTouch","hexamod:AdvancingGuard","hexamod:FastForward+1"],"picked":"SKIP","floor":40},{"not_picked":["infinitespire:FutureSight","hubris:Rewind"],"picked":"infinitespire:Gouge","floor":43},{"not_picked":["hexamod:Haunt+1","hexamod:DynamicBlow+1"],"picked":"hexamod:StepThrough+1","floor":44},{"not_picked":["hexamod:GhostShield+1","hexamod:RainOfEmbers"],"picked":"hexamod:Firestarter+1","floor":48},{"not_picked":["hexamod:SkipABeat","hexamod:NightmareGuise","hexamod:InspiringFlames"],"picked":"SKIP","floor":49},{"not_picked":["hexamod:BurningTouch","hexamod:CatchUp+1","hexamod:PhantomCloak+1"],"picked":"SKIP","floor":52}],"player_experience":326332,"relics_obtained":[{"floor":6,"key":"infinitespire:CheckeredPen"},{"floor":10,"key":"halation:PromiseList"},{"floor":13,"key":"War Paint"},{"floor":22,"key":"MutagenicStrength"},{"floor":24,"key":"Pantograph"},{"floor":29,"key":"Regal Pillow"},{"floor":40,"key":"halation:BottledLove"},{"floor":41,"key":"hubris:TenFootPole"},{"floor":46,"key":"hubris:TinFlute"},{"floor":52,"key":"infinitespire:Satchel"}],"event_choices":[],"is_beta":false,"boss_relics":[{"not_picked":["Velvet Choker","halation:SmartPhone"],"picked":"hubris:Backtick"},{"not_picked":["halation:MonkeysPaw","hubris:RunicObelisk"],"picked":"SlaversCollar"}],"items_purged_floors":[31,39,45,53],"is_endless":false,"potions_floor_spawned":[5,9,10,14,20,22,33,36,48],"ascension_level":1}}