{"host":"p0hktren06injwdf","time":1613184399,"event":{"mods":["AchievementEnabler","BaseMod","Colored Map","DeckTracker","Minty Spire (QoL Compilation)","Permanent Neow","StSLib","SuperFastMode"],"gold_per_floor":[215,215,233,243,118,144,155,169,169,189,189,217,229,256,284,296,386,398,425,437,449,461,473,510,522,569,581,593,624,482,407,426,426,502,502,517,842,842,856,200,200,232,252,304,304,304,154,154,154,154,154,154,154],"floor_reached":52,"language":"KOR","playtime":915,"items_purged":["Defend_P","Strike_P","Strike_P","SignatureMove+1"],"score":1481,"play_id":"689d1fd1-2d33-46bf-9843-b47627d53f65","local_time":"20210213114639","is_ascension_mode":true,"campfire_choices":[{"data":"Eruption","floor":13.0,"key":"SMITH"},{"data":"SignatureMove","floor":16.0,"key":"SMITH"},{"data":"MentalFortress","floor":25.0,"key":"SMITH"},{"data":"DeusExMachina","floor":28.0,"key":"SMITH"},{"floor":33.0,"key":"REST"},{"data":"Adaptation","floor":41.0,"key":"SMITH"},{"floor":46,"key":"REST"},{"floor":50,"key":"RECALL"}],"circlet_count":0,"master_deck":["AscendersBane","Strike_P","Strike_P","Defend_P","Eruption+1","Vigilance","Adaptation+1","DeceiveReality","Consecrate","BowlingBash","EmptyFist","FearNoEvil","Tantrum","DeusExMachina+1","MentalFortress+1","MentalFortress+1","Adaptation+1"],"relics":["PureWater","InkBottle","Gremlin Horn","MawBank","Philosopher\u0027s Stone","MutagenicStrength","TungstenRod","Akabeko","Frozen Egg 2","Sozu","Old Coin","DollysMirror","Sundial","Shuriken"],"acts_visited":["Exordium","TheCity","TheBeyond"],"potions_floor_usage":[],"damage_taken":[{"damage":1.0,"enemies":"Small Slimes","floor":1.0,"turns":2.0},{"damage":0.0,"enemies":"Cultist","floor":3.0,"turns":3.0},{"damage":0.0,"enemies":"Jaw Worm","floor":4.0,"turns":3.0},{"damage":0.0,"enemies":"3 Sentries","floor":6.0,"turns":4.0},{"damage":0.0,"enemies":"3 Louse","floor":7.0,"turns":2.0},{"damage":6.0,"enemies":"Looter","floor":8.0,"turns":3.0},{"damage":0.0,"enemies":"2 Fungi Beasts","floor":10.0,"turns":3.0},{"damage":8.0,"enemies":"Gremlin Nob","floor":12.0,"turns":3.0},{"damage":12.0,"enemies":"3 Louse","floor":14.0,"turns":2.0},{"damage":6.0,"enemies":"Looter","floor":15.0,"turns":2.0},{"damage":8.0,"enemies":"The Guardian","floor":17.0,"turns":10.0},{"damage":4.0,"enemies":"Chosen","floor":19.0,"turns":3.0},{"damage":8.0,"enemies":"Slavers","floor":24.0,"turns":3.0},{"damage":23.0,"enemies":"Book of Stabbing","floor":26.0,"turns":4.0},{"damage":19.0,"enemies":"Shell Parasite","floor":29.0,"turns":5.0},{"damage":0.0,"enemies":"Snecko","floor":32.0,"turns":2.0},{"damage":6.0,"enemies":"Champ","floor":34.0,"turns":6.0},{"damage":10.0,"enemies":"3 Shapes","floor":36.0,"turns":4.0},{"damage":0.0,"enemies":"Mind Bloom Boss Battle","floor":37.0,"turns":2.0},{"damage":0.0,"enemies":"Orb Walker","floor":39.0,"turns":1.0},{"damage":24.0,"enemies":"Nemesis","floor":42.0,"turns":3.0},{"damage":11.0,"enemies":"Writhing Mass","floor":43.0,"turns":3.0},{"damage":15,"enemies":"Awakened One","floor":51,"turns":4},{"damage":25,"enemies":"Donu and Deca","floor":52,"turns":1}],"seed_played":"-8235777092190083576","potions_obtained":[{"floor":1.0,"key":"EssenceOfSteel"},{"floor":4.0,"key":"CultistPotion"},{"floor":17.0,"key":"AttackPotion"},{"floor":19.0,"key":"Regen Potion"},{"floor":34.0,"key":"Weak Potion"}],"is_trial":false,"path_per_floor":["M","?","M","M","$","E","M","M","T","M","M","E","R","M","M","R","B",null,"M","?","$","?","$","E","R","E","T","R","M","$","?","M","R","B",null,"M","?","?","M","$","R","E","M","T","?","R","$","?","$","R","B","B"],"character_chosen":"WATCHER","items_purchased":["EmptyFist","Block Potion","MentalFortress+1","DollysMirror","Sundial"],"campfire_rested":2,"item_purchase_floors":[5,30,40,40,40],"current_hp_per_floor":[60,60,60,60,60,60,60,54,54,54,54,46,46,34,28,28,20,56,52,52,52,52,52,53,53,30,30,30,11,11,11,11,31,25,57,47,47,47,47,47,47,23,12,12,12,32,32,32,32,32,17,0,0],"gold":154,"neow_bonus":"HUNDRED_GOLD","is_daily":false,"chose_seed":false,"campfire_upgraded":5,"win_rate":0.0,"timestamp":1613184399,"path_taken":["M","?","M","M","$","E","M","M","T","M","M","E","R","?","M","R","BOSS","M","?","$","?","?","E","R","E","T","R","M","$","?","M","R","BOSS","M","?","?","M","?","R","E","M","T","?","R","$","?","$","R","BOSS","BOSS"],"items_purchased_type":["Card","Potion","Card","Relic","Relic"],"build_version":"2020-12-22","purchased_purges":4,"victory":false,"max_hp_per_floor":[68,68,68,68,68,68,68,68,68,68,68,68,68,68,68,68,68,68,68,68,68,68,68,68,68,68,68,68,68,68,68,68,68,68,68,68,68,68,68,68,68,68,68,68,68,68,68,65,65,65,65,65,65],"card_choices":[{"not_picked":["TalkToTheHand","BowlingBash"],"picked":"Adaptation","floor":1.0},{"not_picked":["CutThroughFate","JustLucky"],"picked":"Consecrate","floor":3.0},{"not_picked":["Halt","EmptyMind"],"picked":"BowlingBash","floor":4.0},{"not_picked":["BowlingBash","EmptyFist","ForeignInfluence"],"picked":"SKIP","floor":6.0},{"not_picked":["BowlingBash","SandsOfTime"],"picked":"FearNoEvil","floor":7.0},{"not_picked":["SashWhip","CutThroughFate"],"picked":"Tantrum","floor":8.0},{"not_picked":["Halt","FlurryOfBlows"],"picked":"SignatureMove","floor":10.0},{"not_picked":["BattleHymn","BowlingBash","Judgement"],"picked":"SKIP","floor":12.0},{"not_picked":["WreathOfFlame","JustLucky","Worship"],"picked":"SKIP","floor":14.0},{"not_picked":["Prostrate","WreathOfFlame","Protect"],"picked":"SKIP","floor":15.0},{"not_picked":["SpiritShield","LessonLearned"],"picked":"DeusExMachina","floor":17.0},{"not_picked":["Protect","Sanctity"],"picked":"MentalFortress","floor":19.0},{"not_picked":["WreathOfFlame","SashWhip","Perseverance"],"picked":"SKIP","floor":24.0},{"not_picked":["Collect","Weave","EmptyBody"],"picked":"SKIP","floor":26.0},{"not_picked":["EmptyMind","FlyingSleeves+1","ClearTheMind"],"picked":"SKIP","floor":29.0},{"not_picked":["SignatureMove","ClearTheMind","PathToVictory"],"picked":"SKIP","floor":32.0},{"not_picked":["Protect+1","SashWhip","ReachHeaven"],"picked":"SKIP","floor":36.0},{"not_picked":["ClearTheMind","JustLucky","CarveReality"],"picked":"SKIP","floor":39.0},{"not_picked":["Vengeance","EmptyBody","LikeWater+1"],"picked":"SKIP","floor":42.0},{"not_picked":["CutThroughFate","EmptyFist","Prostrate"],"picked":"SKIP","floor":43.0}],"player_experience":1040927,"relics_obtained":[{"floor":6.0,"key":"InkBottle"},{"floor":9.0,"key":"Gremlin Horn"},{"floor":12.0,"key":"MawBank"},{"floor":24.0,"key":"TungstenRod"},{"floor":26.0,"key":"Akabeko"},{"floor":27.0,"key":"Frozen Egg 2"},{"floor":37.0,"key":"Old Coin"},{"floor":42.0,"key":"Shuriken"}],"event_choices":[{"damage_healed":0.0,"max_hp_gain":0.0,"max_hp_loss":0.0,"gold_gain":0.0,"cards_transformed":["Defend_P"],"event_name":"Transmorgrifier","player_choice":"Transformed","floor":2.0,"gold_loss":0.0,"damage_taken":0.0,"cards_obtained":["DeceiveReality"]},{"damage_healed":0.0,"max_hp_gain":0.0,"max_hp_loss":0.0,"gold_gain":0.0,"event_name":"Vampires","player_choice":"Ignored","floor":20.0,"gold_loss":0.0,"damage_taken":0.0},{"damage_healed":0.0,"max_hp_gain":0.0,"max_hp_loss":0.0,"gold_gain":0.0,"event_name":"Drug Dealer","player_choice":"Inject Mutagens","floor":22.0,"gold_loss":0.0,"damage_taken":0.0,"relics_obtained":["MutagenicStrength"]},{"cards_removed":["Defend_P"],"damage_healed":0.0,"max_hp_gain":0.0,"max_hp_loss":0.0,"gold_gain":0.0,"event_name":"Beggar","player_choice":"Gave Gold","floor":31.0,"gold_loss":75.0,"damage_taken":0.0},{"damage_healed":0.0,"max_hp_gain":0.0,"max_hp_loss":0.0,"gold_gain":0.0,"event_name":"MindBloom","player_choice":"Fight","floor":37.0,"gold_loss":0.0,"damage_taken":0.0},{"damage_healed":0.0,"max_hp_gain":0.0,"max_hp_loss":0.0,"gold_gain":0.0,"event_name":"Tomb of Lord Red Mask","player_choice":"Ignored","floor":38.0,"gold_loss":0.0,"damage_taken":0.0},{"damage_healed":0,"gold_gain":0,"player_choice":"Ignored","damage_taken":0,"max_hp_gain":0,"max_hp_loss":0,"event_name":"Mysterious Sphere","floor":45,"gold_loss":0},{"damage_healed":0,"gold_gain":0,"player_choice":"Max HP","damage_taken":0,"max_hp_gain":0,"max_hp_loss":3,"event_name":"Winding Halls","floor":48,"gold_loss":0}],"is_beta":false,"boss_relics":[{"not_picked":["Pandora\u0027s Box","Fusion Hammer"],"picked":"Philosopher\u0027s Stone"},{"not_picked":["HolyWater","Tiny House"],"picked":"Sozu"}],"items_purged_floors":[5,30,40,47],"is_endless":false,"potions_floor_spawned":[1,4,6,15,17,19,32,34,36,39],"killed_by":"Donu and Deca","ascension_level":20}}