{"host":"x05n69rv5q9mps34","time":1613250000,"event":{"mods":["AchievementEnabler","BaseMod","Colored Map","Minty Spire (QoL Compilation)","SuperFastMode"],"gold_per_floor":[99,99,99,99,99,99,99,99,99,99,99,99,99,99,99,99,99,99,24,0,0,0,0,0,0,0,0,0,0,0,0,0],"floor_reached":31,"language":"ENG","playtime":1533,"items_purged":["Strike_R"],"score":454,"play_id":"66c24290-e751-40fd-9442-28db703c3527","local_time":"20210213190000","is_ascension_mode":true,"campfire_choices":[{"floor":11,"key":"REST"},{"floor":15,"key":"REST"},{"floor":23,"key":"REST"},{"floor":27,"key":"REST"}],"circlet_count":0,"master_deck":["AscendersBane","Strike_R","Strike_R","Strike_R","Strike_R","Defend_R","Defend_R","Defend_R","Defend_R","Bash","Flex","Pummel","Headbutt","Bludgeon","Inflame","Pain","Second Wind","Uppercut","Offering","Double Tap","Rupture+1","Metallicize","Seeing Red","Limit Break"],"relics":["Ectoplasm","Ginger","WarpedTongs","Mummified Hand","Juzu Bracelet","Toy Ornithopter","Runic Pyramid","Smiling Mask","Nilry\u0027s Codex","Blue Candle","Old Coin"],"acts_visited":["Exordium","TheCity"],"potions_floor_usage":[6,10,18,24,28,29],"damage_taken":[{"damage":3,"enemies":"2 Louse","floor":1,"turns":3},{"damage":1,"enemies":"Cultist","floor":3,"turns":3},{"damage":0,"enemies":"Small Slimes","floor":5,"turns":3},{"damage":10,"enemies":"Lagavulin","floor":6,"turns":5},{"damage":11,"enemies":"Exordium Thugs","floor":7,"turns":4},{"damage":16,"enemies":"3 Sentries","floor":10,"turns":4},{"damage":10,"enemies":"Gremlin Nob","floor":12,"turns":3},{"damage":13,"enemies":"Red Slaver","floor":13,"turns":3},{"damage":29,"enemies":"The Guardian","floor":16,"turns":7},{"damage":20,"enemies":"Shell Parasite","floor":18,"turns":3},{"damage":25,"enemies":"2 Thieves","floor":20,"turns":3},{"damage":13,"enemies":"Snake Plant","floor":21,"turns":2},{"damage":25,"enemies":"Book of Stabbing","floor":24,"turns":3},{"damage":45,"enemies":"Slavers","floor":28,"turns":5},{"damage":7,"enemies":"3 Cultists","floor":29,"turns":4},{"damage":8,"enemies":"Snecko","floor":31,"turns":3}],"seed_played":"1818929344432867453","potions_obtained":[{"floor":2,"key":"SkillPotion"},{"floor":2,"key":"BlessingOfTheForge"},{"floor":2,"key":"Fire Potion"},{"floor":6,"key":"Energy Potion"},{"floor":10,"key":"BloodPotion"},{"floor":20,"key":"Fruit Juice"},{"floor":28,"key":"Energy Potion"}],"is_trial":false,"path_per_floor":["M","?","M","?","M","E","M","?","T","E","R","E","M","?","R","B",null,"M","$","M","M","?","R","E","?","T","R","E","M","?","M"],"character_chosen":"IRONCLAD","items_purchased":[],"campfire_rested":4,"item_purchase_floors":[],"current_hp_per_floor":[69,69,68,68,68,58,47,47,47,31,55,45,32,32,56,27,67,52,52,27,14,14,38,34,18,18,42,7,5,5,0,0],"gold":0,"neow_bonus":"BOSS_RELIC","is_daily":false,"chose_seed":false,"campfire_upgraded":0,"win_rate":0.0,"timestamp":1613250000,"path_taken":["M","?","?","?","M","E","M","?","T","E","R","E","M","?","R","BOSS","M","$","M","M","?","R","E","?","T","R","E","M","?","M"],"items_purchased_type":[],"build_version":"2020-12-22","purchased_purges":1,"victory":false,"max_hp_per_floor":[80,80,80,80,80,80,80,80,80,80,80,80,80,80,80,80,80,80,80,80,80,80,80,80,80,80,80,85,85,85,85,85],"card_choices":[{"not_picked":["Body Slam","Warcry"],"picked":"Flex","floor":1},{"not_picked":["Iron Wave","Intimidate"],"picked":"Pummel","floor":3},{"not_picked":["Heavy Blade","Iron Wave"],"picked":"Headbutt","floor":5},{"not_picked":["Dual Wield","Wild Strike"],"picked":"Bludgeon","floor":6},{"not_picked":["Flex","Wild Strike"],"picked":"Inflame","floor":7},{"not_picked":["True Grit","Warcry"],"picked":"Second Wind","floor":10},{"not_picked":["Armaments","Clothesline"],"picked":"Uppercut","floor":12},{"not_picked":["Perfected Strike","True Grit"],"picked":"Offering","floor":13},{"not_picked":["Berserk","Feed"],"picked":"Double Tap","floor":16},{"not_picked":["Shrug It Off","Perfected Strike+1"],"picked":"Rupture+1","floor":18},{"not_picked":["Clothesline","Headbutt"],"picked":"Metallicize","floor":20},{"not_picked":["Flex","Anger"],"picked":"Seeing Red","floor":21},{"not_picked":["Clash","Heavy Blade"],"picked":"Limit Break","floor":24},{"not_picked":["Sever Soul","Wild Strike+1","Flex"],"picked":"SKIP","floor":28},{"not_picked":["Infernal Blade","Pommel Strike","Body Slam"],"picked":"SKIP","floor":29}],"player_experience":977598,"relics_obtained":[{"floor":6,"key":"Ginger"},{"floor":9,"key":"Mummified Hand"},{"floor":10,"key":"Juzu Bracelet"},{"floor":12,"key":"Toy Ornithopter"},{"floor":24,"key":"Smiling Mask"},{"floor":25,"key":"Nilry\u0027s Codex"},{"floor":26,"key":"Blue Candle"},{"floor":28,"key":"Old Coin"}],"event_choices":[{"damage_healed":0,"gold_gain":0,"player_choice":"Got Potions","damage_taken":0,"max_hp_gain":0,"max_hp_loss":0,"event_name":"Lab","floor":2,"gold_loss":0},{"damage_healed":0,"gold_gain":0,"player_choice":"Ignored","damage_taken":0,"max_hp_gain":0,"max_hp_loss":0,"event_name":"Liars Game","floor":4,"gold_loss":0},{"damage_healed":0,"gold_gain":0,"player_choice":"Rummage","damage_taken":0,"relics_obtained":["WarpedTongs"],"max_hp_gain":0,"max_hp_loss":0,"event_name":"Accursed Blacksmith","floor":8,"gold_loss":0,"cards_obtained":["Pain"]},{"damage_healed":0,"gold_gain":0,"player_choice":"Ignored","damage_taken":0,"max_hp_gain":0,"max_hp_loss":0,"event_name":"Golden Shrine","floor":14,"gold_loss":0},{"damage_healed":0,"gold_gain":0,"player_choice":"Obtained Book","damage_taken":16,"max_hp_gain":0,"max_hp_loss":0,"event_name":"Cursed Tome","floor":25,"gold_loss":0},{"damage_healed":0,"gold_gain":99,"player_choice":"Stole From Cult","damage_taken":0,"max_hp_gain":0,"max_hp_loss":0,"event_name":"Nest","floor":30,"gold_loss":0}],"is_beta":false,"boss_relics":[{"not_picked":["Tiny House","SacredBark"],"picked":"Runic Pyramid"}],"items_purged_floors":[19],"is_endless":false,"potions_floor_spawned":[6,10,20,28],"killed_by":"Snecko","ascension_level":11}}