{"host":"vxxgntm1odai56nh","time":1613185230,"event":{"mods":["AchievementEnabler","BaseMod","Colored Map","Colored Powertips","Highlight Path","Minty Spire (QoL Compilation)","Permanent Neow","Rare Cards Sparkle","Relic Stats","StSLib"],"gold_per_floor":[366,380,5,19,36,69,23,23,73,136,136,32,32,32,32],"floor_reached":14,"language":"ENG","playtime":267,"items_purged":[],"score":101,"play_id":"6965b409-5a3a-43de-b862-11f384ab88a5","local_time":"20210212220030","is_ascension_mode":true,"campfire_choices":[{"data":"Zap","floor":8,"key":"SMITH"},{"data":"Dualcast","floor":11,"key":"SMITH"}],"circlet_count":0,"master_deck":["Strike_B","Strike_B","Strike_B","Strike_B","Defend_B","Defend_B","Defend_B","Defend_B","Zap+1","Dualcast+1","Consume+1","Chill","Self Repair","Double Energy+1","Melter","Tempest","Rebound","Reinforced Body","Heatsinks"],"relics":["Cracked Core","Chemical X","PreservedInsect","Shuriken","Pen Nib"],"acts_visited":["Exordium"],"potions_floor_usage":[5,14],"damage_taken":[{"damage":8,"enemies":"2 Louse","floor":1,"turns":2},{"damage":0,"enemies":"Small Slimes","floor":2,"turns":2},{"damage":9,"enemies":"Jaw Worm","floor":4,"turns":5},{"damage":15,"enemies":"Red Slaver","floor":5,"turns":4},{"damage":28,"enemies":"Gremlin Nob","floor":6,"turns":4},{"damage":20,"enemies":"Lagavulin","floor":14,"turns":2}],"seed_played":"5926931708299646521","potions_obtained":[{"floor":2,"key":"Regen Potion"},{"floor":6,"key":"Energy Potion"}],"is_trial":false,"path_per_floor":["M","M","$","M","M","E","$","R","T","?","R","$","?","E"],"character_chosen":"DEFECT","items_purchased":["Chemical X","PreservedInsect","Self Repair","Rebound","Reinforced Body","Heatsinks"],"campfire_rested":0,"item_purchase_floors":[3,3,3,7,12,12],"current_hp_per_floor":[46,46,46,44,48,27,27,27,27,27,27,27,12,0,0],"gold":32,"neow_bonus":"TWO_FIFTY_GOLD","is_daily":false,"chose_seed":false,"campfire_upgraded":2,"win_rate":0.0,"timestamp":1613185230,"path_taken":["M","M","$","M","M","E","$","R","T","?","R","$","?","E"],"items_purchased_type":["Relic","Relic","Card","Card","Card","Card"],"build_version":"2020-12-22","purchased_purges":0,"victory":false,"max_hp_per_floor":[75,75,75,75,75,75,75,75,75,75,75,75,75,75,75],"relic_stats":{"counters":[6,19],"Shuriken":[0],"PreservedInsect":49,"Pen Nib":[0],"Chemical X":[2],"obtain_stats":[{"Shuriken":6,"PreservedInsect":3,"Pen Nib":9,"Chemical X":3,"Cracked Core":0},{"Shuriken":5,"PreservedInsect":2,"Pen Nib":5,"Chemical X":2,"Cracked Core":0},{"Shuriken":17,"PreservedInsect":4,"Pen Nib":17,"Chemical X":4,"Cracked Core":0}]},"card_choices":[{"not_picked":["Redo","Steam"],"picked":"Consume","floor":1},{"not_picked":["Barrage","Blizzard"],"picked":"Chill","floor":2},{"not_picked":["Go for the Eyes","Hello World"],"picked":"Double Energy","floor":4},{"not_picked":["Go for the Eyes","Ball Lightning"],"picked":"Melter","floor":5},{"not_picked":["Scrape","Genetic Algorithm"],"picked":"Tempest","floor":6}],"player_experience":137503,"relics_obtained":[{"floor":6,"key":"Shuriken"},{"floor":9,"key":"Pen Nib"}],"event_choices":[{"damage_healed":0,"gold_gain":63,"player_choice":"Gained Gold","damage_taken":0,"max_hp_gain":0,"max_hp_loss":0,"event_name":"Golden Wing","floor":10,"gold_loss":0},{"damage_healed":0,"gold_gain":0,"player_choice":"Entered Light","damage_taken":15,"max_hp_gain":0,"max_hp_loss":0,"event_name":"Shining Light","floor":13,"gold_loss":0,"cards_upgraded":["Consume","Double Energy"]}],"is_beta":false,"boss_relics":[],"items_purged_floors":[],"is_endless":false,"potions_floor_spawned":[2,6],"killed_by":"Lagavulin","ascension_level":3}}