{"host":"6azrrw3tf7wb0f4b","time":1613209298,"event":{"mods":["BaseMod","DeckTracker","Minty Spire (QoL Compilation)","SuperFastMode"],"gold_per_floor":[18,34,52,70,0,0,12,38,38,38,67,81,81,91,91,190,190,207,220,239,239,257,291,301,140,140,65,65,65,65,80,80,175,175,191,245,265,615,631,663,146,161,161,61,76,95,95,128,128,128],"floor_reached":51,"language":"KOR","playtime":4277,"items_purged":["Strike_B","Defend_B"],"score":808,"play_id":"8bed0fa5-93dd-4340-b76b-c486c03c6344","local_time":"20210213184138","is_ascension_mode":false,"campfire_choices":[{"data":"Zap","floor":6,"key":"SMITH"},{"data":"Gash","floor":10,"key":"SMITH"},{"data":"Dualcast","floor":15,"key":"SMITH"},{"data":"Panache","floor":28,"key":"SMITH"},{"data":"Beam Cell","floor":30,"key":"SMITH"},{"data":"Beam Cell","floor":32,"key":"SMITH"},{"data":"1","floor":49,"key":"LIFT"}],"circlet_count":0,"master_deck":["Defend_B","Zap+1","Dualcast+1","Panache+1","Gash+1","Scrape","Beam Cell+1","Beam Cell+1","Capacitor","Ball Lightning","Conserve Battery","Undo","Sweeping Beam","Scrape","All For One","Melter+1","Multi-Cast+1","Cold Snap+1","Go for the Eyes+1","Chill","Redo+1","Finesse","Reboot","Go for the Eyes+1","Steam","Recycle+1","Double Energy+1","FTL+1","Gash","Gash"],"relics":["Cracked Core","Mummified Hand","Shuriken","Odd Mushroom","Astrolabe","Question Card","Ornamental Fan","Fusion Hammer","Girya","Old Coin","Orichalcum","Bird Faced Urn","Juzu Bracelet","Bottled Flame","Pantograph"],"acts_visited":["Exordium","TheCity","TheBeyond"],"potions_floor_usage":[23,36,40,50],"damage_taken":[{"damage":2,"enemies":"Jaw Worm","floor":1,"turns":4},{"damage":7,"enemies":"Small Slimes","floor":2,"turns":4},{"damage":2,"enemies":"2 Louse","floor":3,"turns":3},{"damage":8,"enemies":"Red Slaver","floor":4,"turns":2},{"damage":10,"enemies":"Looter","floor":7,"turns":2},{"damage":11,"enemies":"Gremlin Nob","floor":8,"turns":3},{"damage":6,"enemies":"The Mushroom Lair","floor":11,"turns":3},{"damage":5,"enemies":"Exordium Wildlife","floor":12,"turns":2},{"damage":5,"enemies":"Gremlin Gang","floor":14,"turns":2},{"damage":0,"enemies":"Slime Boss","floor":16,"turns":7},{"damage":0,"enemies":"Spheric Guardian","floor":18,"turns":2},{"damage":0,"enemies":"3 Byrds","floor":19,"turns":2},{"damage":6,"enemies":"Centurion and Healer","floor":20,"turns":3},{"damage":10,"enemies":"3 Cultists","floor":22,"turns":4},{"damage":11,"enemies":"Book of Stabbing","floor":23,"turns":3},{"damage":6,"enemies":"Snecko","floor":24,"turns":4},{"damage":0,"enemies":"Centurion and Healer","floor":31,"turns":4},{"damage":38,"enemies":"Automaton","floor":33,"turns":7},{"damage":2,"enemies":"3 Shapes","floor":35,"turns":4},{"damage":2,"enemies":"2 Orb Walkers","floor":36,"turns":2},{"damage":8,"enemies":"3 Darklings","floor":37,"turns":2},{"damage":7,"enemies":"Mind Bloom Boss Battle","floor":38,"turns":5},{"damage":6,"enemies":"Spire Growth","floor":39,"turns":4},{"damage":20,"enemies":"Giant Head","floor":40,"turns":7},{"damage":17,"enemies":"Maw","floor":42,"turns":7},{"damage":0,"enemies":"Writhing Mass","floor":45,"turns":3},{"damage":0,"enemies":"Jaw Worm Horde","floor":46,"turns":2},{"damage":0,"enemies":"Reptomancer","floor":48,"turns":2},{"damage":26,"enemies":"Donu and Deca","floor":50,"turns":5}],"seed_played":"7782058494461764903","potions_obtained":[{"floor":1,"key":"Energy Potion"},{"floor":8,"key":"Energy Potion"},{"floor":11,"key":"BlessingOfTheForge"},{"floor":12,"key":"DistilledChaos"},{"floor":31,"key":"GamblersBrew"},{"floor":33,"key":"Swift Potion"},{"floor":36,"key":"PowerPotion"},{"floor":46,"key":"SmokeBomb"}],"is_trial":false,"path_per_floor":["M","M","M","M","$","R","M","E","T","R","?","M","$","M","R","B",null,"M","M","M","?","M","E","M","$","T","?","R","?","R","M","R","B",null,"M","?","M","?","M","E","$","M","T","$","M","M","?","E","R","B",null],"character_chosen":"DEFECT","items_purchased":["Capacitor","Finesse","Bird Faced Urn","Juzu Bracelet","FTL"],"campfire_rested":0,"item_purchase_floors":[5,25,41,41,41],"current_hp_per_floor":[73,66,64,56,56,56,46,35,35,35,29,24,24,19,19,19,75,75,75,69,69,59,48,42,42,42,42,42,42,42,42,42,4,75,73,71,63,56,50,30,30,15,15,15,19,21,21,25,25,28],"gold":128,"neow_bonus":"RANDOM_COLORLESS_2","is_daily":false,"chose_seed":false,"campfire_upgraded":6,"win_rate":0.0,"timestamp":1613209298,"path_taken":["M","M","M","M","$","R","M","E","T","R","?","M","$","M","R","BOSS","M","M","M","?","M","E","M","$","T","?","R","?","R","M","R","BOSS","M","?","M","?","M","E","?","M","T","$","M","M","?","E","R","BOSS"],"items_purchased_type":["Card","Card","Relic","Relic","Card"],"build_version":"2020-12-22","purchased_purges":2,"victory":true,"max_hp_per_floor":[75,75,75,75,75,75,75,75,75,75,75,75,75,75,75,75,75,75,75,75,75,75,75,75,75,75,75,75,75,75,75,75,75,75,75,75,75,75,75,75,75,75,75,75,75,75,75,75,75,75],"card_choices":[{"not_picked":["Violence","Sadistic Nature"],"picked":"Panache","floor":0},{"not_picked":["Steam Power","Cold Snap"],"picked":"Gash","floor":1},{"not_picked":["Compile Driver","Stack"],"picked":"Scrape","floor":2},{"not_picked":["Hologram","Conserve Battery"],"picked":"Beam Cell","floor":3},{"not_picked":["Scrape","Sweeping Beam"],"picked":"Beam Cell","floor":4},{"not_picked":["Barrage","Tempest"],"picked":"Ball Lightning","floor":7},{"not_picked":["Ball Lightning","Barrage"],"picked":"Conserve Battery","floor":8},{"not_picked":["Scrape","Go for the Eyes"],"picked":"Undo","floor":11},{"not_picked":["Storm","Barrage"],"picked":"Sweeping Beam","floor":12},{"not_picked":["Streamline","Beam Cell"],"picked":"Scrape","floor":14},{"not_picked":["Biased Cognition","Seek"],"picked":"All For One","floor":16},{"not_picked":["Sweeping Beam+1","Ball Lightning"],"picked":"Go for the Eyes+1","floor":18},{"not_picked":["Beam Cell","Sunder","Compile Driver"],"picked":"SKIP","floor":19},{"not_picked":["Force Field","Hello World","Static Discharge"],"picked":"SKIP","floor":20},{"not_picked":["Auto Shields","Defragment+1","Loop+1"],"picked":"SKIP","floor":22},{"not_picked":["Barrage","Go for the Eyes"],"picked":"Chill","floor":23},{"not_picked":["Multi-Cast","Leap","Sweeping Beam"],"picked":"Redo+1","floor":24},{"not_picked":["Go for the Eyes","Beam Cell","Rebound","Ball Lightning"],"picked":"SKIP","floor":31},{"not_picked":["Core Surge","Amplify","Meteor Strike"],"picked":"Reboot","floor":33},{"not_picked":["Recycle","Hologram","Leap"],"picked":"Go for the Eyes+1","floor":35},{"not_picked":["Conserve Battery+1","Consume+1","Doom and Gloom"],"picked":"Steam","floor":36},{"not_picked":["Core Surge","Sweeping Beam","Lockon"],"picked":"Recycle+1","floor":37},{"not_picked":["Steam Power","Loop+1","Barrage","Fusion+1"],"picked":"SKIP","floor":39},{"not_picked":["Hologram+1","Ball Lightning","Leap"],"picked":"Double Energy+1","floor":40},{"not_picked":["Steam Power+1","Stack","Ball Lightning"],"picked":"Gash","floor":42},{"not_picked":["Doom and Gloom","Barrage+1","Loop+1","Aggregate+1"],"picked":"SKIP","floor":45},{"not_picked":["Fusion+1","Sweeping Beam+1","Heatsinks+1","Tempest+1"],"picked":"SKIP","floor":46},{"not_picked":["Conserve Battery+1","Skim","Consume+1"],"picked":"Gash","floor":48}],"player_experience":779409,"relics_obtained":[{"floor":8,"key":"Mummified Hand"},{"floor":9,"key":"Shuriken"},{"floor":11,"key":"Odd Mushroom"},{"floor":23,"key":"Question Card"},{"floor":26,"key":"Ornamental Fan"},{"floor":36,"key":"Girya"},{"floor":38,"key":"Old Coin"},{"floor":40,"key":"Orichalcum"},{"floor":43,"key":"Bottled Flame"},{"floor":48,"key":"Pantograph"}],"event_choices":[{"damage_healed":0,"gold_gain":0,"player_choice":"Fought Mushrooms","damage_taken":0,"max_hp_gain":0,"max_hp_loss":0,"event_name":"Mushrooms","floor":11,"gold_loss":0},{"damage_healed":0,"gold_gain":0,"player_choice":"Ignored","damage_taken":0,"max_hp_gain":0,"max_hp_loss":0,"event_name":"Ghosts","floor":21,"gold_loss":0},{"cards_removed":["Defend_B"],"damage_healed":0,"gold_gain":0,"player_choice":"Gave Gold","damage_taken":0,"max_hp_gain":0,"max_hp_loss":0,"event_name":"Beggar","floor":27,"gold_loss":75},{"cards_removed":["Defend_B"],"damage_healed":0,"gold_gain":0,"player_choice":"Offered Basic","damage_taken":0,"max_hp_gain":0,"max_hp_loss":0,"event_name":"Bonfire Elementals","floor":29,"gold_loss":0},{"damage_healed":0,"gold_gain":0,"player_choice":"Fight","damage_taken":0,"max_hp_gain":0,"max_hp_loss":0,"event_name":"Mysterious Sphere","floor":36,"gold_loss":0},{"damage_healed":0,"gold_gain":0,"player_choice":"Fight","damage_taken":0,"max_hp_gain":0,"max_hp_loss":0,"event_name":"MindBloom","floor":38,"gold_loss":0},{"damage_healed":0,"gold_gain":0,"player_choice":"Forge","damage_taken":0,"max_hp_gain":0,"max_hp_loss":0,"event_name":"Accursed Blacksmith","floor":47,"gold_loss":0,"cards_upgraded":["FTL"]}],"is_beta":false,"boss_relics":[{"not_picked":["Cursed Key","Sozu"],"picked":"Astrolabe"},{"not_picked":["Pandora\u0027s Box","Busted Crown"],"picked":"Fusion Hammer"}],"items_purged_floors":[25,44],"is_endless":false,"potions_floor_spawned":[1,8,11,12,18,31,33,35,36,38,46],"ascension_level":0}}