{"host":"edndssuekvzbh3is","time":1613247519,"event":{"mods":["BaseMod","Colored Map","Colored Powertips","Minty Spire (QoL Compilation)","SuperFastMode"],"gold_per_floor":[113,113,127,140,111,138,138,168,220,220,230,230,249,249,249,344,344,363,363,363],"floor_reached":19,"language":"ENG","playtime":360,"items_purged":[],"score":251,"play_id":"d6e3258e-9fad-4956-a558-5a1c3f0a6d26","local_time":"20210213151839","is_ascension_mode":true,"campfire_choices":[{"floor":10,"key":"REST"},{"data":"Fire Breathing","floor":12,"key":"SMITH"},{"floor":15,"key":"REST"}],"circlet_count":0,"master_deck":["AscendersBane","Strike_R","Strike_R","Strike_R","Strike_R","Defend_R","Defend_R","Defend_R","Defend_R","Bash","Immolate","Dual Wield","Fire Breathing+1","Pommel Strike","Disarm","Wild Strike","Combust","Second Wind","Feed","Thunderclap"],"relics":["Burning Blood","Centennial Puzzle","Odd Mushroom","Strawberry","SacredBark"],"acts_visited":["Exordium","TheCity"],"potions_floor_usage":[],"damage_taken":[{"damage":0,"enemies":"2 Louse","floor":1,"turns":1},{"damage":7,"enemies":"Small Slimes","floor":3,"turns":3},{"damage":6,"enemies":"Cultist","floor":4,"turns":4},{"damage":66,"enemies":"Lagavulin","floor":6,"turns":7},{"damage":8,"enemies":"The Mushroom Lair","floor":8,"turns":4},{"damage":25,"enemies":"Large Slime","floor":11,"turns":4},{"damage":10,"enemies":"Looter","floor":13,"turns":3},{"damage":38,"enemies":"Slime Boss","floor":16,"turns":5},{"damage":20,"enemies":"Chosen","floor":18,"turns":5},{"damage":51,"enemies":"Shell Parasite","floor":19,"turns":5}],"seed_played":"-5072503209600139702","potions_obtained":[{"floor":4,"key":"SmokeBomb"},{"floor":8,"key":"Swift Potion"},{"floor":16,"key":"BlessingOfTheForge"}],"is_trial":false,"path_per_floor":["M","?","M","M","?","E","?","?","T","R","M","R","M","?","R","B",null,"M","M"],"character_chosen":"IRONCLAD","items_purchased":[],"campfire_rested":2,"item_purchase_floors":[],"current_hp_per_floor":[72,72,71,71,71,11,11,9,16,39,20,20,16,16,39,7,61,47,0,0],"gold":363,"neow_bonus":"THREE_RARE_CARDS","is_daily":false,"chose_seed":false,"campfire_upgraded":1,"win_rate":0.0,"timestamp":1613247519,"path_taken":["M","?","M","M","?","E","?","?","T","R","M","R","M","?","R","BOSS","M","?"],"items_purchased_type":[],"build_version":"2020-12-22","purchased_purges":0,"victory":false,"max_hp_per_floor":[72,72,72,72,72,72,72,72,79,79,79,79,79,79,79,79,79,79,79,79],"card_choices":[{"not_picked":["Berserk","Barricade"],"picked":"Immolate","floor":0},{"not_picked":["Flex","True Grit"],"picked":"Dual Wield","floor":1},{"not_picked":["Armaments","Havoc"],"picked":"Fire Breathing","floor":3},{"not_picked":["Sword Boomerang","Iron Wave"],"picked":"Pommel Strike","floor":4},{"not_picked":["Whirlwind","Perfected Strike"],"picked":"Disarm","floor":6},{"not_picked":["Dropkick","Sword Boomerang"],"picked":"Wild Strike","floor":8},{"not_picked":["Second Wind","Dropkick"],"picked":"Combust","floor":11},{"not_picked":["Burning Pact","Clothesline"],"picked":"Second Wind","floor":13},{"not_picked":["Juggernaut","Immolate"],"picked":"Feed","floor":16},{"not_picked":["Twin Strike+1","Armaments"],"picked":"Thunderclap","floor":18}],"player_experience":365401,"relics_obtained":[{"floor":6,"key":"Centennial Puzzle"},{"floor":8,"key":"Odd Mushroom"},{"floor":9,"key":"Strawberry"}],"event_choices":[{"damage_healed":0,"gold_gain":0,"player_choice":"Ignored","damage_taken":0,"max_hp_gain":0,"max_hp_loss":0,"event_name":"Golden Idol","floor":2,"gold_loss":0},{"damage_healed":0,"gold_gain":0,"player_choice":"Left Gold","damage_taken":0,"max_hp_gain":0,"max_hp_loss":0,"event_name":"World of Goop","floor":5,"gold_loss":29},{"damage_healed":0,"gold_gain":0,"player_choice":"Ignored","damage_taken":0,"max_hp_gain":0,"max_hp_loss":0,"event_name":"Shining Light","floor":7,"gold_loss":0},{"damage_healed":0,"gold_gain":0,"player_choice":"Fought Mushrooms","damage_taken":0,"max_hp_gain":0,"max_hp_loss":0,"event_name":"Mushrooms","floor":8,"gold_loss":0},{"cards_removed":["Strike_R"],"damage_healed":0,"gold_gain":0,"player_choice":"Offered Basic","damage_taken":0,"max_hp_gain":0,"max_hp_loss":0,"event_name":"Bonfire Elementals","floor":14,"gold_loss":0}],"is_beta":false,"boss_relics":[{"not_picked":["Ectoplasm","Tiny House"],"picked":"SacredBark"}],"items_purged_floors":[],"is_endless":false,"potions_floor_spawned":[4,8,16],"killed_by":"Shell Parasite","ascension_level":10}}