{"host":"ao4lxi9bhtts409i","time":1613238431,"event":{"mods":["AchievementEnabler","BaseMod","Colored Map","Colored Powertips","Minty Spire (QoL Compilation)","SuperFastMode"],"gold_per_floor":[112,126,126,53,63,63,88,106,106,106,118,118,153,171,171,274,274,292,217,217,233,248,275,275,291,339,374,374,391,391,420,420,519,519,534,534,11,0,50,50,80,96,96,125,125,137,152,163,163,163],"floor_reached":51,"language":"ENG","playtime":5304,"items_purged":["Strike_G"],"score":982,"play_id":"f155c7e7-b0f1-42df-8891-3a5cf474263c","local_time":"20210213184711","is_ascension_mode":true,"campfire_choices":[{"data":"1","floor":6,"key":"LIFT"},{"data":"2","floor":10,"key":"LIFT"},{"floor":12,"key":"REST"},{"data":"3","floor":15,"key":"LIFT"},{"data":"Blade Dance","floor":24,"key":"SMITH"},{"floor":28,"key":"REST"},{"data":"Calculated Gamble","floor":32,"key":"SMITH"},{"data":"Envenom","floor":40,"key":"SMITH"},{"data":"Prepared","floor":45,"key":"SMITH"},{"data":"Noxious Fumes","floor":49,"key":"SMITH"}],"circlet_count":0,"master_deck":["Strike_G","Strike_G","Strike_G","Defend_G","Defend_G+1","Defend_G","Defend_G","Defend_G+1","Survivor","Neutralize","Poisoned Stab","Masterful Stab","Footwork","Dagger Spray","Acrobatics","Leg Sweep","Glass Knife","Dodge and Roll","Footwork","Envenom+1","Dagger Spray+1","Blade Dance+1","Caltrops","Backflip","Accuracy+1","Noxious Fumes+1","Prepared+1","Ghostly","Ghostly","Ghostly","Ghostly","Ghostly","Calculated Gamble+1","Storm of Steel","Outmaneuver+1","Finisher","Terror+1","Caltrops+1","Cloak And Dagger+1"],"relics":["Ring of the Snake","Girya","Bronze Scales","War Paint","White Beast Statue","Runic Pyramid","Eternal Feather","Anchor","Centennial Puzzle","Blue Candle","WristBlade","Lee\u0027s Waffle","Bird Faced Urn","Red Mask","Mango","Calipers","Toy Ornithopter"],"acts_visited":["TheCity","TheBeyond"],"potions_floor_usage":[14,14,16,23,33,33,33,44,47,47],"damage_taken":[{"damage":5,"enemies":"Jaw Worm","floor":1,"turns":7},{"damage":4,"enemies":"Small Slimes","floor":2,"turns":3},{"damage":0,"enemies":"Cultist","floor":5,"turns":3},{"damage":33,"enemies":"3 Sentries","floor":7,"turns":9},{"damage":6,"enemies":"Large Slime","floor":8,"turns":4},{"damage":0,"enemies":"Red Slaver","floor":11,"turns":3},{"damage":10,"enemies":"Lagavulin","floor":13,"turns":5},{"damage":1,"enemies":"Exordium Wildlife","floor":14,"turns":6},{"damage":1,"enemies":"Hexaghost","floor":16,"turns":10},{"damage":8,"enemies":"2 Thieves","floor":18,"turns":4},{"damage":0,"enemies":"Chosen","floor":21,"turns":3},{"damage":5,"enemies":"Centurion and Healer","floor":22,"turns":6},{"damage":0,"enemies":"Gremlin Leader","floor":23,"turns":7},{"damage":9,"enemies":"Snake Plant","floor":25,"turns":4},{"damage":21,"enemies":"Book of Stabbing","floor":27,"turns":6},{"damage":3,"enemies":"3 Cultists","floor":29,"turns":5},{"damage":3,"enemies":"Slavers","floor":31,"turns":4},{"damage":31,"enemies":"Champ","floor":33,"turns":11},{"damage":20,"enemies":"3 Darklings","floor":35,"turns":3},{"damage":0,"enemies":"Mind Bloom Boss Battle","floor":39,"turns":5},{"damage":0,"enemies":"Reptomancer","floor":41,"turns":5},{"damage":0,"enemies":"3 Shapes","floor":42,"turns":2},{"damage":37,"enemies":"Giant Head","floor":44,"turns":7},{"damage":28,"enemies":"Spire Growth","floor":46,"turns":6},{"damage":16,"enemies":"Maw","floor":47,"turns":6},{"damage":0,"enemies":"3 Darklings","floor":48,"turns":2},{"damage":27,"enemies":"Donu and Deca","floor":50,"turns":8}],"seed_played":"5790687994468828469","potions_obtained":[{"floor":1,"key":"Poison Potion"},{"floor":8,"key":"Regen Potion"},{"floor":13,"key":"CunningPotion"},{"floor":14,"key":"GhostInAJar"},{"floor":16,"key":"Block Potion"},{"floor":18,"key":"CunningPotion"},{"floor":23,"key":"GamblersBrew"},{"floor":27,"key":"GamblersBrew"},{"floor":33,"key":"ColorlessPotion"},{"floor":35,"key":"Explosive Potion"},{"floor":39,"key":"Explosive Potion"},{"floor":41,"key":"Strength Potion"},{"floor":42,"key":"DuplicationPotion"},{"floor":44,"key":"SteroidPotion"},{"floor":47,"key":"SpeedPotion"},{"floor":48,"key":"Weak Potion"}],"is_trial":false,"path_per_floor":["M","M","?","$","M","R","E","M","T","R","M","R","E","M","R","B",null,"M","?","?","M","M","E","R","M","T","E","R","M","?","E","R","B",null,"M","?","$","?","?","R","E","M","T","E","R","M","M","M","R","B",null],"character_chosen":"THE_SILENT","items_purchased":["Footwork","Lee\u0027s Waffle","Bird Faced Urn"],"campfire_rested":2,"item_purchase_floors":[4,37,37],"current_hp_per_floor":[58,54,59,59,59,59,26,20,20,20,20,40,30,44,44,43,68,60,60,60,60,55,55,68,59,59,38,68,65,34,31,34,3,34,14,14,41,41,55,55,55,55,55,18,39,23,29,31,52,36],"gold":163,"neow_bonus":"ONE_RARE_RELIC","is_daily":false,"chose_seed":false,"campfire_upgraded":5,"win_rate":0.0,"timestamp":1613238431,"path_taken":["M","M","?","$","M","R","E","M","T","R","M","R","E","M","R","BOSS","M","?","?","M","M","E","R","M","T","E","R","M","?","E","R","BOSS","M","?","$","?","?","R","E","?","T","E","R","?","M","M","R","BOSS"],"items_purchased_type":["Card","Relic","Relic"],"build_version":"2020-12-22","purchased_purges":1,"victory":true,"max_hp_per_floor":[63,63,68,68,68,68,68,68,68,68,68,68,68,68,68,68,68,68,68,68,68,68,68,68,68,68,68,68,68,34,34,34,34,34,34,34,41,41,55,55,55,55,55,55,55,55,55,55,55,55],"card_choices":[{"not_picked":["Flechettes","Skewer"],"picked":"Poisoned Stab","floor":1},{"not_picked":["Flying Knee","Quick Slash"],"picked":"Masterful Stab","floor":2},{"not_picked":["Outmaneuver","Quick Slash"],"picked":"Dagger Spray","floor":5},{"not_picked":["Expertise","Dagger Throw"],"picked":"Acrobatics","floor":7},{"not_picked":["PiercingWail","Cloak And Dagger"],"picked":"Leg Sweep","floor":8},{"not_picked":["Sucker Punch","Slice"],"picked":"Glass Knife","floor":11},{"not_picked":["Flying Knee","Tactician"],"picked":"Dodge and Roll","floor":13},{"not_picked":["Backflip","Sucker Punch"],"picked":"Footwork","floor":14},{"not_picked":["Wraith Form v2","A Thousand Cuts"],"picked":"Envenom","floor":16},{"not_picked":["Dodge and Roll","Flying Knee"],"picked":"Dagger Spray+1","floor":18},{"not_picked":["Bane","Tactician"],"picked":"Caltrops","floor":21},{"not_picked":["Deflect","Sucker Punch"],"picked":"Backflip","floor":22},{"not_picked":["Bouncing Flask","Backstab"],"picked":"Accuracy+1","floor":23},{"not_picked":["Reflex+1","Outmaneuver"],"picked":"Noxious Fumes","floor":25},{"not_picked":["Flying Knee","Venomology","Dodge and Roll"],"picked":"SKIP","floor":27},{"not_picked":["Leg Sweep","Skewer"],"picked":"Prepared","floor":29},{"not_picked":["Cloak And Dagger+1","Dash"],"picked":"Calculated Gamble","floor":31},{"not_picked":["Malaise","Burst"],"picked":"Storm of Steel","floor":33},{"not_picked":["Setup+1","Deadly Poison"],"picked":"Outmaneuver+1","floor":35},{"not_picked":["Calculated Gamble","Quick Slash+1"],"picked":"Finisher","floor":39},{"not_picked":["Poisoned Stab","Deadly Poison+1","Underhanded Strike+1"],"picked":"SKIP","floor":41},{"not_picked":["Expertise","Underhanded Strike","Bane+1"],"picked":"SKIP","floor":42},{"not_picked":["Underhanded Strike+1","Calculated Gamble+1"],"picked":"Terror+1","floor":44},{"not_picked":["Crippling Poison","Flying Knee","Acrobatics+1"],"picked":"SKIP","floor":46},{"not_picked":["Dagger Spray+1","Heel Hook+1"],"picked":"Caltrops+1","floor":47},{"not_picked":["Tools of the Trade","Slice"],"picked":"Cloak And Dagger+1","floor":48}],"player_experience":293848,"relics_obtained":[{"floor":7,"key":"Bronze Scales"},{"floor":9,"key":"War Paint"},{"floor":13,"key":"White Beast Statue"},{"floor":23,"key":"Eternal Feather"},{"floor":26,"key":"Anchor"},{"floor":27,"key":"Centennial Puzzle"},{"floor":31,"key":"Blue Candle"},{"floor":39,"key":"Mango"},{"floor":41,"key":"Calipers"},{"floor":44,"key":"Toy Ornithopter"}],"event_choices":[{"damage_healed":0,"gold_gain":0,"player_choice":"Donut","damage_taken":0,"max_hp_gain":5,"max_hp_loss":0,"event_name":"Big Fish","floor":3,"gold_loss":0},{"cards_removed":["Strike_G"],"damage_healed":0,"gold_gain":0,"player_choice":"Gave Gold","damage_taken":0,"max_hp_gain":0,"max_hp_loss":0,"event_name":"Beggar","floor":19,"gold_loss":75},{"damage_healed":0,"gold_gain":0,"player_choice":"Read","damage_taken":0,"max_hp_gain":0,"max_hp_loss":0,"event_name":"The Library","floor":20,"gold_loss":0,"cards_obtained":["Blade Dance"]},{"damage_healed":0,"gold_gain":0,"player_choice":"Became a Ghost","damage_taken":0,"max_hp_gain":0,"max_hp_loss":34,"event_name":"Ghosts","floor":30,"gold_loss":0,"cards_obtained":["Ghostly","Ghostly","Ghostly","Ghostly","Ghostly"]},{"damage_healed":0,"gold_gain":0,"player_choice":"Memory 1","damage_taken":0,"max_hp_gain":0,"max_hp_loss":0,"event_name":"SensoryStone","floor":36,"gold_loss":0},{"damage_healed":0,"gold_gain":0,"player_choice":"Paid","damage_taken":0,"relics_obtained":["Red Mask"],"max_hp_gain":0,"max_hp_loss":0,"event_name":"Tomb of Lord Red Mask","floor":38,"gold_loss":11},{"damage_healed":0,"gold_gain":0,"player_choice":"Fight","damage_taken":0,"max_hp_gain":0,"max_hp_loss":0,"event_name":"MindBloom","floor":39,"gold_loss":0}],"is_beta":false,"boss_relics":[{"not_picked":["Runic Dome","Fusion Hammer"],"picked":"Runic Pyramid"},{"not_picked":["Tiny House","Sozu"],"picked":"WristBlade"}],"items_purged_floors":[37],"is_endless":false,"potions_floor_spawned":[1,8,13,14,16,18,21,22,23,25,27,29,31,33,35,39,41,42,44,46,47,48],"ascension_level":4}}