{"host":"jruzzdd1waq9u00d","time":1613198450,"event":{"mods":["BaseMod","Colored Map","Colored Powertips","DeckTracker","Downfall","Minty Spire (QoL Compilation)","Quick Restart","Relic Stats","StSLib","SuperFastMode"],"gold_per_floor":[99,110,128,128,141,159,182,20,37,37,51,51,51,51,70,70,70,70],"floor_reached":16,"language":"ENG","playtime":557,"items_purged":[],"score":94,"play_id":"7b03d3b6-fa60-4712-8c7d-86450721beaf","local_time":"20210213154050","is_ascension_mode":false,"campfire_choices":[{"data":"Guardian:TwinSlam","floor":1.0,"key":"SMITH"},{"data":"Guardian:BaubleBeam","floor":10.0,"key":"SMITH"},{"data":"Guardian:BodySlam","floor":13.0,"key":"SMITH"}],"circlet_count":0,"master_deck":["Guardian:Strike_Guardian","Guardian:Strike_Guardian","Guardian:Strike_Guardian","Guardian:Defend_Guardian","Guardian:Defend_Guardian","Guardian:Defend_Guardian","Guardian:CurlUp","Guardian:TwinSlam+1","Guardian:DonusPower+1","Guardian:PiercingHide","Guardian:PiercingHide","Guardian:BodySlam+1","Guardian:BaubleBeam+1","Guardian:ShieldCharger"],"relics":["Guardian:ModeShifter","Blood Vial","Membership Card"],"acts_visited":["Exordium"],"potions_floor_usage":[15],"damage_taken":[{"damage":5.0,"enemies":"2 Louse","floor":2.0,"turns":3.0},{"damage":6.0,"enemies":"Cultist","floor":3.0,"turns":4.0},{"damage":11.0,"enemies":"Jaw Worm","floor":5.0,"turns":3.0},{"damage":2.0,"enemies":"Blue Slaver","floor":6.0,"turns":4.0},{"damage":3.0,"enemies":"downfall:FleeingMerchant","floor":8.0,"turns":4.0},{"damage":13.0,"enemies":"Exordium Thugs","floor":9.0,"turns":4.0},{"damage":1.0,"enemies":"2 Fungi Beasts","floor":11.0,"turns":4.0},{"damage":15,"enemies":"Gremlin Gang","floor":15,"turns":3},{"damage":65,"enemies":"WA_ARCHETYPE_RETAIN","floor":16,"turns":10}],"seed_played":"2034102756279717468","potions_obtained":[{"floor":5.0,"key":"Weak Potion"},{"floor":6.0,"key":"champ:CounterPotion"},{"floor":9.0,"key":"SpeedPotion"}],"is_trial":false,"path_per_floor":["R","M","M","?","M","M","T","$","M","R","M","?","R","?","M","B"],"character_chosen":"GUARDIAN","items_purchased":["Membership Card"],"campfire_rested":0,"item_purchase_floors":[8],"current_hp_per_floor":[88,83,77,77,66,64,64,63,52,52,53,53,53,53,40,0,0,0],"gold":70,"neow_bonus":"TEN_PERCENT_HP_BONUS","is_daily":false,"chose_seed":false,"campfire_upgraded":3,"win_rate":0.0,"timestamp":1613198450,"path_taken":["R","M","M","?","M","M","T","$","M","R","?","?","R","?","M","BOSS"],"items_purchased_type":["Relic"],"build_version":"2020-12-22","purchased_purges":0,"victory":false,"max_hp_per_floor":[88,88,88,88,88,88,88,88,88,88,88,88,88,88,88,88,88,88],"relic_stats":{"Blood Vial":10,"counters":[9,39],"obtain_stats":[{"Blood Vial":7,"Guardian:ModeShifter":0,"Membership Card":8},{"Blood Vial":4,"Guardian:ModeShifter":0,"Membership Card":5},{"Blood Vial":14,"Guardian:ModeShifter":0,"Membership Card":18}]},"card_choices":[{"not_picked":["Guardian:CrystalBeam","Guardian:Suspension"],"picked":"Guardian:DonusPower","floor":2.0},{"not_picked":["Guardian:Planning","Guardian:Recover"],"picked":"Guardian:PiercingHide","floor":3.0},{"not_picked":["Guardian:Gem_Lightblue","Guardian:WalkerClaw","Guardian:Gem_Red"],"picked":"SKIP","floor":5.0},{"not_picked":["Guardian:Gem_Lightblue","Guardian:WalkerClaw","Guardian:Gem_Red"],"picked":"SKIP","floor":5.0},{"not_picked":["Guardian:TemporalStrike","Guardian:TimeBomb"],"picked":"Guardian:PiercingHide","floor":6.0},{"not_picked":["Guardian:Gem_Lightblue","Guardian:Recover"],"picked":"Guardian:BodySlam","floor":8.0},{"not_picked":["Guardian:PolyBeam","Guardian:BodySlam"],"picked":"Guardian:BaubleBeam","floor":9.0},{"not_picked":["Guardian:GuardianWhirl","Guardian:CrystalBeam","Guardian:PiercingHide"],"picked":"SKIP","floor":11.0},{"not_picked":["Guardian:Emergency","Guardian:TemporalStrike"],"picked":"Guardian:ShieldCharger","floor":15}],"player_experience":442171,"relics_obtained":[{"floor":7.0,"key":"Blood Vial"}],"event_choices":[],"is_beta":false,"boss_relics":[],"items_purged_floors":[],"is_endless":false,"potions_floor_spawned":[5,6,9],"killed_by":"WA_ARCHETYPE_RETAIN","ascension_level":0}}