{"host":"pqs17sqrgflf4eqa","time":1613190893,"event":{"mods":["AchievementEnabler","BaseMod","Bestiary","Better Altar","Better Match","Better Skull","Block Reminder","Bossed Relics","Colored Map","Colored Powertips","Curses Come First","Dark Map","DeckTracker","Defective Defect","Displayed Cursed Tome","Emptier Cage","Googly Eyes","Highlight Path","Minty Spire (QoL Compilation)","Quick Restart","Slay-I","StSLib","SuperFastMode","Synergy Search","Thieving Mod","Transform Curses","everything is the same but u backflip on backflip","slay the spire mod where everything is the same but ironclad has a cowboy hat"],"gold_per_floor":[119,119,131,131,150,150,18,43,125,125,157,169,194,206,206,304,304,319,418,82,95,95,95,129,129,129,154,168,168,186,197,197,296,296,307,73,123,137,154,154,181,193,216,0,0,13,13,25,25,25],"floor_reached":51,"language":"ENG","playtime":1402,"items_purged":[],"score":968,"play_id":"70c668bd-5ed0-468e-9241-52fc49eb6eb0","local_time":"20210212233453","is_ascension_mode":true,"campfire_choices":[{"data":"Wild Strike","floor":6,"key":"SMITH"},{"data":"Flex","floor":15,"key":"SMITH"},{"data":"Bash","floor":23,"key":"SMITH"},{"data":"Power Through","floor":29,"key":"SMITH"},{"data":"Twin Strike","floor":32,"key":"SMITH"},{"data":"Metallicize","floor":40,"key":"SMITH"},{"data":"Metallicize","floor":47,"key":"SMITH"},{"floor":49,"key":"REST"}],"circlet_count":0,"master_deck":["Strike_R+1","Strike_R+1","Strike_R+1","Strike_R+1","Strike_R+1","Defend_R+1","Defend_R+1","Defend_R+1","Defend_R+1","Bash+1","Flex+1","Wild Strike+1","Power Through+1","Inflame+1","Twin Strike+1","Shrug It Off+1","Sword Boomerang","Reckless Charge","Limit Break+1","Shrug It Off+1","Intimidate+1","Inflame+1","Infernal Blade+1","Battle Trance+1","Metallicize+1","Shrug It Off+1","Disarm+1","Metallicize+1","Ghostly Armor+1","Pommel Strike+1","Iron Wave+1"],"relics":["Burning Blood","NeowsBlessing","Bag of Marbles","Toxic Egg 2","Mango","Juzu Bracelet","Black Star","Akabeko","MutagenicStrength","Toy Ornithopter","Potion Belt","Meat on the Bone","Anchor","White Beast Statue","Runic Pyramid","HandDrill","Du-Vu Doll","Regal Pillow","StoneCalendar","Ancient Tea Set","Red Mask","Singing Bowl"],"acts_visited":["Exordium","TheCity","TheBeyond"],"potions_floor_usage":[8,16,21,24,27,27,30,33,35,38,38,38,38,38,38,38,39,39,41,41,46,50],"damage_taken":[{"damage":0,"enemies":"Jaw Worm","floor":1,"turns":1},{"damage":0,"enemies":"Cultist","floor":3,"turns":1},{"damage":0,"enemies":"2 Louse","floor":5,"turns":1},{"damage":24,"enemies":"3 Sentries","floor":8,"turns":6},{"damage":18,"enemies":"Gremlin Nob","floor":11,"turns":3},{"damage":11,"enemies":"Looter","floor":12,"turns":2},{"damage":20,"enemies":"3 Sentries","floor":13,"turns":5},{"damage":5,"enemies":"2 Fungi Beasts","floor":14,"turns":3},{"damage":17,"enemies":"Slime Boss","floor":16,"turns":8},{"damage":12,"enemies":"Chosen","floor":18,"turns":3},{"damage":19,"enemies":"3 Byrds","floor":21,"turns":6},{"damage":38,"enemies":"Gremlin Leader","floor":24,"turns":7},{"damage":9,"enemies":"Slavers","floor":27,"turns":4},{"damage":0,"enemies":"Snake Plant","floor":28,"turns":1},{"damage":1,"enemies":"Centurion and Healer","floor":30,"turns":4},{"damage":2,"enemies":"Snecko","floor":31,"turns":3},{"damage":24,"enemies":"Automaton","floor":33,"turns":6},{"damage":0,"enemies":"Orb Walker","floor":35,"turns":2},{"damage":36,"enemies":"2 Orb Walkers","floor":37,"turns":5},{"damage":5,"enemies":"3 Darklings","floor":38,"turns":4},{"damage":46,"enemies":"Transient","floor":39,"turns":5},{"damage":50,"enemies":"Giant Head","floor":41,"turns":8},{"damage":14,"enemies":"Maw","floor":42,"turns":8},{"damage":25,"enemies":"Jaw Worm Horde","floor":46,"turns":4},{"damage":0,"enemies":"Sphere and 2 Shapes","floor":48,"turns":5},{"damage":78,"enemies":"Time Eater","floor":50,"turns":13}],"seed_played":"4686251803921127599","potions_obtained":[{"floor":1,"key":"Dexterity Potion"},{"floor":5,"key":"BlessingOfTheForge"},{"floor":13,"key":"AttackPotion"},{"floor":21,"key":"Dexterity Potion"},{"floor":24,"key":"Energy Potion"},{"floor":28,"key":"BlessingOfTheForge"},{"floor":30,"key":"ElixirPotion"},{"floor":31,"key":"FearPotion"},{"floor":33,"key":"SpeedPotion"},{"floor":35,"key":"EntropicBrew"},{"floor":37,"key":"SkillPotion"},{"floor":38,"key":"SteroidPotion"},{"floor":39,"key":"AttackPotion"},{"floor":41,"key":"Dexterity Potion"},{"floor":42,"key":"PowerPotion"},{"floor":46,"key":"Swift Potion"},{"floor":48,"key":"SmokeBomb"}],"is_trial":false,"path_per_floor":["M","?","M","$","M","R","$","E","T","?","E","M","E","M","R","B",null,"M","?","$","M","?","R","E","?","T","E","M","R","M","M","R","B",null,"M","$","?","M","M","R","E","M","T","?","T","M","R","M","R","B",null],"character_chosen":"IRONCLAD","items_purchased":["Inflame","Twin Strike","Intimidate+1","Akabeko","Block Potion","Block Potion","Ghostly Armor+1","HandDrill"],"campfire_rested":1,"item_purchase_floors":[7,7,20,20,20,20,36,36],"current_hp_per_floor":[78,83,85,85,85,85,85,67,67,67,69,64,50,51,51,40,84,78,78,78,65,65,65,33,33,33,52,58,58,68,72,72,59,89,99,99,69,99,64,64,47,51,51,51,51,51,51,59,103,43],"gold":25,"neow_bonus":"THREE_ENEMY_KILL","is_daily":false,"chose_seed":false,"campfire_upgraded":7,"win_rate":0.0,"timestamp":1613190893,"path_taken":["M","?","M","$","M","R","$","E","T","?","E","?","E","M","R","BOSS","M","?","$","M","?","R","E","?","T","E","M","R","M","M","R","BOSS","M","$","?","M","M","R","E","M","T","?","?","M","R","M","R","BOSS"],"items_purchased_type":["Card","Card","Card","Relic","Potion","Potion","Card","Relic"],"build_version":"2020-12-22","purchased_purges":0,"victory":true,"max_hp_per_floor":[80,85,85,85,85,85,85,85,85,85,99,99,99,99,99,99,99,99,99,99,99,99,99,99,99,99,99,99,99,99,99,99,99,99,99,99,99,99,99,99,99,99,99,99,99,101,101,103,103,103],"card_choices":[{"not_picked":["Rage","Sword Boomerang"],"picked":"Flex","floor":1},{"not_picked":["Thunderclap","Havoc"],"picked":"Wild Strike","floor":3},{"not_picked":["Flame Barrier","Wild Strike"],"picked":"Power Through","floor":5},{"not_picked":["Shrug It Off","True Grit","Perfected Strike"],"picked":"SKIP","floor":8},{"not_picked":["Berserk","Headbutt"],"picked":"Shrug It Off+1","floor":11},{"not_picked":["Flex+1","Clothesline"],"picked":"Sword Boomerang","floor":12},{"not_picked":["Searing Blow","Uppercut"],"picked":"Reckless Charge","floor":13},{"not_picked":["Twin Strike","Clothesline"],"picked":"Limit Break+1","floor":14},{"not_picked":["Anger+1","Wild Strike+1"],"picked":"Shrug It Off+1","floor":18},{"not_picked":["True Grit+1","Clash"],"picked":"Inflame+1","floor":21},{"not_picked":["Fiend Fire","Clothesline"],"picked":"Infernal Blade+1","floor":24},{"not_picked":["Body Slam+1","Dual Wield+1"],"picked":"Battle Trance+1","floor":27},{"not_picked":["Cleave+1","Shockwave+1"],"picked":"Metallicize","floor":28},{"not_picked":["Thunderclap+1","Warcry+1"],"picked":"Shrug It Off+1","floor":30},{"not_picked":["Rage+1","Power Through+1"],"picked":"Disarm+1","floor":31},{"not_picked":["Pummel","Shrug It Off+1"],"picked":"Metallicize","floor":35},{"not_picked":["Warcry+1","Dual Wield+1","Body Slam"],"picked":"SKIP","floor":38},{"not_picked":["Clash+1","Pummel"],"picked":"Pommel Strike+1","floor":39},{"not_picked":["Clash+1","Brutality"],"picked":"Iron Wave+1","floor":41},{"not_picked":["Searing Blow+1","Thunderclap","Dark Embrace+1"],"picked":"SKIP","floor":42},{"not_picked":["Cleave","Evolve+1","Thunderclap"],"picked":"Singing Bowl","floor":46},{"not_picked":["Burning Pact+1","Cleave","Anger+1"],"picked":"Singing Bowl","floor":48}],"player_experience":183284,"relics_obtained":[{"floor":8,"key":"Bag of Marbles"},{"floor":9,"key":"Toxic Egg 2"},{"floor":11,"key":"Mango"},{"floor":13,"key":"Juzu Bracelet"},{"floor":24,"key":"Toy Ornithopter"},{"floor":24,"key":"Potion Belt"},{"floor":26,"key":"Meat on the Bone"},{"floor":27,"key":"Anchor"},{"floor":27,"key":"White Beast Statue"},{"floor":37,"key":"Du-Vu Doll"},{"floor":41,"key":"Regal Pillow"},{"floor":41,"key":"StoneCalendar"},{"floor":43,"key":"Ancient Tea Set"},{"floor":45,"key":"Singing Bowl"}],"event_choices":[{"damage_healed":0,"gold_gain":0,"player_choice":"Donut","damage_taken":0,"max_hp_gain":5,"max_hp_loss":0,"event_name":"Big Fish","floor":2,"gold_loss":0},{"damage_healed":0,"gold_gain":0,"player_choice":"Upgraded","damage_taken":0,"max_hp_gain":0,"max_hp_loss":0,"event_name":"Upgrade Shrine","floor":10,"gold_loss":0,"cards_upgraded":["Inflame"]},{"damage_healed":0,"gold_gain":99,"player_choice":"Stole From Cult","damage_taken":0,"max_hp_gain":0,"max_hp_loss":0,"event_name":"Nest","floor":19,"gold_loss":0},{"damage_healed":0,"gold_gain":0,"player_choice":"Inject Mutagens","damage_taken":0,"relics_obtained":["MutagenicStrength"],"max_hp_gain":0,"max_hp_loss":0,"event_name":"Drug Dealer","floor":22,"gold_loss":0},{"damage_healed":0,"gold_gain":0,"player_choice":"Simplicity","damage_taken":0,"max_hp_gain":0,"max_hp_loss":0,"event_name":"Back to Basics","floor":25,"gold_loss":0,"cards_upgraded":["Strike_R","Strike_R","Strike_R","Strike_R","Strike_R","Defend_R","Defend_R","Defend_R","Defend_R"]},{"damage_healed":0,"gold_gain":0,"player_choice":"Fight","damage_taken":0,"max_hp_gain":0,"max_hp_loss":0,"event_name":"Mysterious Sphere","floor":37,"gold_loss":0},{"damage_healed":0,"gold_gain":0,"player_choice":"Paid","damage_taken":0,"relics_obtained":["Red Mask"],"max_hp_gain":0,"max_hp_loss":0,"event_name":"Tomb of Lord Red Mask","floor":44,"gold_loss":216}],"is_beta":false,"boss_relics":[{"not_picked":["Black Blood","Tiny House"],"picked":"Black Star"},{"not_picked":["Empty Cage","Astrolabe"],"picked":"Runic Pyramid"}],"items_purged_floors":[],"is_endless":false,"potions_floor_spawned":[1,5,13,21,24,28,30,31,33,35,37,38,39,41,42,46,48],"ascension_level":6}}