{"host":"egwexuw5uvnxf11j","time":1613195203,"event":{"mods":["2.2 Compatiblity","Aspiration","BaseMod","Better Note","Better Sensory Stone","Better Third Choice","Displayed Cursed Tome","Downfall","Hermit","Key Reminder","Koishi","Marisa????????","Minty Spire (QoL Compilation)","Quick Restart","Shade Mod","Spicy Shops","StSLib","The Construct","The Cursed","The Runesmith","The Senshi","The Servant 0.9.4","Transform Curses"],"gold_per_floor":[109,109,122,141,141,141,141,171,171,44,44,54,85,105,105,204,204,214,232,246,260,39,39,64,79,102,102,121,121,121,521,521,620,620,637,656,109,122,422,422,451,451,451],"floor_reached":42,"language":"ENG","playtime":4872,"items_purged":[],"score":531,"play_id":"22021e75-39aa-4c68-b7d6-6e340afff40e","local_time":"20210213004643","is_ascension_mode":true,"campfire_choices":[{"data":"hermit:Headshot","floor":7,"key":"SMITH"},{"floor":11,"key":"REST"},{"floor":15,"key":"REST"},{"floor":23,"key":"REST"},{"floor":29,"key":"REST"},{"floor":30,"key":"REST"},{"floor":32,"key":"REST"},{"floor":40,"key":"REST"}],"circlet_count":0,"master_deck":["hermit:Strike_Hermit","hermit:Strike_Hermit","hermit:Strike_Hermit","hermit:Strike_Hermit","hermit:Defend_Hermit","hermit:Defend_Hermit","hermit:Defend_Hermit","hermit:Defend_Hermit","hermit:Snapshot","hermit:Covet","hermit:Deadeye","hermit:Headshot+1","hermit:Quickdraw","Apotheosis+1","hermit:WideOpen","hermit:TakeAim","hermit:EyeOfTheStorm","hermit:SprayPray","hermit:PistolWhip","hermit:Quickdraw","hermit:FatalDesire","Consecrate","hermit:Enervate+1","hermit:Glare","Devotion","hermit:Manifest","Pray","hermit:ShadowCloak","hermit:Feint+1","Ragnarok","hermit:Malice+1","hermit:Spite","hermit:Determination","hermit:Headshot","hermit:Snipe+1","hermit:Magnum"],"relics":["hermit:Momento","WingedGreaves","Runesmith:Nanobots","Bottled Flame","keyreminder:keyreminder","aspiration:WatcherSkillbook","HandDrill","Anchor","Question Card","aspiration:ChemicalBlood","Old Coin","Letter Opener","construct:WeddingRing","Potion Belt","Pen Nib","Ancient Tea Set","Bag of Preparation"],"acts_visited":["Exordium","TheCity","TheBeyond"],"potions_floor_usage":[3,13,14,16,16,18,20,21,21,24,28,31,31,31,33,33,33,38,38,41,41,41,41,41,42],"damage_taken":[{"damage":6,"enemies":"2 Louse","floor":1,"turns":3},{"damage":6,"enemies":"Cultist","floor":3,"turns":3},{"damage":0,"enemies":"Small Slimes","floor":4,"turns":3},{"damage":16,"enemies":"Gremlin Nob","floor":8,"turns":3},{"damage":2,"enemies":"Blue Slaver","floor":12,"turns":2},{"damage":37,"enemies":"3 Sentries","floor":13,"turns":5},{"damage":17,"enemies":"Lots of Slimes","floor":14,"turns":4},{"damage":32,"enemies":"Hexaghost","floor":16,"turns":8},{"damage":10,"enemies":"Spheric Guardian","floor":18,"turns":3},{"damage":24,"enemies":"3 Byrds","floor":19,"turns":5},{"damage":19,"enemies":"3 Cultists","floor":20,"turns":5},{"damage":2,"enemies":"Snecko","floor":21,"turns":4},{"damage":12,"enemies":"Book of Stabbing","floor":24,"turns":4},{"damage":7,"enemies":"Snake Plant","floor":25,"turns":4},{"damage":32,"enemies":"3 Cultists","floor":28,"turns":6},{"damage":18,"enemies":"Colosseum Slavers","floor":31,"turns":3},{"damage":21,"enemies":"Colosseum Nobs","floor":31,"turns":5},{"damage":57,"enemies":"Automaton","floor":33,"turns":7},{"damage":13,"enemies":"3 Darklings","floor":35,"turns":4},{"damage":35,"enemies":"3 Shapes","floor":36,"turns":5},{"damage":18,"enemies":"Spire Growth","floor":38,"turns":5},{"damage":41,"enemies":"Reptomancer","floor":41,"turns":6},{"damage":7,"enemies":"3 Darklings","floor":42,"turns":2}],"seed_played":"-8346768563835681329","potions_obtained":[{"floor":2,"key":"Regen Potion"},{"floor":2,"key":"construct:ShiftPotion"},{"floor":2,"key":"AttackPotion"},{"floor":3,"key":"Regen Potion"},{"floor":13,"key":"Regen Potion"},{"floor":14,"key":"champ:CounterPotion"},{"floor":16,"key":"construct:ShiftPotion"},{"floor":19,"key":"EntropicBrew"},{"floor":20,"key":"Fruit Juice"},{"floor":25,"key":"bronze:BurnAndBuffPotion"},{"floor":28,"key":"hermit:Tonic"},{"floor":28,"key":"Energy Potion"},{"floor":31,"key":"DistilledChaos"},{"floor":38,"key":"FearPotion"},{"floor":41,"key":"AttackPotion"}],"is_trial":false,"path_per_floor":["M","?","M","M","?","?","R","E","T","$","R","M","E","M","R","B",null,"M","M","M","M","$","R","E","M","T","?","M","R","R","?","R","B",null,"M","M","$","M","?","R","E","M"],"character_chosen":"HERMIT","items_purchased":["hermit:TakeAim","hermit:EyeOfTheStorm","HandDrill","Anchor","hermit:Determination","hermit:Headshot","Potion Belt","Pen Nib","Ancient Tea Set"],"campfire_rested":7,"item_purchase_floors":[10,10,22,22,37,37,37,37,37],"current_hp_per_floor":[76,76,70,70,70,78,78,62,62,62,82,80,48,31,55,38,82,72,48,34,44,44,70,58,51,51,51,19,45,71,32,58,1,87,74,39,39,21,21,47,6,0,0],"gold":451,"neow_bonus":"TEN_PERCENT_HP_BONUS","is_daily":false,"chose_seed":false,"campfire_upgraded":1,"win_rate":0.0,"timestamp":1613195203,"path_taken":["M","?","?","?","?","?","R","E","T","$","R","M","E","M","R","BOSS","M","?","M","M","$","R","E","M","T","?","M","R","R","?","R","BOSS","M","M","$","M","?","R","E","M"],"items_purchased_type":["Card","Card","Relic","Relic","Card","Card","Relic","Relic","Relic"],"build_version":"2020-12-22","purchased_purges":0,"victory":false,"max_hp_per_floor":[82,82,82,82,82,82,82,82,82,82,82,82,82,82,82,82,82,82,82,87,87,87,87,87,87,87,87,87,87,87,87,87,87,87,87,87,87,87,87,87,87,87,87],"card_choices":[{"not_picked":["hermit:Vantage","hermit:GoldenBullet"],"picked":"hermit:Deadeye","floor":1},{"not_picked":["hermit:CursedWeapon","hermit:HoleUp"],"picked":"hermit:Headshot","floor":3},{"not_picked":["hermit:Glare","hermit:DeadMansHand"],"picked":"hermit:Quickdraw","floor":4},{"not_picked":["hermit:Desperado","hermit:SprayPray"],"picked":"hermit:WideOpen","floor":8},{"not_picked":["hermit:Showdown","hermit:TakeAim"],"picked":"hermit:SprayPray","floor":12},{"not_picked":["hermit:Quickdraw","hermit:LuckOfTheDraw"],"picked":"hermit:PistolWhip","floor":13},{"not_picked":["hermit:Showdown","hermit:HeroicBravado"],"picked":"hermit:Quickdraw","floor":14},{"not_picked":["hermit:Gambit","hermit:OverwhelmingPower"],"picked":"hermit:FatalDesire","floor":16},{"not_picked":["Halt","hermit:SprayPray","FollowUp+1"],"picked":"Consecrate","floor":18},{"not_picked":["hermit:Misfire","hermit:PistolWhip","hermit:Ricochet"],"picked":"hermit:Enervate+1","floor":19},{"not_picked":["CutThroughFate","Sanctity","FollowUp"],"picked":"hermit:Glare","floor":20},{"not_picked":["hermit:Headshot+1","hermit:TrackingShot","PathToVictory"],"picked":"Devotion","floor":21},{"not_picked":["hermit:Combo","Worship","hermit:WideOpen"],"picked":"hermit:Manifest","floor":24},{"not_picked":["hermit:Roulette+1","Vengeance","hermit:Manifest","FlurryOfBlows"],"picked":"Pray","floor":25},{"not_picked":["SandsOfTime","WaveOfTheHand","hermit:TakeCover","hermit:CalledShot"],"picked":"hermit:ShadowCloak","floor":28},{"not_picked":["hermit:TakeAim+1","Protect","ClearTheMind","hermit:ShadowCloak"],"picked":"hermit:Feint+1","floor":31},{"not_picked":["hermit:Dissolve","hermit:OverwhelmingPower","hermit:Adapt","hermit:HeroicBravado"],"picked":"Ragnarok","floor":33},{"not_picked":["Perseverance+1","Crescendo","hermit:FullyLoaded","BowlingBash"],"picked":"hermit:Malice+1","floor":35},{"not_picked":["TalkToTheHand+1","Evaluate","hermit:Quickdraw","FearNoEvil+1"],"picked":"hermit:Spite","floor":36},{"not_picked":["hermit:Dive+1","hermit:TrackingShot+1","FollowUp+1","EmptyFist+1"],"picked":"hermit:Snipe+1","floor":38},{"not_picked":["hermit:Dive","hermit:Ricochet+1","Indignation","LikeWater+1"],"picked":"hermit:Magnum","floor":41}],"player_experience":2065687,"relics_obtained":[{"floor":8,"key":"WingedGreaves"},{"floor":9,"key":"Runesmith:Nanobots"},{"floor":13,"key":"Bottled Flame"},{"floor":24,"key":"Question Card"},{"floor":26,"key":"aspiration:ChemicalBlood"},{"floor":31,"key":"Old Coin"},{"floor":31,"key":"Letter Opener"},{"floor":41,"key":"Bag of Preparation"}],"event_choices":[{"damage_healed":0,"gold_gain":0,"player_choice":"Got Potions","damage_taken":0,"max_hp_gain":0,"max_hp_loss":0,"event_name":"Lab","floor":2,"gold_loss":0},{"damage_healed":70,"gold_gain":0,"player_choice":"Embrace","damage_taken":0,"max_hp_gain":0,"max_hp_loss":82,"event_name":"betterThird:BetterShining","floor":5,"gold_loss":0},{"damage_healed":0,"gold_gain":0,"player_choice":"Ignored","damage_taken":0,"max_hp_gain":0,"max_hp_loss":0,"event_name":"Beggar","floor":27,"gold_loss":0},{"damage_healed":0,"gold_gain":0,"player_choice":"Fight","damage_taken":0,"max_hp_gain":0,"max_hp_loss":0,"event_name":"Colosseum","floor":31,"gold_loss":0},{"damage_healed":0,"gold_gain":0,"player_choice":"Fought Nobs","damage_taken":0,"max_hp_gain":0,"max_hp_loss":0,"event_name":"Colosseum","floor":31,"gold_loss":0},{"damage_healed":0,"gold_gain":300,"player_choice":"Gold","damage_taken":0,"max_hp_gain":0,"max_hp_loss":0,"event_name":"Wheel of Change","floor":39,"gold_loss":0}],"is_beta":false,"boss_relics":[{"not_picked":["Ectoplasm","aspiration:SecretTechniqueScroll"],"picked":"aspiration:WatcherSkillbook"},{"not_picked":["SlaversCollar","Pandora\u0027s Box"],"picked":"construct:WeddingRing"}],"items_purged_floors":[],"is_endless":false,"potions_floor_spawned":[3,13,14,16,19,20,25,28,31,38,41],"killed_by":"3 Darklings","ascension_level":1}}