{"host":"kh6fvhxn285ncg0o","time":1613240260,"event":{"mods":["Act Like it!","BaseMod","Colored Map","Friendly Minions","Keyboard Shortcuts","Minty Spire (QoL Compilation)","Quick Restart","Relic Stats","StSLib","SuperFastMode","UnlockEverythingMod"],"gold_per_floor":[110,35,35,35,53,53,87,87,87,110,123,154,79,90,90,168,168,179,179,179],"floor_reached":19,"language":"KOR","playtime":321,"items_purged":["Strike_R"],"score":400,"play_id":"bc0c1478-1a7d-4244-b176-8a599f97f2de","local_time":"20210214031740","is_ascension_mode":true,"campfire_choices":[{"data":"Spot Weakness","floor":6.0,"key":"SMITH"},{"data":"Body Slam","floor":15,"key":"SMITH"}],"circlet_count":0,"master_deck":["AscendersBane","Strike_R","Strike_R","Defend_R","Defend_R","Defend_R","Defend_R","Bash+1","Burning Pact","Spot Weakness+1","Impervious","Evolve","Body Slam+1","Pummel","Impervious","Shrug It Off","Injury"],"relics":["Burning Blood","NeowsBlessing","Tiny Chest","Akabeko","Ornamental Fan","MealTicket","Art of War","Sozu"],"acts_visited":["Exordium","TheCity"],"potions_floor_usage":[18],"damage_taken":[{"damage":0.0,"enemies":"Small Slimes","floor":1.0,"turns":1.0},{"damage":0.0,"enemies":"Cultist","floor":5.0,"turns":1.0},{"damage":0.0,"enemies":"3 Sentries","floor":7.0,"turns":2.0},{"damage":3.0,"enemies":"2 Louse","floor":11.0,"turns":3.0},{"damage":32.0,"enemies":"Lagavulin","floor":12.0,"turns":6.0},{"damage":1.0,"enemies":"Looter","floor":14.0,"turns":2.0},{"damage":25,"enemies":"Hexaghost","floor":16,"turns":8},{"damage":3,"enemies":"3 Byrds","floor":18,"turns":6}],"seed_played":"-8097964316497069205","potions_obtained":[{"floor":1.0,"key":"ColorlessPotion"},{"floor":12.0,"key":"SmokeBomb"},{"floor":16,"key":"AttackPotion"}],"is_trial":false,"path_per_floor":["M","$","?","?","M","R","E","?","T","T","M","E","?","M","R","B",null,"M","?"],"character_chosen":"IRONCLAD","items_purchased":[],"campfire_rested":0,"item_purchase_floors":[],"current_hp_per_floor":[74,74,56,56,62,62,68,61,61,61,64,38,38,43,43,24,62,65,65,65],"gold":179,"neow_bonus":"THREE_ENEMY_KILL","is_daily":false,"chose_seed":false,"campfire_upgraded":2,"win_rate":0.0,"timestamp":1613240260,"path_taken":["M","$","?","?","?","R","E","?","T","?","M","E","?","M","R","BOSS","M","?"],"items_purchased_type":[],"build_version":"2020-12-22","purchased_purges":1,"victory":false,"max_hp_per_floor":[75,75,75,75,75,75,75,75,75,75,75,75,75,75,75,75,75,75,75,75],"relic_stats":{"Sozu":1,"counters":[8,29],"Ornamental Fan":[12],"Tiny Chest":1,"MealTicket":0,"Art of War":[4],"obtain_stats":[{"Sozu":17,"NeowsBlessing":0,"Ornamental Fan":9,"Tiny Chest":3,"MealTicket":10,"Art of War":12,"Burning Blood":0,"Akabeko":7},{"Sozu":7,"NeowsBlessing":0,"Ornamental Fan":3,"Tiny Chest":1,"MealTicket":3,"Art of War":5,"Burning Blood":0,"Akabeko":3},{"Sozu":23,"NeowsBlessing":0,"Ornamental Fan":4,"Tiny Chest":1,"MealTicket":4,"Art of War":13,"Burning Blood":0,"Akabeko":4}],"Burning Blood":48},"card_choices":[{"not_picked":["Cleave","Iron Wave"],"picked":"Burning Pact","floor":1.0},{"not_picked":["Clothesline","Armaments"],"picked":"Spot Weakness","floor":5.0},{"not_picked":["Sever Soul","Flex"],"picked":"Impervious","floor":7.0},{"not_picked":["Headbutt","Feel No Pain"],"picked":"Evolve","floor":11.0},{"not_picked":["Cleave","Warcry"],"picked":"Body Slam","floor":12.0},{"not_picked":["Juggernaut","Thunderclap"],"picked":"Pummel","floor":14},{"not_picked":["Exhume","Limit Break"],"picked":"Impervious","floor":16},{"not_picked":["Flex","Body Slam+1"],"picked":"Shrug It Off","floor":18}],"player_experience":1384897,"relics_obtained":[{"floor":7.0,"key":"Akabeko"},{"floor":9.0,"key":"Ornamental Fan"},{"floor":10.0,"key":"MealTicket"},{"floor":12.0,"key":"Art of War"}],"event_choices":[{"damage_healed":0.0,"max_hp_gain":0.0,"max_hp_loss":0.0,"gold_gain":0.0,"event_name":"Scrap Ooze","player_choice":"Success","floor":3.0,"gold_loss":0.0,"damage_taken":18.0,"relics_obtained":["Tiny Chest"]},{"damage_healed":0.0,"max_hp_gain":0.0,"max_hp_loss":0.0,"gold_gain":0.0,"event_name":"Upgrade Shrine","player_choice":"Upgraded","floor":4.0,"gold_loss":0.0,"damage_taken":0.0,"cards_upgraded":["Bash"]},{"cards_removed":["Strike_R"],"damage_healed":0.0,"max_hp_gain":0.0,"max_hp_loss":0.0,"gold_gain":0.0,"event_name":"Golden Wing","player_choice":"Card Removal","floor":8.0,"gold_loss":0.0,"damage_taken":7.0},{"cards_removed":["Strike_R"],"damage_healed":0.0,"max_hp_gain":0.0,"max_hp_loss":0.0,"gold_gain":0.0,"event_name":"The Cleric","player_choice":"Card Removal","floor":13.0,"gold_loss":75.0,"damage_taken":0.0}],"is_beta":false,"boss_relics":[{"not_picked":["Snecko Eye","Tiny House"],"picked":"Sozu"}],"items_purged_floors":[2],"is_endless":false,"potions_floor_spawned":[1,12,16,18],"ascension_level":20}}