{"host":"5f3w3xqo483bhjcu","time":1613227909,"event":{"mods":["Act Like it!","BaseMod","KinomotoSakuraMod(ƒæ÷Æ±æ”£)","Koishi","Marisa£®ÏF”Í°°ƒß¿Ì…≥£©","Minty Spire (QoL Compilation)","Reimu£®≤©¿ˆ¡È√Œ£©","Remilia£®¿Ÿ√◊¿Ú—«£©","StSLib","The Servant 0.9.4","Waifu the Spire","WarShipGirlsR/’ΩΩ¢…Ÿ≈ÆR mod","Yakumo Yukari mod","Youmu£®ªÍ∆«—˝√Œ£©","Yuyuko","[IsaacMod]“‘»ˆº‚À˛","°æ“≈ŒÔø®≈∆°øREMEMod"],"gold_per_floor":[114,114,36,36,47,47,81,93,116,78,104,104,136,136,136,209,209,219,219,219,230,108,142,162,189,189,189,218,218,233,267,267,346,346,358,295,310,310,184,184,218,218,218,236,249,279,36,50,50,50],"floor_reached":51,"language":"ZHS","playtime":1432,"items_purged":["Strike_R","Defend_R","Sentinel","Strike_R"],"score":1727,"play_id":"974a549c-08fc-4fff-b2f8-0cee078de2e7","local_time":"20210213225149","is_ascension_mode":true,"campfire_choices":[{"data":"Immolate","floor":6,"key":"SMITH"},{"data":"DoctorFetus","floor":12,"key":"SMITH"},{"data":"REME_ACTH","floor":15,"key":"SMITH"},{"data":"Armaments","floor":29,"key":"SMITH"},{"data":"Double Tap","floor":32,"key":"SMITH"},{"data":"Carnage","floor":40,"key":"SMITH"},{"data":"Thunderclap","floor":42,"key":"SMITH"},{"data":"Secret Technique","floor":49,"key":"SMITH"}],"circlet_count":0,"master_deck":["AscendersBane","Strike_R","Defend_R","Defend_R","Bash","DoctorFetus+1","Immolate+1","Double Tap+1","Armaments+1","Thunderclap+1","REME_ACTH+1","Carnage+1","Secret Technique+1"],"relics":["Burning Blood","REME_ComplimentaryCards","HushsDoor","SteamSale","Oddly Smooth Stone","Akabeko","Omamori","BookOfRevelations","PreservedInsect","Empty Cage","JudasShadow","Orichalcum","Meat on the Bone","REME_IWantAll","Toy Ornithopter","Strawberry","Vajra","Philosopher\u0027s Stone","DeathBook","Bottled Lightning","Pear","GuppysPaw","BelialBook"],"acts_visited":["Exordium","TheCity","TheBeyond"],"potions_floor_usage":[7,20,23,28,31,35,41],"damage_taken":[{"damage":5,"enemies":"Small Slimes","floor":1,"turns":2},{"damage":4,"enemies":"Cultist","floor":5,"turns":4},{"damage":12,"enemies":"Gremlin Nob","floor":7,"turns":3},{"damage":0,"enemies":"2 Louse","floor":8,"turns":1},{"damage":32,"enemies":"Lagavulin","floor":11,"turns":4},{"damage":2,"enemies":"3 Sentries","floor":13,"turns":1},{"damage":2,"enemies":"Slime Boss","floor":16,"turns":5},{"damage":2,"enemies":"Spheric Guardian","floor":18,"turns":2},{"damage":0,"enemies":"Shell Parasite","floor":20,"turns":1},{"damage":22,"enemies":"Centurion and Healer","floor":21,"turns":3},{"damage":22,"enemies":"Book of Stabbing","floor":23,"turns":5},{"damage":25,"enemies":"Snecko","floor":24,"turns":4},{"damage":2,"enemies":"REME_1_Revenger","floor":25,"turns":2},{"damage":23,"enemies":"Slavers","floor":28,"turns":2},{"damage":0,"enemies":"3 Cultists","floor":30,"turns":1},{"damage":0,"enemies":"Book of Stabbing","floor":31,"turns":2},{"damage":36,"enemies":"Automaton","floor":33,"turns":8},{"damage":8,"enemies":"Orb Walker","floor":35,"turns":2},{"damage":30,"enemies":"3 Shapes","floor":37,"turns":2},{"damage":40,"enemies":"Nemesis","floor":41,"turns":3},{"damage":24,"enemies":"Transient","floor":44,"turns":5},{"damage":0,"enemies":"4 Shapes","floor":45,"turns":1},{"damage":0,"enemies":"Reptomancer","floor":46,"turns":2},{"damage":2,"enemies":"Sphere and 2 Shapes","floor":48,"turns":1},{"damage":72,"enemies":"Time Eater","floor":50,"turns":5}],"seed_played":"-7158346729011117400","potions_obtained":[{"floor":5,"key":"Fire Potion"},{"floor":7,"key":"GamblersBrew"},{"floor":8,"key":"SmokeBomb"},{"floor":21,"key":"SkillPotion"},{"floor":23,"key":"MagicPotion:ReiMu"},{"floor":28,"key":"BlessingOfTheForge"},{"floor":33,"key":"AttackPotion"},{"floor":35,"key":"REME_GoldPotion"},{"floor":44,"key":"PanachePotion"},{"floor":45,"key":"BlessingOfTheForge"},{"floor":46,"key":"Energy Potion"}],"is_trial":false,"path_per_floor":["M","?","$","?","M","R","E","M","T","$","E","R","E","?","R","B",null,"M","?","M","M","$","E","M","E","T","?","E","R","M","E","R","B",null,"M","$","M","?","$","R","E","R","T","M","M","E","$","M","R","B",null],"character_chosen":"IRONCLAD","items_purchased":["Oddly Smooth Stone","JudasShadow","Orichalcum","DeathBook","BelialBook","Secret Technique"],"campfire_rested":0,"item_purchase_floors":[3,17,22,39,47,47],"current_hp_per_floor":[69,69,69,69,71,71,65,71,71,71,45,45,49,54,54,58,65,67,67,67,51,51,35,28,44,44,44,51,51,57,68,68,50,68,71,71,47,47,47,47,30,30,40,34,52,58,58,62,62,1],"gold":50,"neow_bonus":"ONE_RANDOM_RARE_CARD","is_daily":false,"chose_seed":false,"campfire_upgraded":8,"win_rate":0.0,"timestamp":1613227909,"path_taken":["M","?","$","?","?","R","E","M","T","?","E","R","E","?","R","BOSS","M","?","?","M","$","E","M","E","T","?","E","R","?","E","R","BOSS","M","$","M","?","$","R","E","R","T","M","M","E","$","M","R","BOSS"],"items_purchased_type":["Relic","Relic","Relic","Relic","Relic","Card"],"build_version":"2020-12-22","purchased_purges":4,"victory":true,"max_hp_per_floor":[75,75,75,75,75,75,75,75,75,75,75,75,75,80,80,80,67,67,67,67,67,67,67,67,67,67,67,74,74,74,74,74,74,74,74,74,74,74,74,74,74,74,84,84,84,84,84,84,84,1],"card_choices":[{"not_picked":[],"picked":"DoctorFetus","floor":0},{"not_picked":["Sever Soul","Pummel"],"picked":"Double Tap","floor":1},{"not_picked":["Perfected Strike","Body Slam","REME_FearOfPain"],"picked":"SKIP","floor":5},{"not_picked":["Feel No Pain","Dark Embrace"],"picked":"Armaments","floor":7},{"not_picked":["Havoc","Anger"],"picked":"Thunderclap","floor":8},{"not_picked":["Cleave","Warcry"],"picked":"REME_ACTH","floor":11},{"not_picked":["Perfected Strike","Rupture","Armaments"],"picked":"SKIP","floor":13},{"not_picked":["Clothesline","Heavy Blade","Fire Breathing"],"picked":"SKIP","floor":18},{"not_picked":["Shockwave","Evolve","Anger"],"picked":"SKIP","floor":21},{"not_picked":["Clothesline","Combust","Cleave"],"picked":"SKIP","floor":23},{"not_picked":["Pommel Strike","Shrug It Off"],"picked":"Carnage","floor":24},{"not_picked":["Sever Soul","Fire Breathing","Metallicize"],"picked":"SKIP","floor":25},{"not_picked":["Heavy Blade","Whirlwind","REME_Scribble"],"picked":"SKIP","floor":28},{"not_picked":["Thunderclap","Demon Form","Headbutt"],"picked":"SKIP","floor":30},{"not_picked":["Sword Boomerang","Demon Form","Rupture"],"picked":"SKIP","floor":31},{"not_picked":["True Grit+1","Clothesline+1","Pommel Strike+1"],"picked":"SKIP","floor":35},{"not_picked":["Dropkick","Headbutt","Carnage"],"picked":"SKIP","floor":37},{"not_picked":["Sever Soul+1","Flex","Havoc"],"picked":"SKIP","floor":41},{"not_picked":["Warcry","Twin Strike","Ghostly Armor"],"picked":"SKIP","floor":44},{"not_picked":["Rage","Havoc+1","REME_FearOfPain"],"picked":"SKIP","floor":45},{"not_picked":["Berserk","Shockwave+1","Metallicize"],"picked":"SKIP","floor":46},{"not_picked":["Havoc","Flame Barrier","Spot Weakness"],"picked":"SKIP","floor":48}],"player_experience":404113,"relics_obtained":[{"floor":7,"key":"Akabeko"},{"floor":9,"key":"Omamori"},{"floor":11,"key":"BookOfRevelations"},{"floor":13,"key":"PreservedInsect"},{"floor":23,"key":"Meat on the Bone"},{"floor":25,"key":"REME_IWantAll"},{"floor":26,"key":"Toy Ornithopter"},{"floor":28,"key":"Strawberry"},{"floor":31,"key":"Vajra"},{"floor":41,"key":"Bottled Lightning"},{"floor":43,"key":"Pear"},{"floor":46,"key":"GuppysPaw"}],"event_choices":[{"damage_healed":0,"gold_gain":0,"player_choice":"Donut","damage_taken":0,"max_hp_gain":5,"max_hp_loss":0,"event_name":"Big Fish","floor":14,"gold_loss":0},{"damage_healed":0,"gold_gain":0,"player_choice":"Ignored","damage_taken":0,"max_hp_gain":0,"max_hp_loss":0,"event_name":"Vampires","floor":19,"gold_loss":0},{"damage_healed":0,"gold_gain":0,"cards_transformed":["Strike_R"],"player_choice":"Transformed","damage_taken":0,"max_hp_gain":0,"max_hp_loss":0,"event_name":"Transmorgrifier","floor":27,"gold_loss":0,"cards_obtained":["Sentinel"]}],"is_beta":false,"boss_relics":[{"not_picked":["SlaversCollar","Runic Cube"],"picked":"Empty Cage"},{"not_picked":[]},{"not_picked":["REME_ChargedStone","Busted Crown"],"picked":"Philosopher\u0027s Stone"},{"not_picked":[]}],"items_purged_floors":[10,22,36,47],"is_endless":false,"potions_floor_spawned":[5,7,8,21,23,28,33,35,44,45,46],"ascension_level":15}}