{"host":"1vy6j31128f61x2z","time":1613240525,"event":{"mods":["AchievementEnabler","BaseMod","Colored Powertips","Minty Spire (QoL Compilation)","Permanent Neow"],"gold_per_floor":[117,130,144,69,87,87,103,132,157,217,246,246,261,295,295,398,398,409,508,229,229,245,274,285,285,285],"floor_reached":25,"language":"ENG","playtime":949,"items_purged":["Regret"],"score":292,"play_id":"19c774f4-a348-4021-bbf6-01e21445a088","local_time":"20210213132205","is_ascension_mode":true,"campfire_choices":[{"data":"Shrug It Off","floor":6.0,"key":"SMITH"},{"data":"Wild Strike","floor":12.0,"key":"SMITH"},{"data":"Disarm","floor":15,"key":"SMITH"}],"circlet_count":0,"master_deck":["Strike_R","Strike_R","Strike_R","Strike_R","Strike_R","Defend_R","Defend_R","Defend_R","Defend_R","Bash+1","Fiend Fire+1","Fire Breathing","Cleave","Wild Strike+1","Shrug It Off+1","Disarm+1","Second Wind","Iron Wave","Clothesline","Evolve","Offering","Fire Breathing","Dark Embrace","True Grit","Fiend Fire+1","Uppercut+1","Bludgeon+1","Spot Weakness+1"],"relics":["Burning Blood","Akabeko","Potion Belt","Bag of Marbles","Whetstone","Black Star","Lantern","Gremlin Horn","Molten Egg 2"],"acts_visited":["Exordium","TheCity"],"potions_floor_usage":[14,23],"damage_taken":[{"damage":9.0,"enemies":"Jaw Worm","floor":1.0,"turns":5.0},{"damage":1.0,"enemies":"2 Louse","floor":2.0,"turns":2.0},{"damage":0.0,"enemies":"Cultist","floor":3.0,"turns":2.0},{"damage":12.0,"enemies":"2 Fungi Beasts","floor":5.0,"turns":4.0},{"damage":6.0,"enemies":"Lots of Slimes","floor":7.0,"turns":2.0},{"damage":13.0,"enemies":"Lagavulin","floor":8.0,"turns":7.0},{"damage":15.0,"enemies":"3 Sentries","floor":11.0,"turns":6.0},{"damage":0,"enemies":"Exordium Thugs","floor":13,"turns":2},{"damage":7,"enemies":"Gremlin Nob","floor":14,"turns":3},{"damage":41,"enemies":"Hexaghost","floor":16,"turns":10},{"damage":20,"enemies":"2 Thieves","floor":18,"turns":4},{"damage":7,"enemies":"3 Byrds","floor":22,"turns":5},{"damage":35,"enemies":"Book of Stabbing","floor":23,"turns":5},{"damage":20,"enemies":"3 Cultists","floor":24,"turns":5},{"damage":22,"enemies":"Slavers","floor":25,"turns":2}],"seed_played":"-2584609034045743451","potions_obtained":[{"floor":1.0,"key":"Strength Potion"},{"floor":3.0,"key":"SkillPotion"},{"floor":8.0,"key":"Block Potion"},{"floor":11.0,"key":"PowerPotion"},{"floor":13,"key":"Energy Potion"},{"floor":22,"key":"Explosive Potion"},{"floor":23,"key":"Dexterity Potion"}],"is_trial":false,"path_per_floor":["M","M","M","$","M","R","M","E","T","?","E","R","M","E","R","B",null,"M","?","$","?","M","E","M","E"],"character_chosen":"IRONCLAD","items_purchased":["Dark Embrace","Lantern","True Grit"],"campfire_rested":0,"item_purchase_floors":[20,20,20],"current_hp_per_floor":[77,80,80,80,74,74,74,67,67,67,58,58,64,63,63,28,80,66,66,66,66,65,36,22,0,0],"gold":285,"neow_bonus":"THREE_RARE_CARDS","is_daily":false,"chose_seed":false,"campfire_upgraded":3,"win_rate":0.0,"timestamp":1613240525,"path_taken":["M","M","M","$","M","R","M","E","T","?","E","R","M","E","R","BOSS","M","?","$","?","?","E","M","E"],"items_purchased_type":["Card","Relic","Card"],"build_version":"2020-12-22","purchased_purges":1,"victory":false,"max_hp_per_floor":[80,80,80,80,80,80,80,80,80,80,80,80,80,80,80,80,80,80,80,80,80,80,80,80,80,80],"card_choices":[{"not_picked":["Impervious","Juggernaut"],"picked":"Fiend Fire","floor":0.0},{"not_picked":["Pommel Strike","Body Slam"],"picked":"Fire Breathing","floor":1.0},{"not_picked":["Combust","Berserk"],"picked":"Cleave","floor":2.0},{"not_picked":["Headbutt","Thunderclap"],"picked":"Wild Strike","floor":3.0},{"not_picked":["Pommel Strike","Clothesline"],"picked":"Shrug It Off","floor":5.0},{"not_picked":["Rampage","Twin Strike"],"picked":"Disarm","floor":7.0},{"not_picked":["Anger","Headbutt"],"picked":"Second Wind","floor":8.0},{"not_picked":["Berserk","Havoc"],"picked":"Iron Wave","floor":11.0},{"not_picked":["Havoc","Perfected Strike"],"picked":"Clothesline","floor":13},{"not_picked":["Cleave","Flex"],"picked":"Evolve","floor":14},{"not_picked":["Bludgeon","Double Tap"],"picked":"Offering","floor":16},{"not_picked":["Headbutt","Spot Weakness"],"picked":"Fire Breathing","floor":18},{"not_picked":["Rupture","Headbutt+1"],"picked":"Uppercut+1","floor":22},{"not_picked":["Exhume","Havoc"],"picked":"Bludgeon+1","floor":23},{"not_picked":["Evolve","Wild Strike+1"],"picked":"Spot Weakness+1","floor":24}],"player_experience":76870,"relics_obtained":[{"floor":8.0,"key":"Akabeko"},{"floor":9.0,"key":"Potion Belt"},{"floor":11.0,"key":"Bag of Marbles"},{"floor":14,"key":"Whetstone"},{"floor":23,"key":"Gremlin Horn"},{"floor":23,"key":"Molten Egg 2"}],"event_choices":[{"damage_healed":0.0,"max_hp_gain":0.0,"max_hp_loss":0.0,"gold_gain":60.0,"event_name":"Golden Wing","player_choice":"Gained Gold","floor":10.0,"gold_loss":0.0,"damage_taken":0.0},{"damage_healed":0,"gold_gain":99,"player_choice":"Stole From Cult","damage_taken":0,"max_hp_gain":0,"max_hp_loss":0,"event_name":"Nest","floor":19,"gold_loss":0},{"damage_healed":0,"gold_gain":0,"player_choice":"Copied","damage_taken":0,"max_hp_gain":0,"max_hp_loss":0,"event_name":"Duplicator","floor":21,"gold_loss":0,"cards_obtained":["Fiend Fire"]}],"is_beta":false,"boss_relics":[{"not_picked":["Runic Pyramid","Busted Crown"],"picked":"Black Star"}],"items_purged_floors":[4],"is_endless":false,"potions_floor_spawned":[1,3,8,11,13,22,23],"killed_by":"Slavers","ascension_level":4}}