{"host":"dnvpprmy3abbf89m","time":1613258618,"event":{"mods":["BaseMod","Colored Map","Minty Spire (QoL Compilation)","StSLib"],"gold_per_floor":[114,389,136,155,166,166,166,197,232,244,270,67,102,277,277,277,277],"floor_reached":16,"language":"ENG","playtime":1085,"items_purged":["Regret","Strike_G"],"score":173,"play_id":"4b85f425-645b-4d08-8b6f-31542a9ee202","local_time":"20210214002338","is_ascension_mode":true,"campfire_choices":[{"data":"Deadly Poison","floor":6.0,"key":"SMITH"},{"floor":15.0,"key":"REST"}],"circlet_count":0,"master_deck":["AscendersBane","Strike_G","Strike_G","Strike_G","Defend_G+1","Defend_G","Defend_G","Defend_G","Defend_G","Survivor","Neutralize","Doppelganger","Terror+1","Leg Sweep+1","Noxious Fumes","Deadly Poison+1","Distraction","Backstab","Footwork","Footwork","Doubt"],"relics":["Ring of the Snake","Membership Card","MawBank","Bronze Scales","Pear","PreservedInsect"],"acts_visited":["Exordium"],"potions_floor_usage":[],"damage_taken":[{"damage":0.0,"enemies":"Jaw Worm","floor":1.0,"turns":5.0},{"damage":5.0,"enemies":"Cultist","floor":4.0,"turns":5.0},{"damage":1.0,"enemies":"2 Louse","floor":5.0,"turns":3.0},{"damage":2.0,"enemies":"Lagavulin","floor":8.0,"turns":6.0},{"damage":7.0,"enemies":"Large Slime","floor":11.0,"turns":7.0},{"damage":35.0,"enemies":"Gremlin Nob","floor":13.0,"turns":5.0},{"damage":33,"enemies":"Slime Boss","floor":16,"turns":16}],"seed_played":"-1197791756744654432","potions_obtained":[{"floor":4.0,"key":"Fire Potion"},{"floor":11.0,"key":"GamblersBrew"}],"is_trial":false,"path_per_floor":["M","?","$","M","M","R","?","E","T","?","M","$","E","?","R","B"],"character_chosen":"THE_SILENT","items_purchased":["Membership Card","Leg Sweep","Noxious Fumes","Footwork","Pear"],"campfire_rested":1,"item_purchase_floors":[3,3,3,12,12],"current_hp_per_floor":[63,63,63,58,57,57,43,41,41,41,34,44,9,9,33,0,0],"gold":277,"neow_bonus":"TRANSFORM_CARD","is_daily":false,"chose_seed":false,"campfire_upgraded":1,"win_rate":0.0,"timestamp":1613258618,"path_taken":["M","?","$","?","M","R","?","E","T","?","M","$","E","?","R","BOSS"],"items_purchased_type":["Relic","Card","Card","Card","Relic"],"build_version":"2020-12-22","purchased_purges":2,"victory":false,"max_hp_per_floor":[70,70,70,70,70,70,70,70,70,70,70,80,80,80,80,80,80],"card_choices":[{"not_picked":["Outmaneuver","Blade Dance"],"picked":"Terror","floor":1.0},{"not_picked":["Expertise","Finisher","Dagger Throw"],"picked":"SKIP","floor":4.0},{"not_picked":["Flying Knee","Backflip"],"picked":"Deadly Poison","floor":5.0},{"not_picked":["Leg Sweep","Infinite Blades"],"picked":"Distraction","floor":8.0},{"not_picked":["Bane","Endless Agony"],"picked":"Backstab","floor":11.0},{"not_picked":["Leg Sweep","Calculated Gamble"],"picked":"Footwork","floor":13.0}],"player_experience":858296,"relics_obtained":[{"floor":8.0,"key":"MawBank"},{"floor":9.0,"key":"Bronze Scales"},{"floor":13.0,"key":"PreservedInsect"}],"event_choices":[{"damage_healed":0.0,"max_hp_gain":0.0,"max_hp_loss":0.0,"gold_gain":275.0,"event_name":"Golden Shrine","player_choice":"Desecrate","floor":2.0,"gold_loss":0.0,"damage_taken":0.0,"cards_obtained":["Regret"]},{"damage_healed":0.0,"max_hp_gain":0.0,"max_hp_loss":0.0,"gold_gain":0.0,"event_name":"Shining Light","player_choice":"Entered Light","floor":7.0,"gold_loss":0.0,"damage_taken":14.0,"cards_upgraded":["Defend_G","Terror"]},{"damage_healed":0.0,"max_hp_gain":0.0,"max_hp_loss":0.0,"gold_gain":0.0,"event_name":"Living Wall","player_choice":"Grow","floor":10.0,"gold_loss":0.0,"damage_taken":0.0,"cards_upgraded":["Leg Sweep"]},{"damage_healed":0.0,"max_hp_gain":0.0,"max_hp_loss":0.0,"gold_gain":175.0,"event_name":"Liars Game","player_choice":"AGREE","floor":14.0,"gold_loss":0.0,"damage_taken":0.0,"cards_obtained":["Doubt"]}],"is_beta":false,"boss_relics":[],"items_purged_floors":[3,12],"is_endless":false,"potions_floor_spawned":[4,11],"killed_by":"Slime Boss","ascension_level":12}}