{"host":"8d3fefv2347kqkpz","time":1613255181,"event":{"mods":["AchievementEnabler","Act Like it!","BaseMod","Better Vampires","Colored Map","Colored Powertips","Downfall","GifTheSpireLib","Highlight Path","Minty Spire (QoL Compilation)","Quick Restart","Rare Cards Sparkle","Relic Stats","Replay The Spire","Spicy Shops","StSLib","Waifu the Spire"],"gold_per_floor":[117,130,130,144,156,187,204,204,228,252,70,89,128,145,145,240,240,251,265,34,34,53,53,88,55,55,55,154,79,89,109,109,211,211,231,244,144,162,176,176,209,209,235,175,14,14,29,56,56,56],"floor_reached":51,"language":"ZHS","playtime":1902,"items_purged":["Strike_R","Strike_R"],"score":781,"play_id":"7b437e14-99a7-4ff6-b691-2ac9e81ff515","local_time":"20210214062621","is_ascension_mode":false,"campfire_choices":[{"data":"Apotheosis","floor":15.0,"key":"SMITH"},{"data":"Metallicize","floor":23,"key":"SMITH"},{"floor":32,"key":"REST"},{"floor":40,"key":"REST"},{"floor":42,"key":"REST"},{"floor":46,"key":"REST"},{"floor":49,"key":"REST"}],"circlet_count":0,"master_deck":["Strike_R","Defend_R","Defend_R","Defend_R","Bash","ReplayTheSpireMod:Muscle Training","Disarm","Offering","Intimidate","Apotheosis+1","Whirlwind+1","Metallicize+1","ReplayTheSpireMod:Stacked","True Grit+1","Double Tap","Pummel+1","Sword Boomerang+1","Ghostly Armor+1","Demonic Infusion","Clash","Metallicize","Disarm"],"relics":["Burning Blood","Pantograph","Replay:Baseball","MawBank","Iron Hammer","Sozu","Strawberry","Paper Frog","Ice Cream","Red Skull"],"acts_visited":["Exordium","TheCity","TheBeyond"],"potions_floor_usage":[41],"damage_taken":[{"damage":5.0,"enemies":"Small Slimes","floor":1.0,"turns":3.0},{"damage":3.0,"enemies":"Cultist","floor":2.0,"turns":5.0},{"damage":4.0,"enemies":"Jaw Worm","floor":4.0,"turns":4.0},{"damage":4.0,"enemies":"Looter","floor":5.0,"turns":4.0},{"damage":30.0,"enemies":"Lagavulin","floor":6.0,"turns":6.0},{"damage":8.0,"enemies":"Large Slime","floor":7.0,"turns":8.0},{"damage":21.0,"enemies":"Exordium Wildlife","floor":10.0,"turns":6.0},{"damage":0.0,"enemies":"2 Fungi Beasts","floor":12.0,"turns":4.0},{"damage":10.0,"enemies":"Gremlin Gang","floor":14.0,"turns":4.0},{"damage":31.0,"enemies":"Slime Boss","floor":16.0,"turns":7.0},{"damage":11.0,"enemies":"Shell Parasite","floor":18.0,"turns":5.0},{"damage":3.0,"enemies":"Chosen","floor":19.0,"turns":4.0},{"damage":16,"enemies":"Centurion and Healer","floor":22,"turns":6},{"damage":16,"enemies":"Book of Stabbing","floor":24,"turns":6},{"damage":9,"enemies":"Snake Plant","floor":30,"turns":4},{"damage":2,"enemies":"Snecko","floor":31,"turns":6},{"damage":65,"enemies":"Automaton","floor":33,"turns":13},{"damage":6,"enemies":"3 Darklings","floor":35,"turns":4},{"damage":2,"enemies":"3 Shapes","floor":36,"turns":10},{"damage":31,"enemies":"Spire Growth","floor":38,"turns":6},{"damage":6,"enemies":"3 Darklings","floor":39,"turns":3},{"damage":78,"enemies":"Giant Head","floor":41,"turns":9},{"damage":2,"enemies":"Writhing Mass","floor":47,"turns":6},{"damage":14,"enemies":"Nemesis","floor":48,"turns":7},{"damage":48,"enemies":"Time Eater","floor":50,"turns":18}],"seed_played":"-5547396624525041776","potions_obtained":[{"floor":2.0,"key":"GamblersBrew"},{"floor":4.0,"key":"DuplicationPotion"},{"floor":5.0,"key":"SteroidPotion"},{"floor":16.0,"key":"AttackPotion"}],"is_trial":false,"path_per_floor":["M","M","?","M","M","E","M","?","T","M","$","M","?","M","R","B",null,"M","M","$","?","M","R","E","$","T","?","?","?","M","M","R","B",null,"M","M","$","M","M","R","E","R","T","?","$","R","M","E","R","B",null],"character_chosen":"IRONCLAD","items_purchased":["Apotheosis","Whirlwind","Metallicize","ReplayTheSpireMod:Stacked","Metallicize","Disarm"],"campfire_rested":5,"item_purchase_floors":[11,20,20,25,45,45],"current_hp_per_floor":[88,88,88,88,88,64,62,62,62,47,47,53,31,27,27,27,88,83,86,86,86,76,76,73,73,73,73,73,73,70,74,95,36,95,95,95,95,70,70,95,23,51,51,51,51,79,83,75,95,53],"gold":56,"neow_bonus":"TEN_PERCENT_HP_BONUS","is_daily":false,"chose_seed":false,"campfire_upgraded":2,"win_rate":0.0,"timestamp":1613255181,"path_taken":["M","M","?","?","M","E","M","?","T","M","$","M","?","?","R","BOSS","M","M","$","?","?","R","E","$","T","?","?","?","M","M","R","BOSS","M","M","$","M","M","R","E","R","T","?","$","R","M","E","R","BOSS"],"items_purchased_type":["Card","Card","Card","Card","Card","Card"],"build_version":"2020-12-22","purchased_purges":2,"victory":true,"max_hp_per_floor":[88,88,88,88,88,88,88,88,88,88,88,88,88,88,88,88,88,88,88,88,88,88,88,95,95,95,95,95,95,95,95,95,95,95,95,95,95,95,95,95,95,95,95,95,95,95,95,95,95,95],"relic_stats":{"Sozu":4,"counters":[25,158],"Pantograph":25,"MawBank":24,"obtain_stats":[{"Sozu":17,"Ice Cream":41,"Replay:Baseball":8,"Pantograph":6,"Strawberry":24,"Iron Hammer":13,"MawBank":9,"Burning Blood":0,"Red Skull":43,"Paper Frog":26},{"Sozu":10,"Ice Cream":22,"Replay:Baseball":6,"Pantograph":5,"Strawberry":14,"Iron Hammer":8,"MawBank":6,"Burning Blood":0,"Red Skull":22,"Paper Frog":14},{"Sozu":51,"Ice Cream":127,"Replay:Baseball":30,"Pantograph":22,"Strawberry":72,"Iron Hammer":40,"MawBank":30,"Burning Blood":0,"Red Skull":127,"Paper Frog":72}],"Burning Blood":138},"card_choices":[{"not_picked":["Armaments","Cleave"],"picked":"ReplayTheSpireMod:Muscle Training","floor":1.0},{"not_picked":["Clothesline","Rampage","Sever Soul"],"picked":"SKIP","floor":2.0},{"not_picked":["Havoc","Heavy Blade"],"picked":"Disarm","floor":4.0},{"not_picked":["Burning Pact","Flame Barrier"],"picked":"Offering","floor":5.0},{"not_picked":["Massacre","Heavy Blade"],"picked":"Intimidate","floor":6.0},{"not_picked":["Heavy Blade","Thunderclap","Life Link"],"picked":"SKIP","floor":7.0},{"not_picked":["Armaments","Defy Death","Thunderclap"],"picked":"SKIP","floor":10.0},{"not_picked":["Heavy Blade","Flex","Clothesline"],"picked":"SKIP","floor":12.0},{"not_picked":["ReplayTheSpireMod:Muscle Training","Iron Wave"],"picked":"Cleave","floor":13.0},{"not_picked":["ReplayTheSpireMod:Limb From Limb","Pommel Strike","ReplayTheSpireMod:Strike From Hell"],"picked":"SKIP","floor":14.0},{"not_picked":["Dropkick","Flame Barrier","Wild Strike+1"],"picked":"SKIP","floor":18.0},{"not_picked":["Armaments+1","Cleave","Run Through"],"picked":"SKIP","floor":19},{"not_picked":["Anger","Warcry","Thunderclap+1"],"picked":"SKIP","floor":22},{"not_picked":["Warcry","Pommel Strike+1","Replay:Undeath\u0027s Touch"],"picked":"SKIP","floor":24},{"not_picked":["Rage","Clothesline+1"],"picked":"True Grit+1","floor":30},{"not_picked":["True Grit+1","Defy Death+1","Exhume"],"picked":"SKIP","floor":31},{"not_picked":["Brutality","Impervious"],"picked":"Double Tap","floor":33},{"not_picked":["Heavy Blade","Whirlwind","Anger"],"picked":"SKIP","floor":35},{"not_picked":["Armaments+1","Anger"],"picked":"Pummel+1","floor":36},{"not_picked":["Iron Wave","ReplayTheSpireMod:Strike From Hell"],"picked":"Sword Boomerang+1","floor":38},{"not_picked":["True Grit+1","Intimidate"],"picked":"Ghostly Armor+1","floor":39},{"not_picked":["Clothesline+1","Bloodletting+1","Clash"],"picked":"SKIP","floor":41},{"not_picked":["Twin Strike+1","Anger","Dark Embrace+1"],"picked":"SKIP","floor":47},{"not_picked":["Body Slam+1","Defy Death+1","Carnage+1"],"picked":"SKIP","floor":48}],"player_experience":364011,"relics_obtained":[{"floor":6.0,"key":"Pantograph"},{"floor":9.0,"key":"MawBank"},{"floor":13.0,"key":"Iron Hammer"},{"floor":24,"key":"Strawberry"},{"floor":26,"key":"Paper Frog"},{"floor":41,"key":"Ice Cream"},{"floor":43,"key":"Red Skull"}],"event_choices":[{"cards_removed":["Strike_R"],"damage_healed":0.0,"max_hp_gain":0.0,"max_hp_loss":0.0,"gold_gain":0.0,"event_name":"Bonfire Elementals","player_choice":"Offered Basic","floor":3.0,"gold_loss":0.0,"damage_taken":0.0},{"damage_healed":0.0,"max_hp_gain":0.0,"max_hp_loss":0.0,"gold_gain":0.0,"event_name":"Dead Adventurer","player_choice":"Searched \u00272\u0027 times","floor":8.0,"gold_loss":0.0,"damage_taken":0.0,"relics_obtained":["Replay:Baseball"]},{"damage_healed":0,"gold_gain":0,"player_choice":"Forge","damage_taken":0,"max_hp_gain":0,"max_hp_loss":0,"event_name":"Accursed Blacksmith","floor":21,"gold_loss":0,"cards_upgraded":["Whirlwind"]},{"damage_healed":0,"gold_gain":0,"player_choice":"Ignored","damage_taken":0,"max_hp_gain":0,"max_hp_loss":0,"event_name":"Ghosts","floor":27,"gold_loss":0},{"damage_healed":0,"gold_gain":99,"player_choice":"Stole From Cult","damage_taken":0,"max_hp_gain":0,"max_hp_loss":0,"event_name":"Nest","floor":28,"gold_loss":0},{"cards_removed":["Strike_R"],"damage_healed":0,"gold_gain":0,"player_choice":"Gave Gold","damage_taken":0,"max_hp_gain":0,"max_hp_loss":0,"event_name":"Beggar","floor":29,"gold_loss":75},{"damage_healed":0,"gold_gain":0,"cards_transformed":["Defend_R","Cleave"],"player_choice":"Transformed Cards","damage_taken":0,"max_hp_gain":0,"max_hp_loss":0,"event_name":"Designer","floor":44,"gold_loss":60,"cards_obtained":["Demonic Infusion","Clash"]}],"is_beta":false,"boss_relics":[{"not_picked":["Runic Dome","Fusion Hammer"],"picked":"Sozu"},{"not_picked":["Snecko Eye","Cursed Key","Electric Blood"]}],"items_purged_floors":[20,37],"is_endless":false,"potions_floor_spawned":[2,4,5,14,16,24,31,38,47],"ascension_level":0}}