{"host":"b5r6gg6ck525pc4v","time":1613243805,"event":{"mods":["BaseMod","Minty Spire (QoL Compilation)","Quick Restart","StSLib"],"gold_per_floor":[116,66,82,98,117,117,117,131,131,131,164,177,25,44,44,146,146,112,62,62,62,73,73,73],"floor_reached":23,"language":"KOR","playtime":662,"items_purged":[],"score":222,"play_id":"d3c42823-b5c7-4015-9bfa-9c10c5f0bceb","local_time":"20210214041645","is_ascension_mode":true,"campfire_choices":[{"floor":6,"key":"RECALL"},{"floor":10,"key":"REST"},{"floor":15,"key":"REST"}],"circlet_count":0,"master_deck":["Strike_P","Strike_P+1","Strike_P","Strike_P","Defend_P+1","Defend_P+1","Defend_P","Eruption+1","Vigilance","WindmillStrike+1","Establishment","Establishment","SashWhip","SashWhip","Protect"],"relics":["HolyWater","Sundial","Toy Ornithopter","War Paint"],"acts_visited":["Exordium","TheCity"],"potions_floor_usage":[11,23],"damage_taken":[{"damage":7,"enemies":"2 Louse","floor":1,"turns":3},{"damage":0,"enemies":"Small Slimes","floor":3,"turns":2},{"damage":2,"enemies":"Jaw Worm","floor":4,"turns":3},{"damage":1,"enemies":"Looter","floor":5,"turns":3},{"damage":12,"enemies":"Exordium Thugs","floor":8,"turns":3},{"damage":44,"enemies":"Gremlin Nob","floor":11,"turns":4},{"damage":0,"enemies":"2 Fungi Beasts","floor":12,"turns":2},{"damage":0,"enemies":"Looter","floor":14,"turns":3},{"damage":18,"enemies":"The Guardian","floor":16,"turns":10},{"damage":39,"enemies":"2 Thieves","floor":18,"turns":5},{"damage":23,"enemies":"3 Byrds","floor":22,"turns":6},{"damage":59,"enemies":"Book of Stabbing","floor":23,"turns":7}],"seed_played":"-2104056453576784283","potions_obtained":[{"floor":1,"key":"LiquidMemories"},{"floor":5,"key":"Ancient Potion"},{"floor":8,"key":"Block Potion"},{"floor":14,"key":"SneckoOil"}],"is_trial":false,"path_per_floor":["M","?","M","M","M","R","?","M","T","R","E","M","$","M","R","B",null,"M","$","?","?","M","E"],"character_chosen":"WATCHER","items_purchased":["War Paint","SashWhip"],"campfire_rested":2,"item_purchase_floors":[13,19],"current_hp_per_floor":[65,65,65,63,62,62,48,36,36,57,13,13,13,13,34,16,72,33,33,20,77,54,0,0],"gold":73,"neow_bonus":"UPGRADE_CARD","is_daily":false,"chose_seed":false,"campfire_upgraded":0,"win_rate":0.0,"timestamp":1613243805,"path_taken":["M","?","M","M","M","R","?","M","T","R","E","M","$","M","R","BOSS","M","$","?","?","?","E"],"items_purchased_type":["Relic","Card"],"build_version":"2020-12-22","purchased_purges":0,"victory":false,"max_hp_per_floor":[72,72,72,72,72,72,72,72,72,72,72,72,72,72,72,72,72,72,72,77,77,77,77,77],"card_choices":[{"not_picked":["Tantrum","Meditate","BowlingBash"],"picked":"SKIP","floor":1},{"not_picked":["Conclude","FollowUp"],"picked":"WindmillStrike","floor":3},{"not_picked":["Consecrate","Crescendo","PathToVictory"],"picked":"SKIP","floor":4},{"not_picked":["WaveOfTheHand","EmptyFist","FollowUp"],"picked":"SKIP","floor":5},{"not_picked":["BowlingBash","MasterReality","FlyingSleeves"],"picked":"SKIP","floor":8},{"not_picked":["FollowUp","LikeWater","Weave"],"picked":"SKIP","floor":11},{"not_picked":["ClearTheMind","TalkToTheHand"],"picked":"Establishment","floor":12},{"not_picked":["Swivel","Weave","Consecrate"],"picked":"SKIP","floor":14},{"not_picked":["Omniscience","Ragnarok"],"picked":"Establishment","floor":16},{"not_picked":["LikeWater","Halt"],"picked":"SashWhip","floor":18},{"not_picked":["EmptyMind+1","Meditate+1"],"picked":"Protect","floor":22}],"player_experience":319762,"relics_obtained":[{"floor":9,"key":"Sundial"},{"floor":11,"key":"Toy Ornithopter"}],"event_choices":[{"cards_removed":["Defend_P"],"damage_healed":0,"gold_gain":0,"player_choice":"Card Removal","damage_taken":0,"max_hp_gain":0,"max_hp_loss":0,"event_name":"The Cleric","floor":2,"gold_loss":50},{"damage_healed":0,"gold_gain":0,"player_choice":"Entered Light","damage_taken":14,"max_hp_gain":0,"max_hp_loss":0,"event_name":"Shining Light","floor":7,"gold_loss":0,"cards_upgraded":["Strike_P","WindmillStrike"]},{"damage_healed":0,"gold_gain":0,"player_choice":"Shed Blood","damage_taken":18,"max_hp_gain":5,"max_hp_loss":0,"event_name":"Forgotten Altar","floor":20,"gold_loss":0},{"damage_healed":57,"gold_gain":0,"player_choice":"Full Heal","damage_taken":0,"max_hp_gain":0,"max_hp_loss":0,"event_name":"Wheel of Change","floor":21,"gold_loss":0}],"is_beta":false,"boss_relics":[{"not_picked":["Snecko Eye","SlaversCollar"],"picked":"HolyWater"}],"items_purged_floors":[],"is_endless":false,"potions_floor_spawned":[1,5,8,14,18],"killed_by":"Book of Stabbing","ascension_level":3}}