{"host":"96dqtlax74dz00hw","time":1613221735,"event":{"mods":["Bard","BaseMod","Better Altar","ChefMod","Colored Powertips","Downfall","Hermit","Minty Spire (QoL Compilation)","Permanent Neow","Rare Cards Sparkle","StSLib","The Cursed","The Disciple","The Edgeheg","The IronCluck","The Problem Sleuth"],"gold_per_floor":[99,99,117,117,27,27,27,27,27,27,38,48,61,81,99,199,199,99,111,111,111,211,211,211,226,251,251,7,17,17,32,48,48,48,48],"floor_reached":33,"language":"ENG","playtime":2207,"items_purged":["TheCursedMod:Dregs","Guardian:Strike_Guardian"],"score":257,"play_id":"e246d30a-c3af-4a4a-bbcb-0e739dcfea00","local_time":"20210213050855","is_ascension_mode":false,"campfire_choices":[{"data":"Guardian:TwinSlam","floor":1,"key":"SMITH"},{"floor":6,"key":"RECALL"},{"data":"Guardian:Defend_Guardian","floor":8,"key":"SMITH"},{"data":"Guardian:Incinerate","floor":10,"key":"SMITH"},{"data":"Guardian:DonusPower","floor":18,"key":"SMITH"},{"data":"Guardian:DecasProtection","floor":23,"key":"SMITH"},{"floor":30,"key":"REST"}],"circlet_count":0,"master_deck":["Guardian:Strike_Guardian","Guardian:Strike_Guardian","Guardian:Defend_Guardian","Guardian:Defend_Guardian","Guardian:Defend_Guardian","Guardian:Defend_Guardian+1","Guardian:CurlUp+1","Guardian:TwinSlam+1","Secret Weapon+1","Guardian:Planning","Guardian:Incinerate+1","Guardian:Reroute+1","Guardian:DecasProtection+1","Guardian:PrimingBeam+1","Guardian:GatlingBeam+1","Guardian:DonusPower+1","Guardian:RevengeProtocol","Guardian:WalkerClaw+1","Guardian:Gem_Crimson","Guardian:TemporalShield+1","Guardian:SpikerProtocol+1","Guardian:FloatingOrbs+1","Guardian:Repulse+1","Guardian:Orbwalk+1"],"relics":["Guardian:ModeShifter","Molten Egg 2","SlaversCollar","downfall:HeartBlessingRed","WingedGreaves","Frozen Egg 2","Bottled Flame","White Beast Statue"],"acts_visited":["Exordium","TheCity"],"potions_floor_usage":[16,16,22,25,28,29,32,33,33,33],"damage_taken":[{"damage":6,"enemies":"Jaw Worm","floor":3,"turns":4},{"damage":0,"enemies":"downfall:FleeingMerchant","floor":5,"turns":4},{"damage":1,"enemies":"Cultist","floor":11,"turns":3},{"damage":0,"enemies":"Small Slimes","floor":12,"turns":2},{"damage":8,"enemies":"3 Louse","floor":13,"turns":4},{"damage":17,"enemies":"Exordium Wildlife","floor":14,"turns":5},{"damage":3,"enemies":"Large Slime","floor":15,"turns":6},{"damage":12,"enemies":"DF_ARCHETYPE_STREAMLINE","floor":16,"turns":7},{"damage":19,"enemies":"3 Byrds","floor":19,"turns":4},{"damage":18,"enemies":"Colosseum Nobs","floor":22,"turns":5},{"damage":0,"enemies":"Centurion and Healer","floor":25,"turns":4},{"damage":35,"enemies":"Gremlin Leader","floor":26,"turns":6},{"damage":0,"enemies":"downfall:FleeingMerchant","floor":28,"turns":4},{"damage":11,"enemies":"Snake Plant","floor":29,"turns":4},{"damage":0,"enemies":"Snecko","floor":31,"turns":6},{"damage":4,"enemies":"Shelled Parasite and Fungi","floor":32,"turns":6},{"damage":28,"enemies":"SI_MIRROR_ARCHETYPE","floor":33,"turns":8}],"seed_played":"2883096205720041762","potions_obtained":[{"floor":11,"key":"SpeedPotion"},{"floor":12,"key":"SmokeBomb"},{"floor":13,"key":"SpeedPotion"},{"floor":15,"key":"SkillPotion"},{"floor":19,"key":"Guardian:DefensiveModePotion"},{"floor":20,"key":"CultistPotion"},{"floor":26,"key":"Guardian:DefensiveModePotion"},{"floor":28,"key":"Guardian:DefensiveModePotion"},{"floor":29,"key":"Dexterity Potion"},{"floor":31,"key":"Ancient Potion"},{"floor":32,"key":"SkillPotion"}],"is_trial":false,"path_per_floor":["R","?","M","?","$","R","T","R","?","R","M","M","M","M","M","B",null,"R","M","?","?","?","R","T","M","E","?","$","M","R","M","M","B"],"character_chosen":"GUARDIAN","items_purchased":["Guardian:FloatingOrbs+1","Dexterity Potion"],"campfire_rested":1,"item_purchase_floors":[28,28],"current_hp_per_floor":[56,56,50,55,55,55,55,55,55,55,54,54,46,29,26,14,85,85,66,66,66,48,48,48,48,13,13,13,2,27,27,23,0,0,0],"gold":48,"neow_bonus":"RANDOM_COLORLESS_2","is_daily":false,"chose_seed":false,"campfire_upgraded":5,"win_rate":0.0,"timestamp":1613221735,"path_taken":["R","?","?","?","$","R","T","R","?","R","M","M","?","M","M","BOSS","R","M","?","?","?","R","T","?","E","?","$","M","R","M","M","BOSS"],"items_purchased_type":["Card","Potion"],"build_version":"2020-12-22","purchased_purges":2,"victory":false,"max_hp_per_floor":[80,80,80,85,85,85,85,85,85,85,85,85,85,85,85,85,85,85,85,85,85,85,85,85,85,85,85,85,85,85,85,85,85,85,85],"card_choices":[{"not_picked":["Transmutation","The Bomb"],"picked":"Secret Weapon","floor":0},{"not_picked":["Guardian:RollAttack","Guardian:ShieldSpikes"],"picked":"Guardian:Planning","floor":3},{"not_picked":["Guardian:TemporalStrike","Guardian:Repulse"],"picked":"Guardian:Incinerate","floor":5},{"not_picked":["Guardian:GuardianWhirl+1","Guardian:Preprogram"],"picked":"Guardian:Reroute+1","floor":11},{"not_picked":["Guardian:Emergency","Guardian:Gem_Lightblue"],"picked":"Guardian:DecasProtection","floor":12},{"not_picked":["Guardian:Suspension","Guardian:TemporalStrike+1"],"picked":"Guardian:PrimingBeam+1","floor":13},{"not_picked":["Guardian:TemporalShield","Guardian:Harden"],"picked":"Guardian:GatlingBeam+1","floor":14},{"not_picked":["Guardian:Suspension","Guardian:Gem_Yellow"],"picked":"Guardian:DonusPower","floor":15},{"not_picked":["Guardian:StasisStrike+1","Guardian:ExploitGems"],"picked":"Guardian:RevengeProtocol","floor":16},{"not_picked":["Guardian:TimeBomb","Guardian:PrismaticBeam+1"],"picked":"Guardian:WalkerClaw+1","floor":19},{"not_picked":["Guardian:CrystalBeam+1","Guardian:Gem_Cyan"],"picked":"Guardian:Gem_Yellow","floor":22},{"not_picked":["Guardian:Planning","Guardian:VentSteam+1"],"picked":"Guardian:Gem_Crimson","floor":25},{"not_picked":["Guardian:ArmoredProtocol+1","Guardian:Gem_Red"],"picked":"Guardian:TemporalShield+1","floor":26},{"not_picked":["Guardian:TemporalStrike+1","Guardian:Clone"],"picked":"Guardian:SpikerProtocol+1","floor":28},{"not_picked":["Guardian:BronzeOrb+1","Guardian:RollAttack+1"],"picked":"Guardian:Repulse+1","floor":29},{"not_picked":["Guardian:DecasProtection","Guardian:ChargeCore+1","Guardian:Recover+1"],"picked":"SKIP","floor":31},{"not_picked":["Guardian:ExploitGems","Guardian:TimeBomb"],"picked":"Guardian:Orbwalk+1","floor":32}],"player_experience":909059,"relics_obtained":[{"floor":7,"key":"Molten Egg 2"},{"floor":22,"key":"WingedGreaves"},{"floor":22,"key":"Frozen Egg 2"},{"floor":24,"key":"Bottled Flame"},{"floor":26,"key":"White Beast Statue"}],"event_choices":[{"damage_healed":0,"gold_gain":0,"player_choice":"Donut","damage_taken":0,"max_hp_gain":5,"max_hp_loss":0,"event_name":"Big Fish","floor":4,"gold_loss":0},{"cards_removed":["Guardian:Strike_Guardian"],"damage_healed":0,"gold_gain":0,"player_choice":"Card Removal","damage_taken":0,"max_hp_gain":0,"max_hp_loss":0,"event_name":"The Cleric","floor":9,"gold_loss":0},{"damage_healed":0,"gold_gain":0,"player_choice":"Ignored","damage_taken":0,"max_hp_gain":0,"max_hp_loss":0,"event_name":"Ghosts","floor":21,"gold_loss":0}],"is_beta":false,"boss_relics":[{"not_picked":["Fusion Hammer","Runic Pyramid"],"picked":"SlaversCollar"}],"items_purged_floors":[5,28],"is_endless":false,"potions_floor_spawned":[11,12,13,15,19,26,28,29,31,32],"killed_by":"SI_MIRROR_ARCHETYPE","ascension_level":0}}