{"host":"1ftto2vaskemldx8","time":1613232161,"event":{"mods":["BaseMod","Minty Spire (QoL Compilation)","Replay The Spire","StSLib","Together in Spire","[功能]功能增强和修复MOD"],"gold_per_floor":[110,110,3,3,20,20,51,51,75,75,110,0,0,12,12,115,115,131,12,27,1,19,46,1,1,1,28,38,38,38,53,53,153,153,172,189,189,59,70,70,98,116,167,196,196,4,4,20,20,20],"floor_reached":51,"language":"ZHS","playtime":6686,"items_purged":["Strike_R","Languid","Defend_R","Searing Blow","Strike_R","ReplayTheSpireMod:Limb From Limb","Bash","Defend_R","Defend_R"],"score":1026,"play_id":"3b84f79f-44f3-46dc-b585-9fec954fc3d4","local_time":"20210214000241","is_ascension_mode":false,"campfire_choices":[{"data":"Seeing Red","floor":6,"key":"SMITH"},{"data":"Searing Blow+1","floor":8,"key":"SMITH"},{"data":"Rupture","floor":10,"key":"SMITH"},{"data":"Feel No Pain","floor":15,"key":"SMITH"},{"data":"Barricade","floor":25,"key":"SMITH"},{"data":"Sadistic Nature","floor":29,"key":"SMITH"},{"data":"Pommel Strike","floor":32,"key":"SMITH"},{"data":"Dark Embrace","floor":40,"key":"SMITH"},{"data":"True Grit","floor":45,"key":"SMITH"},{"data":"Flex","floor":47,"key":"SMITH"},{"data":"Swift Strike","floor":49,"key":"SMITH"}],"circlet_count":0,"master_deck":["Strike_R","Strike_R","Seeing Red+1","Rupture+1","Flex+1","True Grit+1","Sever Soul+1","Searing Blow+3","Blood for Blood","Armaments+1","Pot Of Greed+1","Pot Of Greed+1","Defy Death+1","Feel No Pain+1","Warcry+1","Barricade+1","Pot Of Greed+1","ReplayTheSpireMod:Corrosion Curse+1","Flex+1","Flame Barrier+1","Swift Strike+1","Dark Embrace+1","ReplayTheSpireMod:Stacked+1","Pommel Strike+1","Burning Pact+1","Burning Pact+1","Entrench+1","Sadistic Nature+1","ReplayTheSpireMod:Stacked+1","Pot Of Greed+1","Seeing Red+1","True Grit+1","Flex+1","Juggernaut","CurseOfTheBell","Cleave+1","Anger+1","ReplayTheSpireMod:Stacked+1","Secret Technique+1","Replay:Undeath\u0027s Touch+1","Flex+1","Power Through+1","Pot Of Greed+1","Flex+1","Spot Weakness+1","Flex+1","Combust+1","Midas Touch+1","Shrug It Off+1","ReplayTheSpireMod:Stacked+1","ReplayTheSpireMod:Strike From Hell+1","Juggernaut+1","ReplayTheSpireMod:Strike From Hell+1"],"relics":["Burning Blood","ReplayTheSpireMod:Lightbulb","PreservedInsect","ReplayTheSpireMod:Spearhead","Toxic Egg 2","Vajra","Grinning Jar","Guide Book","Garlic","ReplayTheSpireMod:Ring of Collecting","ChewingGum","Calipers","Mango","Ring of Hypnosis","HornCleat","Boot","Calling Bell","Red Skull","Golden Egg","TungstenRod","Molten Egg 2","Blue Doll","Ring of Misfortune","Regal Pillow","ReplayTheSpireMod:Shallot","TheAbacus","Gremlin Horn"],"acts_visited":["Exordium","TheCity","TheBeyond"],"potions_floor_usage":[11,11,16,16,16,27,33,41,50],"damage_taken":[{"damage":6,"enemies":"Jaw Worm","floor":1,"turns":4},{"damage":5,"enemies":"Small Slimes","floor":5,"turns":3},{"damage":0,"enemies":"Gremlin Nob","floor":7,"turns":2},{"damage":0,"enemies":"3 Sentries","floor":11,"turns":4},{"damage":0,"enemies":"Cultist","floor":14,"turns":3},{"damage":23,"enemies":"The Guardian","floor":16,"turns":8},{"damage":10,"enemies":"3 Byrds","floor":18,"turns":6},{"damage":3,"enemies":"Spheric Guardian","floor":20,"turns":4},{"damage":0,"enemies":"Shelled Parasite and Fungi","floor":22,"turns":5},{"damage":7,"enemies":"Slavers","floor":23,"turns":3},{"damage":0,"enemies":"Book of Stabbing","floor":27,"turns":5},{"damage":0,"enemies":"Sentry and Sphere","floor":28,"turns":6},{"damage":0,"enemies":"Snecko","floor":31,"turns":6},{"damage":1,"enemies":"Champ","floor":33,"turns":16},{"damage":5,"enemies":"3 Shapes","floor":35,"turns":7},{"damage":18,"enemies":"Orb Walker","floor":36,"turns":4},{"damage":16,"enemies":"Transient","floor":39,"turns":5},{"damage":12,"enemies":"Nemesis","floor":41,"turns":7},{"damage":0,"enemies":"Maw","floor":42,"turns":8},{"damage":0,"enemies":"R_Hoarder","floor":44,"turns":5},{"damage":0,"enemies":"Spire Growth","floor":48,"turns":4},{"damage":0,"enemies":"Awakened One","floor":50,"turns":7}],"seed_played":"-3341343448045503031","potions_obtained":[{"floor":1,"key":"BlessingOfTheForge"},{"floor":7,"key":"PowerPotion"},{"floor":11,"key":"ColorlessPotion"},{"floor":11,"key":"LiquidMemories"},{"floor":14,"key":"Dexterity Potion"},{"floor":20,"key":"Energy Potion"},{"floor":20,"key":"BlessingOfTheForge"},{"floor":22,"key":"BlessingOfTheForge"},{"floor":23,"key":"Strength Potion"},{"floor":27,"key":"Strength Potion"},{"floor":27,"key":"FairyPotion"},{"floor":33,"key":"Block Potion"},{"floor":39,"key":"Swift Potion"},{"floor":41,"key":"Energy Potion"}],"is_trial":false,"path_per_floor":["M","?","$","?","M","R","E","R","T","R","E","$","?","M","R","B",null,"M","$","M","$","M","E","$","R","T","E","M","R","?","M","R","B",null,"M","M","?","$","M","R","E","M","T","E","R","$","R","M","R","B",null],"character_chosen":"IRONCLAD","items_purchased":["PreservedInsect","ReplayTheSpireMod:Spearhead","Flex","True Grit","Sever Soul","Searing Blow","Guide Book","Garlic","ReplayTheSpireMod:Limb From Limb","Feel No Pain","Flex+1","Flame Barrier+1","Swift Strike","Dark Embrace","Calipers","Pommel Strike","Burning Pact+1","Sadistic Nature","ReplayTheSpireMod:Stacked+1","Molten Egg 2","Secret Technique+1","Replay:Undeath\u0027s Touch+1","Flex+1","Power Through+1","Midas Touch+1","Shrug It Off+1","ReplayTheSpireMod:Stacked+1","ReplayTheSpireMod:Strike From Hell+1","TheAbacus","Gremlin Horn","Juggernaut"],"campfire_rested":0,"item_purchase_floors":[3,3,3,3,3,3,12,12,12,12,19,19,19,19,19,21,21,24,24,38,38,38,38,38,46,46,46,46,46,46,46],"current_hp_per_floor":[80,80,80,80,80,80,80,80,80,80,80,80,80,80,80,63,80,76,76,79,79,80,93,93,93,93,94,94,94,94,94,94,94,94,94,82,82,82,72,72,66,72,72,78,78,78,78,84,84,90],"gold":20,"neow_bonus":"RANDOM_COMMON_RELIC","is_daily":false,"chose_seed":false,"campfire_upgraded":11,"win_rate":0.0,"timestamp":1613232161,"path_taken":["M","?","$","?","M","R","E","R","T","R","E","$","?","M","R","BOSS","M","$","M","$","M","E","$","R","T","E","M","R","?","M","R","BOSS","M","M","?","$","M","R","E","M","T","E","R","?","R","M","R","BOSS"],"items_purchased_type":["Relic","Relic","Card","Card","Card","Card","Relic","Relic","Card","Card","Card","Card","Card","Card","Relic","Card","Card","Card","Card","Relic","Card","Card","Card","Card","Card","Card","Card","Card","Relic","Relic","Card"],"build_version":"2020-12-22","purchased_purges":9,"victory":true,"max_hp_per_floor":[80,80,80,80,80,80,80,80,80,80,80,80,80,80,80,80,80,80,80,80,80,80,94,94,94,94,94,94,94,94,94,94,94,94,94,94,94,94,94,94,94,94,94,94,94,94,94,94,94,94],"card_choices":[{"not_picked":["Armaments","Iron Wave"],"picked":"Seeing Red","floor":1},{"not_picked":["Run Through","Searing Blow"],"picked":"Blood for Blood","floor":5},{"not_picked":["Headbutt","Clothesline"],"picked":"Armaments+1","floor":7},{"not_picked":["Seeing Red+1","Wild Strike"],"picked":"Defy Death+1","floor":11},{"not_picked":["Massacre","Uppercut"],"picked":"Warcry+1","floor":14},{"not_picked":["Bludgeon","Corruption"],"picked":"Barricade","floor":16},{"not_picked":["Fire Breathing+1","Clash"],"picked":"ReplayTheSpireMod:Corrosion Curse+1","floor":18},{"not_picked":["Infernal Blade+1","Feel No Pain"],"picked":"ReplayTheSpireMod:Stacked+1","floor":20},{"not_picked":["Twin Strike","Run Through+1"],"picked":"Burning Pact+1","floor":22},{"not_picked":["Havoc+1","Body Slam+1"],"picked":"Entrench+1","floor":23},{"not_picked":["Headbutt","Clothesline"],"picked":"Seeing Red+1","floor":27},{"not_picked":["Sever Soul+1","ReplayTheSpireMod:Strike From Hell"],"picked":"True Grit+1","floor":28},{"not_picked":["Headbutt","Pommel Strike"],"picked":"Flex+1","floor":31},{"not_picked":["Demon Form","Replay:Many Hands+1"],"picked":"Juggernaut","floor":33},{"not_picked":["ReplayTheSpireMod:Strike From Hell","Havoc+1"],"picked":"Cleave+1","floor":35},{"not_picked":["ReplayTheSpireMod:Limb From Limb+1","Life Link"],"picked":"Anger+1","floor":36},{"not_picked":["Havoc+1","Clothesline+1"],"picked":"Flex+1","floor":39},{"not_picked":["Bludgeon+1","Cleave+1"],"picked":"Spot Weakness+1","floor":41},{"not_picked":["Body Slam+1","ReplayTheSpireMod:Strike From Hell+1"],"picked":"Flex+1","floor":42},{"not_picked":["Thunderclap+1","Iron Wave+1"],"picked":"Combust+1","floor":44},{"not_picked":["Clothesline+1","Dark Embrace"],"picked":"ReplayTheSpireMod:Strike From Hell+1","floor":48}],"player_experience":36020,"relics_obtained":[{"floor":7,"key":"Toxic Egg 2"},{"floor":9,"key":"Vajra"},{"floor":11,"key":"Grinning Jar"},{"floor":13,"key":"ReplayTheSpireMod:Ring of Collecting"},{"floor":23,"key":"Mango"},{"floor":26,"key":"Ring of Hypnosis"},{"floor":26,"key":"HornCleat"},{"floor":27,"key":"Boot"},{"floor":34,"key":"Red Skull"},{"floor":34,"key":"Golden Egg"},{"floor":34,"key":"TungstenRod"},{"floor":41,"key":"Blue Doll"},{"floor":43,"key":"Ring of Misfortune"},{"floor":43,"key":"Regal Pillow"},{"floor":44,"key":"ReplayTheSpireMod:Shallot"}],"event_choices":[{"damage_healed":0,"gold_gain":0,"cards_transformed":["Strike_R"],"player_choice":"Change","damage_taken":0,"max_hp_gain":0,"max_hp_loss":0,"event_name":"Living Wall","floor":2,"gold_loss":0,"cards_obtained":["Rupture"]},{"damage_healed":0,"gold_gain":0,"cards_transformed":["Defend_R"],"player_choice":"Transformed","damage_taken":0,"max_hp_gain":0,"max_hp_loss":0,"event_name":"Transmorgrifier","floor":37,"gold_loss":0,"cards_obtained":["ReplayTheSpireMod:Stacked"]}],"is_beta":false,"boss_relics":[{"not_picked":["Replay:Drink Me","Black Blood"],"picked":"ChewingGum"},{"not_picked":["Sozu","Empty Cage"],"picked":"Calling Bell"}],"items_purged_floors":[12,19,19,38,38,46,46,46,46],"is_endless":false,"potions_floor_spawned":[1,7,11,11,14,20,20,22,23,27,27,31,33,35,39,41,42,42,44,48],"ascension_level":0}}