{"host":"f5gffvlv6a66yqkd","time":1613260169,"event":{"mods":["2.2 Compatiblity","BaseMod","Colored Map","Custom Start","DeckTracker","Keyboard Shortcuts","Minty Spire (QoL Compilation)","Permanent Neow","Quick Restart","Relic Stats","StSLib","SuperFastMode"],"gold_per_floor":[114,114,127,20,31,60,60,95,119,132,132,151,166,180,180,280,280,299,4,4,4,23,23,71,82,82,106,106,106,106,122,122,227,227,244,144,161,178,53,53,65,92,92,126,176,176,176,211,211,211,211,211,93,127,127],"floor_reached":56,"language":"KOR","playtime":1821,"items_purged":["Strike_P","DeceiveReality","Judgement"],"score":1725,"play_id":"7adc3108-ba18-447c-abae-e44f43abd4eb","local_time":"20210214084929","is_ascension_mode":true,"campfire_choices":[{"data":"Eruption","floor":7.0,"key":"SMITH"},{"floor":11.0,"key":"REST"},{"data":"ForeignInfluence","floor":15.0,"key":"SMITH"},{"data":"Scrawl","floor":28.0,"key":"SMITH"},{"data":"Scrawl","floor":30.0,"key":"SMITH"},{"data":"MentalFortress","floor":32.0,"key":"SMITH"},{"floor":40,"key":"RECALL"},{"data":"Adaptation","floor":49,"key":"SMITH"},{"data":"Vault","floor":52,"key":"SMITH"}],"circlet_count":0,"master_deck":["Eruption+1","Vigilance+1","LikeWater+1","CutThroughFate+1","LessonLearned","CrushJoints+1","Adaptation+1","ForeignInfluence+1","Adaptation+1","Prostrate+1","Scrawl+1","FearNoEvil+1","MentalFortress+1","Scrawl+1","Tantrum+1","Scrawl+1","FearNoEvil","Prostrate","InnerPeace","MentalFortress+1","TalkToTheHand+1","Pray+1","Vault+1"],"relics":["PureWater","Boot","Art of War","Lantern","VioletLotus","TheAbacus","Bronze Scales","PreservedInsect","Akabeko","Sundial","Pandora\u0027s Box","The Courier","Blue Candle","Torii","Nunchaku","OrangePellets","Yang"],"acts_visited":["Exordium","TheCity","TheBeyond","TheEnding"],"potions_floor_usage":[33,55,55,55],"damage_taken":[{"damage":2.0,"enemies":"Jaw Worm","floor":1.0,"turns":6.0},{"damage":0.0,"enemies":"Cultist","floor":3.0,"turns":2.0},{"damage":0.0,"enemies":"2 Louse","floor":5.0,"turns":1.0},{"damage":32.0,"enemies":"3 Sentries","floor":6.0,"turns":7.0},{"damage":18.0,"enemies":"Gremlin Nob","floor":8.0,"turns":3.0},{"damage":10.0,"enemies":"Gremlin Gang","floor":10.0,"turns":4.0},{"damage":0.0,"enemies":"Exordium Thugs","floor":12.0,"turns":2.0},{"damage":0.0,"enemies":"3 Louse","floor":13.0,"turns":2.0},{"damage":9.0,"enemies":"Gremlin Gang","floor":14.0,"turns":3.0},{"damage":0.0,"enemies":"Hexaghost","floor":16.0,"turns":6.0},{"damage":0.0,"enemies":"Spheric Guardian","floor":18.0,"turns":2.0},{"damage":0.0,"enemies":"Shell Parasite","floor":22.0,"turns":1.0},{"damage":20.0,"enemies":"Slavers","floor":24.0,"turns":3.0},{"damage":0.0,"enemies":"Chosen and Byrds","floor":25.0,"turns":3.0},{"damage":8.0,"enemies":"3 Cultists","floor":31.0,"turns":3.0},{"damage":29,"enemies":"Collector","floor":33,"turns":8},{"damage":0,"enemies":"Orb Walker","floor":35,"turns":1},{"damage":0,"enemies":"3 Darklings","floor":37,"turns":2},{"damage":0,"enemies":"4 Shapes","floor":38,"turns":2},{"damage":0,"enemies":"Jaw Worm Horde","floor":41,"turns":2},{"damage":11,"enemies":"Nemesis","floor":42,"turns":2},{"damage":0,"enemies":"Reptomancer","floor":44,"turns":1},{"damage":0,"enemies":"Mind Bloom Boss Battle","floor":45,"turns":2},{"damage":0,"enemies":"Nemesis","floor":48,"turns":3},{"damage":0,"enemies":"Donu and Deca","floor":50,"turns":2},{"damage":0,"enemies":"Shield and Spear","floor":54,"turns":1},{"damage":15,"enemies":"The Heart","floor":55,"turns":5}],"seed_played":"4293988590666245484","potions_obtained":[{"floor":3.0,"key":"LiquidMemories"},{"floor":5.0,"key":"Block Potion"},{"floor":12.0,"key":"EntropicBrew"},{"floor":14.0,"key":"CultistPotion"},{"floor":22.0,"key":"Strength Potion"},{"floor":25.0,"key":"EssenceOfSteel"},{"floor":38,"key":"SteroidPotion"}],"is_trial":false,"path_per_floor":["M","?","M","$","M","E","R","E","T","M","R","M","M","M","R","B",null,"M","$","?","?","M","?","E","M","T","T","R","?","R","M","R","B",null,"M","$","M","M","$","R","M","E","T","E","?","?","?","E","R","B",null,"R","$","E","B",null],"character_chosen":"WATCHER","items_purchased":["Adaptation","ForeignInfluence","FearNoEvil","TheAbacus","OrangePellets"],"campfire_rested":1,"item_purchase_floors":[4,4,19,19,53],"current_hp_per_floor":[70,70,70,70,70,38,38,20,20,10,31,31,31,22,22,22,60,60,60,60,60,60,60,40,40,40,40,40,40,40,32,32,3,55,55,55,55,55,55,55,55,44,44,44,44,44,44,44,44,44,62,62,62,62,47],"gold":127,"neow_bonus":"TRANSFORM_CARD","is_daily":false,"chose_seed":false,"campfire_upgraded":7,"win_rate":0.0,"timestamp":1613260169,"path_taken":["M","?","?","?","M","E","R","E","T","M","R","M","M","M","R","BOSS","M","$","?","?","M","?","E","?","T","?","R","?","R","?","R","BOSS","M","$","M","M","$","R","M","E","T","E","?","?","?","E","R","BOSS","R","$","E","BOSS"],"items_purchased_type":["Card","Card","Card","Relic","Relic"],"build_version":"2020-12-22","purchased_purges":3,"victory":true,"max_hp_per_floor":[72,72,72,72,72,72,72,72,72,72,72,72,72,72,72,72,72,72,72,72,72,72,72,72,72,72,72,72,72,72,72,72,72,72,72,72,72,72,72,72,72,72,72,72,72,68,68,68,68,68,68,68,68,68,68],"relic_stats":{"Torii":18,"counters":[27,79],"Blue Candle":[0],"Yang":[25],"PreservedInsect":221,"Boot":[310],"OrangePellets":[3],"Nunchaku":[6],"TheAbacus":[252],"Sundial":[26],"Bronze Scales":[104],"Pandora\u0027s Box":["FearNoEvil","Prostrate","DeceiveReality","InnerPeace","MentalFortress"],"VioletLotus":[61],"Art of War":[5],"obtain_stats":[{"Lantern":9,"Torii":45,"Blue Candle":44,"Yang":54,"PreservedInsect":26,"The Courier":42,"Boot":6,"Akabeko":27,"OrangePellets":53,"Nunchaku":48,"TheAbacus":19,"Sundial":29,"Bronze Scales":24,"Pandora\u0027s Box":34,"VioletLotus":17,"Art of War":8,"PureWater":0},{"Lantern":5,"Torii":23,"Blue Candle":22,"Yang":26,"PreservedInsect":14,"The Courier":21,"Boot":4,"Akabeko":14,"OrangePellets":25,"Nunchaku":24,"TheAbacus":11,"Sundial":14,"Bronze Scales":13,"Pandora\u0027s Box":16,"VioletLotus":10,"Art of War":5,"PureWater":0},{"Lantern":19,"Torii":68,"Blue Candle":66,"Yang":74,"PreservedInsect":45,"The Courier":65,"Boot":16,"Akabeko":45,"OrangePellets":73,"Nunchaku":71,"TheAbacus":38,"Sundial":45,"Bronze Scales":42,"Pandora\u0027s Box":56,"VioletLotus":36,"Art of War":19,"PureWater":0}]},"card_choices":[{"not_picked":["Prostrate","ThirdEye"],"picked":"CutThroughFate","floor":1.0},{"not_picked":["EmptyMind","Evaluate"],"picked":"CrushJoints","floor":3.0},{"not_picked":["Evaluate","FlyingSleeves","Protect"],"picked":"SKIP","floor":5.0},{"not_picked":["Conclude","Halt"],"picked":"Brilliance","floor":6.0},{"not_picked":["SandsOfTime","CutThroughFate","Perseverance"],"picked":"SKIP","floor":8.0},{"not_picked":["JustLucky","FollowUp"],"picked":"Adaptation","floor":10.0},{"not_picked":["FlurryOfBlows","CrushJoints"],"picked":"Prostrate","floor":12.0},{"not_picked":["ForeignInfluence","EmptyFist","FlyingSleeves"],"picked":"SKIP","floor":13.0},{"not_picked":["SignatureMove","BowlingBash"],"picked":"Scrawl","floor":14.0},{"not_picked":["Devotion","MasterReality"],"picked":"Judgement","floor":16.0},{"not_picked":["BattleHymn","PathToVictory","SignatureMove"],"picked":"SKIP","floor":18.0},{"not_picked":["JustLucky","FlurryOfBlows+1","ClearTheMind+1"],"picked":"SKIP","floor":22.0},{"not_picked":["Meditate","BattleHymn+1","MasterReality"],"picked":"SKIP","floor":24.0},{"not_picked":["EmptyFist","BowlingBash","FlurryOfBlows"],"picked":"SKIP","floor":25.0},{"not_picked":["EmptyFist","BowlingBash","FlurryOfBlows"],"picked":"SKIP","floor":25.0},{"not_picked":["EmptyFist","Consecrate"],"picked":"Tantrum","floor":31.0},{"not_picked":["DeusExMachina","Judgement"],"picked":"Scrawl","floor":33},{"not_picked":["ReachHeaven+1","FollowUp+1"],"picked":"TalkToTheHand+1","floor":35},{"not_picked":["Meditate","EmptyFist+1","Worship+1"],"picked":"SKIP","floor":37},{"not_picked":["LikeWater","FlyingSleeves+1","Indignation+1"],"picked":"SKIP","floor":38},{"not_picked":["Worship","FollowUp+1"],"picked":"Pray+1","floor":41},{"not_picked":["BowlingBash+1","WheelKick+1"],"picked":"Vault","floor":42},{"not_picked":["ConjureBlade","Fasting2","CutThroughFate"],"picked":"SKIP","floor":44},{"not_picked":["Swivel+1","Protect","Evaluate"],"picked":"SKIP","floor":48},{"not_picked":["EmptyMind+1","Pray+1","SignatureMove+1"],"picked":"SKIP","floor":54}],"player_experience":1461161,"relics_obtained":[{"floor":6.0,"key":"Boot"},{"floor":8.0,"key":"Art of War"},{"floor":9.0,"key":"Lantern"},{"floor":24.0,"key":"Bronze Scales"},{"floor":26.0,"key":"PreservedInsect"},{"floor":27.0,"key":"Akabeko"},{"floor":42,"key":"The Courier"},{"floor":44,"key":"Blue Candle"},{"floor":45,"key":"Torii"},{"floor":48,"key":"Nunchaku"},{"floor":54,"key":"Yang"}],"event_choices":[{"damage_healed":0.0,"max_hp_gain":0.0,"max_hp_loss":0.0,"gold_gain":0.0,"event_name":"Match and Keep!","player_choice":"1 cards matched","floor":2.0,"gold_loss":0.0,"damage_taken":0.0,"cards_obtained":["LessonLearned"]},{"damage_healed":0.0,"max_hp_gain":0.0,"max_hp_loss":0.0,"gold_gain":0.0,"event_name":"The Library","player_choice":"Read","floor":20.0,"gold_loss":0.0,"damage_taken":0.0,"cards_obtained":["MentalFortress"]},{"cards_removed":["Strike_P"],"damage_healed":0.0,"max_hp_gain":0.0,"max_hp_loss":0.0,"gold_gain":0.0,"event_name":"Back to Basics","player_choice":"Elegance","floor":21.0,"gold_loss":0.0,"damage_taken":0.0},{"damage_healed":0.0,"max_hp_gain":0.0,"max_hp_loss":0.0,"gold_gain":0.0,"event_name":"Duplicator","player_choice":"Copied","floor":23.0,"gold_loss":0.0,"damage_taken":0.0,"cards_obtained":["Scrawl"]},{"cards_removed":["Brilliance"],"damage_healed":0.0,"max_hp_gain":0.0,"max_hp_loss":0.0,"gold_gain":0.0,"event_name":"WeMeetAgain","player_choice":"Gave Card","floor":29.0,"gold_loss":0.0,"damage_taken":0.0,"relics_obtained":["Sundial"]},{"damage_healed":0,"gold_gain":0,"player_choice":"Fight","damage_taken":0,"max_hp_gain":0,"max_hp_loss":0,"event_name":"MindBloom","floor":45,"gold_loss":0},{"damage_healed":0,"gold_gain":0,"player_choice":"Max HP","damage_taken":0,"max_hp_gain":0,"max_hp_loss":4,"event_name":"Winding Halls","floor":46,"gold_loss":0},{"damage_healed":0,"gold_gain":0,"player_choice":"Got Potions","damage_taken":0,"max_hp_gain":0,"max_hp_loss":0,"event_name":"Lab","floor":47,"gold_loss":0}],"is_beta":false,"boss_relics":[{"not_picked":["Black Star","Astrolabe"],"picked":"VioletLotus"},{"not_picked":["SlaversCollar","Runic Dome"],"picked":"Pandora\u0027s Box"}],"items_purged_floors":[19,36,39],"is_endless":false,"potions_floor_spawned":[3,5,12,14,22,25,38,41,44,54],"ascension_level":5}}