{"host":"skr63qsdfgeey3it","time":1613198132,"event":{"mods":["BaseMod","Colored Map","Hubris","Minty Spire (QoL Compilation)","Monster B Gone","Reliquary","Replay The Spire","Spicy Shops","StSLib"],"gold_per_floor":[119,44,44,44,44,44,74,74,74,99,99,99,115,115,115,115,115],"floor_reached":16,"language":"ENG","playtime":373,"items_purged":["hubris:Defend_Merchant"],"score":182,"play_id":"713ceb61-6eef-4d63-9ad5-701dc9b2a950","local_time":"20210213003532","is_ascension_mode":true,"campfire_choices":[{"floor":8,"key":"REST"},{"floor":12,"key":"DIG"},{"floor":15,"key":"REST"}],"circlet_count":0,"master_deck":["AscendersBane","Strike_B","Strike_B","Strike_B","Strike_B","Defend_B","Defend_B","Defend_B","Defend_B","Zap","Dualcast","Gash+1","Ball Lightning","Mirror Shield","Coolheaded"],"relics":["Cracked Core","Replay:Multitool","reliquary:Aerogel","reliquary:TatteredRug","reliquary:PartyBalloon","reliquary:BoilingFlask","Anchor"],"acts_visited":["Exordium"],"potions_floor_usage":[10],"damage_taken":[{"damage":0,"enemies":"Small Slimes","floor":1,"turns":3},{"damage":50,"enemies":"3 Sentries","floor":7,"turns":10},{"damage":20,"enemies":"Lagavulin","floor":10,"turns":5},{"damage":0,"enemies":"Jaw Worm","floor":13,"turns":3},{"damage":0,"enemies":"Hexaghost","floor":16,"turns":1}],"seed_played":"-3295022765243722138","potions_obtained":[{"floor":7,"key":"SteroidPotion"},{"floor":10,"key":"Energy Potion"}],"is_trial":false,"path_per_floor":["M","$","?","?","$","R","E","R","T","E","$","R","M","$","R","B"],"character_chosen":"DEFECT","items_purchased":[],"campfire_rested":2,"item_purchase_floors":[],"current_hp_per_floor":[64,64,57,46,46,67,17,38,38,18,18,18,18,18,39,39,39],"gold":115,"neow_bonus":"ONE_RARE_RELIC","is_daily":false,"chose_seed":false,"campfire_upgraded":0,"win_rate":0.0,"timestamp":1613198132,"path_taken":["M","$","?","?","?","R","E","R","T","E","$","R","M","$","R","BOSS"],"items_purchased_type":[],"build_version":"2020-12-22","purchased_purges":1,"victory":false,"max_hp_per_floor":[71,71,71,71,71,71,71,71,71,71,71,71,71,71,71,71,71],"card_choices":[{"not_picked":["Coolheaded","BasicCrystalCard"],"picked":"Gash","floor":1},{"not_picked":["Hello World","BasicCrystalCard"],"picked":"Ball Lightning","floor":7},{"not_picked":["Panic Button","ReplayTheSpireMod:GoodbyeWorld"],"picked":"Mirror Shield","floor":10},{"not_picked":["Panic Button","Blizzard"],"picked":"Coolheaded","floor":13}],"player_experience":963621,"relics_obtained":[{"floor":7,"key":"reliquary:TatteredRug"},{"floor":9,"key":"reliquary:PartyBalloon"},{"floor":10,"key":"reliquary:BoilingFlask"},{"floor":12,"key":"Anchor"}],"event_choices":[{"cards_removed":["Strike_B"],"damage_healed":0,"gold_gain":0,"player_choice":"Card Removal","damage_taken":7,"max_hp_gain":0,"max_hp_loss":0,"event_name":"Golden Wing","floor":3,"gold_loss":0},{"damage_healed":0,"gold_gain":0,"player_choice":"Success","damage_taken":11,"relics_obtained":["reliquary:Aerogel"],"max_hp_gain":0,"max_hp_loss":0,"event_name":"Scrap Ooze","floor":4,"gold_loss":0}],"is_beta":false,"boss_relics":[],"items_purged_floors":[2],"is_endless":false,"potions_floor_spawned":[7,10],"killed_by":"Hexaghost","ascension_level":15}}