{"host":"ow66nzv2xecjoor3","time":1613249290,"event":{"mods":["BaseMod","Bestiary","Block Reminder","Colored Powertips","Curses Come First","Highlight Path","Keyboard Shortcuts","Minty Spire (QoL Compilation)","Permanent Neow","Relic Stats","StSLib","UnlockEverythingMod"],"gold_per_floor":[110,126,138,138,138,138,163,163,163,180,180,255,255,96,96,173,173,184,184,44,55,55,55],"floor_reached":22,"language":"ENG","playtime":866,"items_purged":["Strike_B","Defend_B"],"score":364,"play_id":"5ca44234-7b31-40cf-aaa1-1cee14b664fb","local_time":"20210213144810","is_ascension_mode":true,"campfire_choices":[{"floor":6,"key":"REST"},{"floor":11,"key":"REST"},{"data":"Ball Lightning","floor":13,"key":"SMITH"},{"data":"Self Repair","floor":15,"key":"SMITH"}],"circlet_count":0,"master_deck":["AscendersBane","Strike_B","Defend_B+1","Defend_B","Zap","Dualcast","Go for the Eyes","Ball Lightning+1","Ball Lightning","Echo Form+1","Cold Snap","Leap","Self Repair+1","Machine Learning","Capacitor","Loop"],"relics":["Empty Cage","Bag of Marbles","Sundial","Fusion Hammer"],"acts_visited":["Exordium","TheCity"],"potions_floor_usage":[16,21,22],"damage_taken":[{"damage":10,"enemies":"2 Louse","floor":1,"turns":2},{"damage":8,"enemies":"Small Slimes","floor":2,"turns":4},{"damage":1,"enemies":"Cultist","floor":3,"turns":3},{"damage":39,"enemies":"3 Sentries","floor":7,"turns":6},{"damage":0,"enemies":"3 Louse","floor":10,"turns":5},{"damage":37,"enemies":"Slime Boss","floor":16,"turns":9},{"damage":16,"enemies":"Spheric Guardian","floor":18,"turns":5},{"damage":26,"enemies":"3 Byrds","floor":21,"turns":3},{"damage":32,"enemies":"Shelled Parasite and Fungi","floor":22,"turns":3}],"seed_played":"-2386830130097209065","potions_obtained":[{"floor":2,"key":"FocusPotion"},{"floor":7,"key":"PotionOfCapacity"},{"floor":18,"key":"LiquidBronze"},{"floor":21,"key":"GamblersBrew"}],"is_trial":false,"path_per_floor":["M","M","M","?","?","R","E","?","T","M","R","?","R","$","R","B",null,"M","?","$","M","M"],"character_chosen":"DEFECT","items_purchased":["Self Repair","Capacitor"],"campfire_rested":2,"item_purchase_floors":[14,20],"current_hp_per_floor":[54,46,45,45,24,45,6,29,29,29,50,39,39,39,39,12,56,40,40,40,24,0,0],"gold":55,"neow_bonus":"BOSS_RELIC","is_daily":false,"chose_seed":false,"campfire_upgraded":2,"win_rate":0.0,"timestamp":1613249290,"path_taken":["M","M","M","?","?","R","E","?","T","M","R","?","R","$","R","BOSS","M","?","$","M","M"],"items_purchased_type":["Card","Card"],"build_version":"2020-12-22","purchased_purges":2,"victory":false,"max_hp_per_floor":[71,71,71,71,71,71,71,71,71,71,71,71,71,71,71,71,71,71,71,71,71,71,71],"relic_stats":{"counters":[9,40],"Sundial":[4],"obtain_stats":[{"Sundial":9,"Fusion Hammer":17,"Bag of Marbles":7,"Cracked Core":0,"Empty Cage":0},{"Sundial":4,"Fusion Hammer":6,"Bag of Marbles":4,"Cracked Core":0,"Empty Cage":0},{"Sundial":15,"Fusion Hammer":29,"Bag of Marbles":15,"Cracked Core":0,"Empty Cage":0}]},"card_choices":[{"not_picked":["Beam Cell","Redo"],"picked":"Go for the Eyes","floor":1},{"not_picked":["Hologram","Cold Snap"],"picked":"Ball Lightning","floor":2},{"not_picked":["Compile Driver","Beam Cell"],"picked":"Ball Lightning","floor":3},{"not_picked":["Hologram","Barrage"],"picked":"Cold Snap","floor":7},{"not_picked":["Steam","Gash"],"picked":"Leap","floor":10},{"not_picked":["All For One","Meteor Strike"],"picked":"Machine Learning","floor":16},{"not_picked":["Auto Shields","Stack","Rebound"],"picked":"SKIP","floor":18},{"not_picked":["Reprogram","Sweeping Beam"],"picked":"Loop","floor":21}],"player_experience":2848185,"relics_obtained":[{"floor":7,"key":"Bag of Marbles"},{"floor":9,"key":"Sundial"}],"event_choices":[{"damage_healed":0,"gold_gain":0,"cards_transformed":["Strike_B"],"player_choice":"Change","damage_taken":0,"max_hp_gain":0,"max_hp_loss":0,"event_name":"Living Wall","floor":4,"gold_loss":0,"cards_obtained":["Echo Form"]},{"damage_healed":0,"gold_gain":0,"player_choice":"Entered Light","damage_taken":21,"max_hp_gain":0,"max_hp_loss":0,"event_name":"Shining Light","floor":5,"gold_loss":0,"cards_upgraded":["Defend_B","Echo Form"]},{"damage_healed":23,"gold_gain":0,"player_choice":"Banana","damage_taken":0,"max_hp_gain":0,"max_hp_loss":0,"event_name":"Big Fish","floor":8,"gold_loss":0},{"damage_healed":0,"gold_gain":75,"player_choice":"Gather Gold","damage_taken":11,"max_hp_gain":0,"max_hp_loss":0,"event_name":"World of Goop","floor":12,"gold_loss":0},{"damage_healed":0,"gold_gain":0,"player_choice":"Ignored","damage_taken":0,"max_hp_gain":0,"max_hp_loss":0,"event_name":"Ghosts","floor":19,"gold_loss":0}],"is_beta":false,"boss_relics":[{"not_picked":["Tiny House","Inserter"],"picked":"Fusion Hammer"}],"items_purged_floors":[14,20],"is_endless":false,"potions_floor_spawned":[2,7,18,21],"killed_by":"Shelled Parasite and Fungi","ascension_level":20}}