{"host":"j36qkj20jqndbw01","time":1613226124,"event":{"mods":["AchievementEnabler","BaseMod","Colored Map","DeckTracker","Highlight Path","Keyboard Shortcuts","Minty Spire (QoL Compilation)","Quick Restart","Relic Stats","StSLib","SuperFastMode","everything is the same but u backflip on backflip"],"gold_per_floor":[114,127,137,153,169,169,94,94,94,94,94,129,143,143,143],"floor_reached":14,"language":"KOR","playtime":977,"items_purged":["Strike_B"],"score":175,"play_id":"86b210a4-e383-4334-bf93-fe5d5ec79093","local_time":"20210213232204","is_ascension_mode":true,"campfire_choices":[{"data":"Loop","floor":6,"key":"SMITH"},{"data":"Blizzard","floor":8,"key":"SMITH"},{"data":"Beam Cell","floor":11,"key":"SMITH"}],"circlet_count":0,"master_deck":["AscendersBane","Strike_B","Strike_B","Strike_B","Defend_B","Defend_B","Defend_B","Defend_B","Zap","Dualcast","Compile Driver","Loop+1","Beam Cell+1","Conserve Battery","Blizzard+1","Coolheaded"],"relics":["Cracked Core","Blood Vial","Nunchaku","Centennial Puzzle"],"acts_visited":[],"potions_floor_usage":[14],"damage_taken":[{"damage":7,"enemies":"Small Slimes","floor":1,"turns":4},{"damage":4,"enemies":"Jaw Worm","floor":2,"turns":4},{"damage":1,"enemies":"Cultist","floor":3,"turns":4},{"damage":9,"enemies":"Blue Slaver","floor":4,"turns":4},{"damage":11,"enemies":"Looter","floor":5,"turns":3},{"damage":27,"enemies":"Lagavulin","floor":12,"turns":8},{"damage":21,"enemies":"Exordium Thugs","floor":13,"turns":5},{"damage":7,"enemies":"Gremlin Nob","floor":14,"turns":2}],"seed_played":"-6502449612539644300","potions_obtained":[{"floor":1,"key":"DuplicationPotion"},{"floor":4,"key":"PotionOfCapacity"},{"floor":12,"key":"Block Potion"}],"is_trial":false,"path_per_floor":["M","M","M","M","M","R","$","R","T","?","R","E","M","E"],"character_chosen":"DEFECT","items_purchased":[],"campfire_rested":0,"item_purchase_floors":[],"current_hp_per_floor":[59,57,58,51,42,42,42,42,42,47,47,22,3,0,0],"gold":143,"neow_bonus":"RANDOM_COMMON_RELIC","is_daily":false,"chose_seed":false,"campfire_upgraded":3,"win_rate":0.0,"timestamp":1613226124,"path_taken":["M","M","M","M","M","R","$","R","T","?","R","E","M","E"],"items_purchased_type":[],"build_version":"2020-12-22","purchased_purges":1,"victory":false,"max_hp_per_floor":[71,71,71,71,71,71,71,71,71,76,76,76,76,76,76],"relic_stats":{"Blood Vial":16,"Nunchaku":[1],"Centennial Puzzle":[3],"counters":[8,33],"obtain_stats":[{"Blood Vial":0,"Nunchaku":9,"Centennial Puzzle":12,"Cracked Core":0},{"Blood Vial":0,"Nunchaku":5,"Centennial Puzzle":6,"Cracked Core":0},{"Blood Vial":0,"Nunchaku":19,"Centennial Puzzle":27,"Cracked Core":0}]},"card_choices":[{"not_picked":["Recycle","Streamline"],"picked":"Compile Driver","floor":1},{"not_picked":["Gash","Sweeping Beam"],"picked":"Loop","floor":2},{"not_picked":["Conserve Battery","Static Discharge"],"picked":"Beam Cell","floor":3},{"not_picked":["Reinforced Body","Barrage"],"picked":"Conserve Battery","floor":4},{"not_picked":["Chaos","Hologram"],"picked":"Blizzard","floor":5},{"not_picked":["Reinforced Body","Auto Shields","Sunder"],"picked":"SKIP","floor":12},{"not_picked":["FTL","Rebound"],"picked":"Coolheaded","floor":13}],"player_experience":1762717,"relics_obtained":[{"floor":9,"key":"Nunchaku"},{"floor":12,"key":"Centennial Puzzle"}],"event_choices":[{"damage_healed":0,"gold_gain":0,"player_choice":"Donut","damage_taken":0,"max_hp_gain":5,"max_hp_loss":0,"event_name":"Big Fish","floor":10,"gold_loss":0}],"is_beta":false,"boss_relics":[],"items_purged_floors":[7],"is_endless":false,"potions_floor_spawned":[1,4,12],"killed_by":"Gremlin Nob","ascension_level":18}}