{"host":"g0zlq7spi0ykrc8e","time":1613187738,"event":{"mods":["Ascension Reborn","BaseMod","Colored Powertips","Friendly Minions","Kiyohime（清姬）","Koishi","Lobotomy","Minty Spire (QoL Compilation)","Nova Terra(诺娃・泰拉)","Prisma Mod","Quick Restart","Remilia（蕾米莉亚）","StSLib","UnlockEverythingMod","WarShipGirlsR/战舰少女R mod","Yakumo Yukari mod"],"gold_per_floor":[110,38,52,227,227,227,227],"floor_reached":6,"language":"ZHS","playtime":1555,"items_purged":[],"score":34,"play_id":"ac33ca95-695a-4a9b-abaf-9761d968a1e0","local_time":"20210213114218","is_ascension_mode":true,"campfire_choices":[],"circlet_count":0,"master_deck":["Koishi:BasicStrike","Koishi:BasicStrike","Koishi:BasicStrike","Koishi:BasicDefend","Koishi:BasicDefend","Koishi:BasicDefend","Koishi:BasicDefend","Koishi:Provoke","Koishi:HauntingSlash","Koishi:Jaunt","Koishi:ConfinedInnocent","Koishi:RacingHeart","Doubt","Regret"],"relics":["Koishi:ImaginaryFriend","Pear"],"acts_visited":["Exordium"],"potions_floor_usage":[6],"damage_taken":[{"damage":1,"enemies":"Cultist","floor":1,"turns":6},{"damage":13,"enemies":"Small Slimes","floor":3,"turns":4},{"damage":60,"enemies":"3 Sentries","floor":6,"turns":6}],"seed_played":"7959915697314267931","potions_obtained":[{"floor":3,"key":"GamblersBrew"}],"is_trial":false,"path_per_floor":["M","$","M","?","?","E"],"character_chosen":"KOISHI","items_purchased":["Koishi:ConfinedInnocent"],"campfire_rested":0,"item_purchase_floors":[2],"current_hp_per_floor":[60,60,49,49,59,0,0],"gold":227,"neow_bonus":"REMOVE_CARD","is_daily":false,"chose_seed":false,"campfire_upgraded":0,"win_rate":0.0,"timestamp":1613187738,"path_taken":["M","$","?","?","?","E"],"items_purchased_type":["Card"],"build_version":"2020-12-22","purchased_purges":0,"victory":false,"max_hp_per_floor":[60,60,60,60,70,70,70],"card_choices":[{"not_picked":["Koishi:ReflexRadar","Koishi:Untouchable"],"picked":"Koishi:Jaunt","floor":1},{"not_picked":["Koishi:UnconsciousUprising","Koishi:DreadfulBlow"],"picked":"Koishi:RacingHeart","floor":3}],"player_experience":144799,"relics_obtained":[],"event_choices":[{"damage_healed":0,"gold_gain":175,"player_choice":"AGREE","damage_taken":0,"max_hp_gain":0,"max_hp_loss":0,"event_name":"Liars Game","floor":4,"gold_loss":0,"cards_obtained":["Doubt"]},{"damage_healed":0,"gold_gain":0,"player_choice":"Box","damage_taken":0,"relics_obtained":["Pear"],"max_hp_gain":0,"max_hp_loss":0,"event_name":"Big Fish","floor":5,"gold_loss":0,"cards_obtained":["Regret"]}],"is_beta":false,"boss_relics":[],"items_purged_floors":[],"is_endless":false,"potions_floor_spawned":[3],"killed_by":"3 Sentries","ascension_level":0}}