{"host":"aapp7ew3jk5k1bvd","time":1613223770,"event":{"mods":["AchievementEnabler","BaseMod","Colored Map","Custom Start","Keyboard Shortcuts","Minty Spire (QoL Compilation)","Permanent Neow","Quick Restart","StSLib","SuperFastMode"],"gold_per_floor":[110,35,48,48,65,65,81,81,81,81,94,114,114,129,129,205,255,220,220,232,232,50,50,63,63,63,63,77,92,92,92,92,92,92],"floor_reached":33,"language":"KOR","playtime":1080,"items_purged":["Strike_G"],"score":394,"play_id":"cd9e3ab4-f790-4cb4-ac8b-29ceb19c2f53","local_time":"20210213224250","is_ascension_mode":true,"campfire_choices":[{"data":"Blade Dance","floor":6,"key":"SMITH"},{"data":"Noxious Fumes","floor":8,"key":"SMITH"},{"floor":15,"key":"REST"},{"data":"Apotheosis","floor":23,"key":"SMITH"},{"floor":27,"key":"REST"},{"floor":32,"key":"REST"}],"circlet_count":0,"master_deck":["AscendersBane","Strike_G","Defend_G","Defend_G","Defend_G","Defend_G","Survivor","Neutralize","Noxious Fumes+1","Dodge and Roll","Blade Dance+1","Backflip+1","PiercingWail","Poisoned Stab","Adrenaline","Masterful Stab","Dagger Throw","Dash","Apotheosis+1","Burst","Cloak And Dagger","Blur"],"relics":["Ring of the Snake","InkBottle","Tiny House","Peace Pipe","FaceOfCleric"],"acts_visited":["Exordium","TheCity"],"potions_floor_usage":[3,33],"damage_taken":[{"damage":0,"enemies":"Cultist","floor":1,"turns":5},{"damage":1,"enemies":"2 Louse","floor":3,"turns":4},{"damage":0,"enemies":"Small Slimes","floor":5,"turns":5},{"damage":12,"enemies":"Exordium Wildlife","floor":7,"turns":6},{"damage":2,"enemies":"3 Louse","floor":11,"turns":6},{"damage":1,"enemies":"Looter","floor":12,"turns":4},{"damage":10,"enemies":"Exordium Wildlife","floor":14,"turns":6},{"damage":33,"enemies":"The Guardian","floor":16,"turns":11},{"damage":15,"enemies":"2 Thieves","floor":18,"turns":5},{"damage":12,"enemies":"3 Byrds","floor":20,"turns":5},{"damage":2,"enemies":"3 Cultists","floor":24,"turns":6},{"damage":12,"enemies":"Snake Plant","floor":28,"turns":7},{"damage":13,"enemies":"Snecko","floor":29,"turns":7},{"damage":42,"enemies":"Champ","floor":33,"turns":15}],"seed_played":"537225370390287741","potions_obtained":[{"floor":1,"key":"Explosive Potion"},{"floor":7,"key":"EssenceOfSteel"},{"floor":16,"key":"LiquidBronze"},{"floor":24,"key":"DistilledChaos"}],"is_trial":false,"path_per_floor":["M","$","M","?","M","R","M","R","T","$","M","M","?","M","R","B",null,"M","?","M","?","$","R","M","?","T","R","M","M","?","?","R","B"],"character_chosen":"THE_SILENT","items_purchased":["Apotheosis"],"campfire_rested":3,"item_purchase_floors":[22],"current_hp_per_floor":[63,63,62,55,55,55,43,43,43,43,41,40,40,30,51,18,62,47,47,35,35,35,35,33,33,33,55,43,30,30,30,52,10,10],"gold":92,"neow_bonus":"TRANSFORM_CARD","is_daily":false,"chose_seed":false,"campfire_upgraded":3,"win_rate":0.0,"timestamp":1613223770,"path_taken":["M","$","?","?","M","R","M","R","T","$","M","M","?","M","R","BOSS","M","?","M","?","$","R","M","?","T","R","?","M","?","?","R","BOSS"],"items_purchased_type":["Card"],"build_version":"2020-12-22","purchased_purges":1,"victory":false,"max_hp_per_floor":[70,70,70,70,70,70,70,70,70,70,70,70,70,70,70,70,75,75,75,75,75,75,75,75,75,75,75,75,75,75,75,75,75,75],"card_choices":[{"not_picked":["Concentrate","Dagger Throw"],"picked":"Dodge and Roll","floor":1},{"not_picked":["Predator","Skewer","Dagger Spray"],"picked":"SKIP","floor":3},{"not_picked":["Glass Knife","Flying Knee"],"picked":"Blade Dance","floor":5},{"not_picked":["Dash","Distraction"],"picked":"Backflip","floor":7},{"not_picked":["Flechettes","Dash"],"picked":"PiercingWail","floor":11},{"not_picked":["Backstab","Phantasmal Killer"],"picked":"Poisoned Stab","floor":12},{"not_picked":["Bane","Backflip","Deflect"],"picked":"SKIP","floor":14},{"not_picked":["Malaise","Bullet Time"],"picked":"Adrenaline","floor":16},{"not_picked":["Heel Hook","Flying Knee","Dagger Throw"],"picked":"SKIP","floor":18},{"not_picked":["Prepared","Deflect"],"picked":"Masterful Stab","floor":20},{"not_picked":["Slice","Acrobatics"],"picked":"Burst","floor":24},{"not_picked":["Slice","Deflect","Prepared"],"picked":"SKIP","floor":28},{"not_picked":["Deadly Poison","Underhanded Strike"],"picked":"Cloak And Dagger","floor":29}],"player_experience":1360264,"relics_obtained":[{"floor":9,"key":"InkBottle"},{"floor":26,"key":"Peace Pipe"}],"event_choices":[{"cards_removed":["Strike_G"],"damage_healed":0,"gold_gain":0,"player_choice":"Card Removal","damage_taken":7,"max_hp_gain":0,"max_hp_loss":0,"event_name":"Golden Wing","floor":4,"gold_loss":0},{"damage_healed":0,"gold_gain":0,"player_choice":"Ignored","damage_taken":0,"max_hp_gain":0,"max_hp_loss":0,"event_name":"Liars Game","floor":13,"gold_loss":0},{"damage_healed":0,"gold_gain":0,"player_choice":"Ignored","damage_taken":0,"max_hp_gain":0,"max_hp_loss":0,"event_name":"Cursed Tome","floor":19,"gold_loss":0},{"damage_healed":0,"gold_gain":0,"cards_transformed":["Strike_G","Defend_G"],"player_choice":"Became Test Subject","damage_taken":0,"max_hp_gain":0,"max_hp_loss":0,"event_name":"Drug Dealer","floor":21,"gold_loss":0,"cards_obtained":["Dagger Throw","Dash"]},{"damage_healed":0,"gold_gain":0,"player_choice":"Read","damage_taken":0,"max_hp_gain":0,"max_hp_loss":0,"event_name":"The Library","floor":30,"gold_loss":0,"cards_obtained":["Blur"]},{"damage_healed":0,"gold_gain":0,"player_choice":"Trade","damage_taken":0,"relics_obtained":["FaceOfCleric"],"max_hp_gain":0,"max_hp_loss":0,"event_name":"FaceTrader","floor":31,"gold_loss":0}],"is_beta":false,"boss_relics":[{"not_picked":["SacredBark","Ectoplasm"],"picked":"Tiny House"}],"items_purged_floors":[2],"is_endless":false,"potions_floor_spawned":[1,7,16,18,24,29],"killed_by":"Champ","ascension_level":13}}