{"host":"6p0attdrtjqaih7v","time":1613236300,"event":{"mods":["2.2 Compatiblity","AchievementEnabler","Bard","BaseMod","Better Skull","Better Third Choice","Card Filter","Colored Powertips","Hermit","Highlight Path","Hubris","Key Reminder","Minty Spire (QoL Compilation)","Permanent Neow","Quick Restart","Random Character Button","Relic Filter","Relic Stats","Reliquary","Replay The Spire","Robot Space Explorer","StSLib","The Hayseed","The Witch"],"gold_per_floor":[117,217,227,247,5,5,30,30,30,48,74,94,94,129,129,230,230,242,253,203,3,21,53,53,78,78,90,115,0,28,43,43,140,140,156,171,1,51,51,86,104,116,116,127,127,127,138,13,13,13],"floor_reached":51,"language":"ENG","playtime":2474,"items_purged":["Regret","TheSimpletonMod:Strike_TheSimpleton","TheSimpletonMod:Gnats"],"score":1190,"play_id":"764607ce-baec-44bd-887e-109ee004408b","local_time":"20210213121140","is_ascension_mode":true,"campfire_choices":[{"data":"TheSimpletonMod:ReapAndSow","floor":6,"key":"SMITH"},{"data":"TheSimpletonMod:Aerate","floor":8,"key":"SMITH"},{"data":"TheSimpletonMod:Swelter","floor":13,"key":"SMITH"},{"data":"TheSimpletonMod:Coffee","floor":15,"key":"SMITH"},{"floor":24,"key":"REST"},{"data":"TheSimpletonMod:Fecundity","floor":32,"key":"SMITH"},{"data":"TheSimpletonMod:FlashPasteurize","floor":45,"key":"SMITH"},{"data":"TheSimpletonMod:Barnstorm","floor":49,"key":"SMITH"}],"circlet_count":0,"master_deck":["TheSimpletonMod:Strike_TheSimpleton","TheSimpletonMod:Strike_TheSimpleton","TheSimpletonMod:Strike_TheSimpleton","TheSimpletonMod:Defend_TheSimpleton","TheSimpletonMod:Defend_TheSimpleton","TheSimpletonMod:Defend_TheSimpleton","TheSimpletonMod:Haymaker","TheSimpletonMod:ReapAndSow+1","TheSimpletonMod:CloseScrape","TheSimpletonMod:Aerate+1","TheSimpletonMod:BumperCrop","TheSimpletonMod:Coffee+1","TheSimpletonMod:Swelter+1","TheSimpletonMod:KeenEdge","TheSimpletonMod:Spinach","TheSimpletonMod:SpiceUp+1","TheSimpletonMod:Fertilaser","TheSimpletonMod:ReapAndSow+1","TheSimpletonMod:SpiceUp+1","TheSimpletonMod:FlashPasteurize+1","TheSimpletonMod:Swelter+1","TheSimpletonMod:Fecundity+1","TheSimpletonMod:SoilSample+1","TheSimpletonMod:Barnstorm+1","TheSimpletonMod:PestManagement+1","TheSimpletonMod:Coffee","TheSimpletonMod:Fecundity+1","TheSimpletonMod:Coffee+1","TheSimpletonMod:Ferment+1","TheSimpletonMod:Aerate"],"relics":["TheSimpletonMod:NightSoil","TheSimpletonMod:TheHarvester","Cursed Key","Gremlin Horn","ReplayFunnel","Mercury Hourglass","Art of War","WristBlade","DollysMirror","InkBottle","reliquary:JackalopeAntler","reliquary:TridentHead","MawBank","hubris:PeanutButter","Runic Pyramid","Pocketwatch","Turnip","Mirror"],"acts_visited":["Exordium","TheCity","TheBeyond"],"potions_floor_usage":[7,10,16,19,22,23,25,27,33,36,41,47],"damage_taken":[{"damage":3,"enemies":"2 Louse","floor":1,"turns":2},{"damage":0,"enemies":"Cultist","floor":3,"turns":3},{"damage":8,"enemies":"Small Slimes","floor":4,"turns":2},{"damage":12,"enemies":"Lagavulin","floor":7,"turns":5},{"damage":5,"enemies":"Exordium Thugs","floor":10,"turns":4},{"damage":0,"enemies":"3 Sentries","floor":11,"turns":9},{"damage":0,"enemies":"3 Louse","floor":12,"turns":2},{"damage":23,"enemies":"Gremlin Nob","floor":14,"turns":4},{"damage":3,"enemies":"Hexaghost","floor":16,"turns":8},{"damage":21,"enemies":"Spheric Guardian","floor":18,"turns":4},{"damage":0,"enemies":"Shell Parasite","floor":19,"turns":6},{"damage":20,"enemies":"Snake Plant","floor":22,"turns":4},{"damage":7,"enemies":"Gremlin Leader","floor":23,"turns":5},{"damage":14,"enemies":"Book of Stabbing","floor":25,"turns":5},{"damage":2,"enemies":"Snecko","floor":27,"turns":5},{"damage":2,"enemies":"Gremlin Leader","floor":28,"turns":2},{"damage":0,"enemies":"Slavers","floor":30,"turns":3},{"damage":0,"enemies":"Centurion and Healer","floor":31,"turns":5},{"damage":0,"enemies":"Collector","floor":33,"turns":5},{"damage":0,"enemies":"Orb Walker","floor":35,"turns":5},{"damage":7,"enemies":"3 Darklings","floor":36,"turns":2},{"damage":0,"enemies":"Mind Bloom Boss Battle","floor":38,"turns":4},{"damage":0,"enemies":"R_Hoarder","floor":40,"turns":5},{"damage":7,"enemies":"Writhing Mass","floor":41,"turns":6},{"damage":0,"enemies":"Spire Growth","floor":42,"turns":4},{"damage":0,"enemies":"4 Shapes","floor":44,"turns":3},{"damage":5,"enemies":"Transient","floor":47,"turns":5},{"damage":16,"enemies":"Awakened One","floor":50,"turns":6}],"seed_played":"-3598371120184023619","potions_obtained":[{"floor":1,"key":"SpeedPotion"},{"floor":4,"key":"Weak Potion"},{"floor":7,"key":"PowerPotion"},{"floor":10,"key":"LiquidBronze"},{"floor":14,"key":"EssenceOfSteel"},{"floor":18,"key":"GamblersBrew"},{"floor":23,"key":"AttackPotion"},{"floor":25,"key":"Adrenaline Potion"},{"floor":27,"key":"Block Potion"},{"floor":30,"key":"Toxic Potion"},{"floor":36,"key":"Regen Potion"},{"floor":40,"key":"Adrenaline Potion"},{"floor":42,"key":"Swift Potion"},{"floor":44,"key":"Explosive Potion"}],"is_trial":false,"path_per_floor":["M","?","M","M","$","R","E","R","T","M","E","M","R","E","R","B",null,"M","M","?","$","M","E","R","E","T","M","E","$","E","M","R","B",null,"M","M","$","?","?","E","M","M","T","M","R","?","M","$","R","B",null],"character_chosen":"THE_SIMPLETON","items_purchased":["Gremlin Horn","TheSimpletonMod:Fertilaser","DollysMirror","Swift Potion","TheSimpletonMod:Coffee"],"campfire_rested":1,"item_purchase_floors":[5,21,21,29,37],"current_hp_per_floor":[69,69,73,67,67,67,59,59,59,58,62,66,66,47,47,48,68,51,55,55,55,35,32,54,44,44,42,52,52,52,56,56,68,73,75,75,75,75,75,75,68,72,72,75,75,75,74,74,74,62],"gold":13,"neow_bonus":"BOSS_RELIC","is_daily":false,"chose_seed":false,"campfire_upgraded":7,"win_rate":0.0,"timestamp":1613236300,"path_taken":["M","?","M","?","$","R","E","R","T","M","E","M","R","E","R","BOSS","M","?","?","$","M","E","R","E","T","M","E","$","E","?","R","BOSS","M","M","$","?","?","E","M","?","T","M","R","?","M","?","R","BOSS"],"items_purchased_type":["Relic","Card","Relic","Potion","Card"],"build_version":"2020-12-22","purchased_purges":3,"victory":true,"max_hp_per_floor":[75,75,75,75,75,75,75,75,75,75,75,75,75,75,75,75,75,75,75,75,75,75,75,75,75,75,75,75,75,75,75,75,75,75,75,75,75,75,75,75,75,75,75,75,75,75,75,75,75,75],"relic_stats":{"Gremlin Horn":[24,24],"counters":[28,122],"Turnip":[0],"Art of War":[10],"Cursed Key":2,"MawBank":12,"obtain_stats":[{"ReplayFunnel":7,"Gremlin Horn":5,"Cursed Key":0,"MawBank":28,"Mercury Hourglass":11,"TheSimpletonMod:TheHarvester":0,"reliquary:JackalopeAntler":25,"reliquary:TridentHead":26,"WristBlade":17,"DollysMirror":21,"hubris:PeanutButter":30,"Turnip":40,"TheSimpletonMod:SpudOfTheInnocent":0,"Art of War":14,"TheSimpletonMod:NightSoil":0,"Mirror":43,"InkBottle":23,"Runic Pyramid":34,"Pocketwatch":38},{"ReplayFunnel":4,"Gremlin Horn":3,"Cursed Key":0,"MawBank":16,"Mercury Hourglass":6,"TheSimpletonMod:TheHarvester":0,"reliquary:JackalopeAntler":14,"reliquary:TridentHead":14,"WristBlade":9,"DollysMirror":11,"hubris:PeanutButter":17,"Turnip":23,"TheSimpletonMod:SpudOfTheInnocent":0,"Art of War":8,"TheSimpletonMod:NightSoil":0,"Mirror":25,"InkBottle":13,"Runic Pyramid":19,"Pocketwatch":22},{"ReplayFunnel":12,"Gremlin Horn":7,"Cursed Key":0,"MawBank":70,"Mercury Hourglass":25,"TheSimpletonMod:TheHarvester":0,"reliquary:JackalopeAntler":63,"reliquary:TridentHead":63,"WristBlade":39,"DollysMirror":49,"hubris:PeanutButter":73,"Turnip":98,"TheSimpletonMod:SpudOfTheInnocent":0,"Art of War":31,"TheSimpletonMod:NightSoil":0,"Mirror":108,"InkBottle":58,"Runic Pyramid":82,"Pocketwatch":93}],"InkBottle":[38],"Mercury Hourglass":[347],"Pocketwatch":[4]},"card_choices":[{"not_picked":["TheSimpletonMod:Innovate","TheSimpletonMod:Onions","TheSimpletonMod:ControlledBurn"],"picked":"SKIP","floor":1},{"not_picked":["TheSimpletonMod:Ferment","TheSimpletonMod:Rototilling"],"picked":"TheSimpletonMod:CloseScrape","floor":3},{"not_picked":["TheSimpletonMod:Onions","TheSimpletonMod:OnionBloom"],"picked":"TheSimpletonMod:Aerate","floor":4},{"not_picked":["TheSimpletonMod:OnionBloom","TheSimpletonMod:SeedCoat"],"picked":"TheSimpletonMod:BumperCrop","floor":7},{"not_picked":["TheSimpletonMod:ToughenUp","TheSimpletonMod:OnionBloom","TheSimpletonMod:Ferment"],"picked":"SKIP","floor":10},{"not_picked":["TheSimpletonMod:ToughenUp","TheSimpletonMod:OnionBloom","TheSimpletonMod:Ferment"],"picked":"SKIP","floor":10},{"not_picked":["TheSimpletonMod:Innovate","TheSimpletonMod:BirdFeeder"],"picked":"TheSimpletonMod:Coffee","floor":11},{"not_picked":["TheSimpletonMod:VineRipen","TheSimpletonMod:ToughenUp"],"picked":"TheSimpletonMod:Swelter","floor":12},{"not_picked":["TheSimpletonMod:StockTheCellar","TheSimpletonMod:Swelter"],"picked":"TheSimpletonMod:KeenEdge","floor":14},{"not_picked":["TheSimpletonMod:VolatileFumes","TheSimpletonMod:DesperatePlunge"],"picked":"TheSimpletonMod:Spinach","floor":16},{"not_picked":["TheSimpletonMod:DigIn","TheSimpletonMod:OnionBloom","TheSimpletonMod:ControlledBurn"],"picked":"SKIP","floor":18},{"not_picked":["TheSimpletonMod:VineRipen","TheSimpletonMod:CullingStrike"],"picked":"TheSimpletonMod:SpiceUp+1","floor":19},{"not_picked":["TheSimpletonMod:CropRotation","TheSimpletonMod:Coffee"],"picked":"TheSimpletonMod:SpiceUp+1","floor":22},{"not_picked":["TheSimpletonMod:DoubleBarrel","TheSimpletonMod:ToughenUp"],"picked":"TheSimpletonMod:FlashPasteurize","floor":23},{"not_picked":["TheSimpletonMod:SaladShooter","TheSimpletonMod:CloseScrape"],"picked":"TheSimpletonMod:Swelter+1","floor":25},{"not_picked":["TheSimpletonMod:SoilSample","TheSimpletonMod:Pruning+1","TheSimpletonMod:CullingStrike"],"picked":"SKIP","floor":27},{"not_picked":["TheSimpletonMod:TakeHeart","TheSimpletonMod:Swelter"],"picked":"TheSimpletonMod:Fecundity","floor":28},{"not_picked":["TheSimpletonMod:Polyculture","TheSimpletonMod:SaltTheEarth"],"picked":"TheSimpletonMod:SoilSample+1","floor":30},{"not_picked":["TheSimpletonMod:Thresh+1","TheSimpletonMod:Ferment","TheSimpletonMod:DigIn+1"],"picked":"SKIP","floor":31},{"not_picked":["TheSimpletonMod:CropDiversity","TheSimpletonMod:ResistantStrain"],"picked":"TheSimpletonMod:Barnstorm","floor":33},{"not_picked":["TheSimpletonMod:Thresh","TheSimpletonMod:SlashAndBurn+1","TheSimpletonMod:GoToMarket"],"picked":"SKIP","floor":35},{"not_picked":["TheSimpletonMod:Innovate","TheSimpletonMod:SeedCoat"],"picked":"TheSimpletonMod:PestManagement+1","floor":36},{"not_picked":["TheSimpletonMod:Ferment+1","TheSimpletonMod:SpiceUp"],"picked":"TheSimpletonMod:Coffee+1","floor":40},{"not_picked":["TheSimpletonMod:SlashAndBurn+1","TheSimpletonMod:GoToMarket"],"picked":"TheSimpletonMod:Ferment+1","floor":41},{"not_picked":["TheSimpletonMod:Pruning+1","TheSimpletonMod:ToughenUp"],"picked":"TheSimpletonMod:Aerate","floor":42},{"not_picked":["TheSimpletonMod:Aerate","TheSimpletonMod:Rake","TheSimpletonMod:Germinate"],"picked":"SKIP","floor":44},{"not_picked":["TheSimpletonMod:KeenEdge","TheSimpletonMod:Innovate+1","TheSimpletonMod:Sunchoke+1"],"picked":"SKIP","floor":47}],"player_experience":1127961,"relics_obtained":[{"floor":7,"key":"ReplayFunnel"},{"floor":11,"key":"Mercury Hourglass"},{"floor":14,"key":"Art of War"},{"floor":23,"key":"InkBottle"},{"floor":25,"key":"reliquary:JackalopeAntler"},{"floor":26,"key":"reliquary:TridentHead"},{"floor":28,"key":"MawBank"},{"floor":30,"key":"hubris:PeanutButter"},{"floor":38,"key":"Pocketwatch"},{"floor":40,"key":"Turnip"},{"floor":43,"key":"Mirror"}],"event_choices":[{"damage_healed":0,"gold_gain":100,"player_choice":"Pray","damage_taken":0,"max_hp_gain":0,"max_hp_loss":0,"event_name":"Golden Shrine","floor":2,"gold_loss":0},{"damage_healed":0,"gold_gain":0,"player_choice":"Bet on Murderer","damage_taken":0,"max_hp_gain":0,"max_hp_loss":0,"event_name":"The Joust","floor":20,"gold_loss":50},{"damage_healed":0,"gold_gain":0,"player_choice":"Fight","damage_taken":0,"max_hp_gain":0,"max_hp_loss":0,"event_name":"MindBloom","floor":38,"gold_loss":0},{"damage_healed":0,"gold_gain":0,"player_choice":"Copied","damage_taken":0,"max_hp_gain":0,"max_hp_loss":0,"event_name":"Duplicator","floor":39,"gold_loss":0,"cards_obtained":["TheSimpletonMod:Fecundity"]},{"cards_removed":["TheSimpletonMod:Defend_TheSimpleton"],"damage_healed":0,"gold_gain":0,"player_choice":"Removed Skill","damage_taken":0,"max_hp_gain":0,"max_hp_loss":0,"event_name":"Falling","floor":46,"gold_loss":0}],"is_beta":false,"boss_relics":[{"not_picked":["Abe\u0027s Treasure","hubris:Backtick"],"picked":"WristBlade"},{"not_picked":["ChewingGum","SacredBark"],"picked":"Runic Pyramid"}],"items_purged_floors":[29,37,48],"is_endless":false,"potions_floor_spawned":[1,4,7,10,14,18,23,25,27,30,36,40,42,44],"ascension_level":6}}