{"host":"eae5ll7jplp56zri","time":1613233641,"event":{"mods":["100% Spire Juice","2.2 Compatiblity","BaseMod","CapriCore","Colored Map","Colored Powertips","DeckTracker","Hermit","KOR Keyword Fix","Keyboard Shortcuts","Minty Spire (QoL Compilation)","Permanent Neow","Quick Restart","Replay The Spire","StSLib","The Bug Knight","The Cursed","The Immortal","The Jungle","everything is the same but u backflip on backflip"],"gold_per_floor":[363,538,81,96,170,197,207,207,285,296,296,27,27,46,46,46,46],"floor_reached":16,"language":"KOR","playtime":493,"items_purged":["Doubt","Doubt"],"score":100,"play_id":"bf67ab33-730b-4ea8-b869-f3f08b4be6de","local_time":"20210214012721","is_ascension_mode":false,"campfire_choices":[{"floor":8,"key":"REST"},{"floor":11,"key":"REST"},{"data":"hermit:Strike_Hermit+1","floor":15,"key":"PURGE"}],"circlet_count":0,"master_deck":["hermit:Strike_Hermit","hermit:Strike_Hermit+1","hermit:Strike_Hermit","hermit:Defend_Hermit","hermit:Defend_Hermit","hermit:Defend_Hermit","hermit:Defend_Hermit","hermit:Snapshot","hermit:Covet","hermit:BigShot","hermit:WideOpen","hermit:PistolWhip","hermit:Enervate","hermit:Shortfuse","hermit:Deadeye","hermit:Determination","Poisoned Strike"],"relics":["hermit:Momento","Replay:Multitool","Gremlin Food","Replay:Mystery Machine","Replay:Accelerometer","BargainBundle","GremlinMask"],"acts_visited":["Exordium"],"potions_floor_usage":[6],"damage_taken":[{"damage":1,"enemies":"Cultist","floor":1,"turns":4},{"damage":2,"enemies":"Small Slimes","floor":4,"turns":4},{"damage":35,"enemies":"3 Sentries","floor":6,"turns":10},{"damage":11,"enemies":"Jaw Worm","floor":7,"turns":3},{"damage":8,"enemies":"Lots of Slimes","floor":10,"turns":4},{"damage":11,"enemies":"3 Louse","floor":14,"turns":3},{"damage":51,"enemies":"The Guardian","floor":16,"turns":7}],"seed_played":"-4027130662375932047","potions_obtained":[{"floor":5,"key":"LifebloodPotion"},{"floor":5,"key":"Toxic Potion"},{"floor":7,"key":"Reflective Coating"},{"floor":14,"key":"Strength Potion"}],"is_trial":false,"path_per_floor":["M","?","$","M","?","E","M","R","T","M","R","$","?","M","R_BF","B"],"character_chosen":"HERMIT","items_purchased":["Replay:Multitool","hermit:BigShot","BargainBundle","hermit:Determination","Poisoned Strike"],"campfire_rested":2,"item_purchase_floors":[3,3,12,12,12],"current_hp_per_floor":[74,74,74,72,72,37,26,48,48,40,62,62,62,51,51,0,0],"gold":46,"neow_bonus":"TWO_FIFTY_GOLD","is_daily":false,"chose_seed":false,"campfire_upgraded":0,"win_rate":0.0,"timestamp":1613233641,"path_taken":["M","?","$","M","?","E","?","R","T","M","R","$","?","?","R_BF","BOSS"],"items_purchased_type":["Relic","Card","Relic","Card","Card"],"build_version":"2020-12-22","purchased_purges":2,"victory":false,"max_hp_per_floor":[75,75,75,75,75,75,75,75,75,75,75,75,75,75,75,75,75],"card_choices":[{"not_picked":["hermit:HighCaliber","hermit:Manifest","hermit:Cheat"],"picked":"SKIP","floor":1},{"not_picked":["hermit:Spite","hermit:Feint"],"picked":"hermit:WideOpen","floor":4},{"not_picked":["hermit:Spite","hermit:Magnum"],"picked":"hermit:PistolWhip","floor":5},{"not_picked":["hermit:ShadowCloak","hermit:Coalescence"],"picked":"hermit:Enervate","floor":6},{"not_picked":["hermit:Quickdraw","hermit:CalledShot"],"picked":"hermit:Shortfuse","floor":7},{"not_picked":["hermit:Coalescence","hermit:Spite"],"picked":"hermit:Deadeye","floor":10},{"not_picked":["hermit:Ricochet","hermit:HighCaliber","hermit:Coalescence"],"picked":"SKIP","floor":14}],"player_experience":996150,"relics_obtained":[{"floor":5,"key":"Gremlin Food"},{"floor":6,"key":"Replay:Mystery Machine"},{"floor":9,"key":"Replay:Accelerometer"}],"event_choices":[{"damage_healed":0,"gold_gain":175,"player_choice":"AGREE","damage_taken":0,"max_hp_gain":0,"max_hp_loss":0,"event_name":"Liars Game","floor":2,"gold_loss":0,"cards_obtained":["Doubt"]},{"damage_healed":0,"gold_gain":0,"player_choice":"Trade","damage_taken":0,"relics_obtained":["GremlinMask"],"max_hp_gain":0,"max_hp_loss":0,"event_name":"FaceTrader","floor":13,"gold_loss":0}],"is_beta":false,"boss_relics":[],"items_purged_floors":[3,12],"is_endless":false,"potions_floor_spawned":[7,14],"killed_by":"The Guardian","ascension_level":0}}