{"host":"syozzdlzcqop4jia","time":1613188646,"event":{"mods":["AchievementEnabler","BaseMod","Colored Map","Colored Powertips","Minty Spire (QoL Compilation)","Quick Restart"],"gold_per_floor":[117,117,131,148,148,183,195,224,262,297,33,33,47,47,47,142,142,158,172,122,133,133,133,146,146,146,146,159,159,177,151,151,249,249,264,11,11,24,42,77,77,96,150,150,150],"floor_reached":44,"language":"ENG","playtime":2419,"items_purged":[],"score":490,"play_id":"e0bb68dc-acce-454f-baa9-37bd381db87c","local_time":"20210213045726","is_ascension_mode":false,"campfire_choices":[{"floor":7,"key":"RECALL"},{"floor":12,"key":"REST"},{"data":"Chaos","floor":15,"key":"SMITH"},{"floor":23,"key":"REST"},{"floor":29,"key":"REST"},{"floor":32,"key":"REST"},{"floor":41,"key":"REST"}],"circlet_count":0,"master_deck":["Strike_B+1","Strike_B+1","Strike_B+1","Strike_B+1","Defend_B+1","Defend_B+1","Defend_B+1","Zap","Dualcast","Defragment+1","Conserve Battery","Chaos+1","Doom and Gloom","Capacitor","Rebound","Ball Lightning","Defend_G+1","Biased Cognition","Fusion","Leap+1","Ball Lightning","Ball Lightning","Lockon+1","Stack+1","Loop+1","Ball Lightning","Biased Cognition","Sweeping Beam+1","Chaos","Storm","Machine Learning","Defragment+1","Ball Lightning","Chaos+1","Ball Lightning+1"],"relics":["Cracked Core","MawBank","Bronze Scales","Toolbox","Velvet Choker","Kunai","Philosopher\u0027s Stone","Pen Nib","CeramicFish","Lantern"],"acts_visited":["Exordium","TheCity","TheBeyond"],"potions_floor_usage":[6,6,42],"damage_taken":[{"damage":3,"enemies":"2 Louse","floor":1,"turns":3},{"damage":0,"enemies":"Cultist","floor":3,"turns":3},{"damage":12,"enemies":"Small Slimes","floor":4,"turns":3},{"damage":36,"enemies":"Gremlin Nob","floor":6,"turns":5},{"damage":4,"enemies":"Blue Slaver","floor":8,"turns":4},{"damage":3,"enemies":"3 Louse","floor":13,"turns":3},{"damage":33,"enemies":"Hexaghost","floor":16,"turns":7},{"damage":13,"enemies":"2 Thieves","floor":18,"turns":2},{"damage":5,"enemies":"Chosen","floor":19,"turns":4},{"damage":23,"enemies":"Snake Plant","floor":21,"turns":2},{"damage":6,"enemies":"Cultist and Chosen","floor":24,"turns":6},{"damage":15,"enemies":"Snecko","floor":28,"turns":3},{"damage":33,"enemies":"Snake Plant","floor":30,"turns":4},{"damage":65,"enemies":"Automaton","floor":33,"turns":8},{"damage":27,"enemies":"3 Darklings","floor":35,"turns":3},{"damage":3,"enemies":"Orb Walker","floor":38,"turns":3},{"damage":14,"enemies":"Transient","floor":39,"turns":5},{"damage":32,"enemies":"Giant Head","floor":40,"turns":8},{"damage":35,"enemies":"Maw","floor":42,"turns":6},{"damage":2,"enemies":"Jaw Worm Horde","floor":44,"turns":1}],"seed_played":"7409962749182277582","potions_obtained":[{"floor":4,"key":"Regen Potion"},{"floor":6,"key":"EntropicBrew"},{"floor":42,"key":"Energy Potion"}],"is_trial":false,"path_per_floor":["M","?","M","M","?","E","R","M","T","T","$","R","M","?","R","B",null,"M","M","$","M","?","R","M","?","T","?","M","R","M","$","R","B",null,"M","$","?","M","M","E","R","M","T","M"],"character_chosen":"DEFECT","items_purchased":["Capacitor","Toolbox","Rebound","Ball Lightning","Ball Lightning","Chaos","Pen Nib","Storm"],"campfire_rested":5,"item_purchase_floors":[11,11,11,20,31,36,36,36],"current_hp_per_floor":[79,79,79,67,72,41,41,37,37,37,37,63,60,60,60,27,87,74,69,69,46,46,72,66,66,66,66,51,77,44,44,70,5,87,60,60,60,57,43,11,37,2,2,0,0],"gold":150,"neow_bonus":"TEN_PERCENT_HP_BONUS","is_daily":false,"chose_seed":false,"campfire_upgraded":1,"win_rate":0.0,"timestamp":1613188646,"path_taken":["M","?","?","M","?","E","R","M","T","?","$","R","M","?","R","BOSS","M","M","$","M","?","R","M","?","T","?","M","R","M","$","R","BOSS","M","$","?","?","?","E","R","M","T","M"],"items_purchased_type":["Card","Relic","Card","Card","Card","Card","Relic","Card"],"build_version":"2020-12-22","purchased_purges":0,"victory":false,"max_hp_per_floor":[82,82,82,82,87,87,87,87,87,87,87,87,87,87,87,87,87,87,87,87,87,87,87,87,87,87,87,87,87,87,87,87,87,87,87,87,87,87,87,87,87,87,87,87,87],"card_choices":[{"not_picked":["Go for the Eyes","Undo"],"picked":"Defragment","floor":1},{"not_picked":["Storm","Gash"],"picked":"Conserve Battery","floor":3},{"not_picked":["Sweeping Beam","Coolheaded","Aggregate"],"picked":"SKIP","floor":4},{"not_picked":["White Noise","Leap"],"picked":"Chaos","floor":6},{"not_picked":["Melter","Go for the Eyes"],"picked":"Doom and Gloom","floor":8},{"not_picked":["Static Discharge","Genetic Algorithm"],"picked":"Ball Lightning","floor":13},{"not_picked":["All For One","Multi-Cast"],"picked":"Biased Cognition","floor":16},{"not_picked":["Coolheaded+1","Stack"],"picked":"Fusion","floor":18},{"not_picked":["Chill+1","Scrape"],"picked":"Leap+1","floor":19},{"not_picked":["Sweeping Beam+1","Recycle+1"],"picked":"Ball Lightning","floor":21},{"not_picked":["Chaos","Hologram"],"picked":"Lockon+1","floor":24},{"not_picked":["Steam Power","Streamline"],"picked":"Stack+1","floor":28},{"not_picked":["Sweeping Beam","Cold Snap"],"picked":"Loop+1","floor":30},{"not_picked":["Meteor Strike","Hyperbeam"],"picked":"Biased Cognition","floor":33},{"not_picked":["Force Field+1","Blizzard+1"],"picked":"Sweeping Beam+1","floor":35},{"not_picked":["Beam Cell","Redo+1"],"picked":"Defragment+1","floor":38},{"not_picked":["Conserve Battery+1","Steam+1"],"picked":"Ball Lightning","floor":39},{"not_picked":["Gash+1","Barrage"],"picked":"Chaos+1","floor":40},{"not_picked":["Melter","All For One"],"picked":"Ball Lightning+1","floor":42}],"player_experience":712827,"relics_obtained":[{"floor":6,"key":"MawBank"},{"floor":10,"key":"Bronze Scales"},{"floor":26,"key":"Kunai"},{"floor":40,"key":"CeramicFish"},{"floor":43,"key":"Lantern"}],"event_choices":[{"damage_healed":0,"gold_gain":0,"player_choice":"Upgraded","damage_taken":0,"max_hp_gain":0,"max_hp_loss":0,"event_name":"Upgrade Shrine","floor":2,"gold_loss":0,"cards_upgraded":["Defragment"]},{"damage_healed":0,"gold_gain":0,"player_choice":"Donut","damage_taken":0,"max_hp_gain":5,"max_hp_loss":0,"event_name":"Big Fish","floor":5,"gold_loss":0},{"cards_removed":["Defend_B"],"damage_healed":0,"gold_gain":0,"player_choice":"Took Card","damage_taken":0,"max_hp_gain":0,"max_hp_loss":0,"event_name":"NoteForYourself","floor":14,"gold_loss":0,"cards_obtained":["Defend_G"]},{"damage_healed":0,"gold_gain":0,"player_choice":"Ignored","damage_taken":0,"max_hp_gain":0,"max_hp_loss":0,"event_name":"Ghosts","floor":22,"gold_loss":0},{"damage_healed":0,"gold_gain":0,"player_choice":"Ignored","damage_taken":0,"max_hp_gain":0,"max_hp_loss":0,"event_name":"Vampires","floor":25,"gold_loss":0},{"damage_healed":0,"gold_gain":0,"player_choice":"Simplicity","damage_taken":0,"max_hp_gain":0,"max_hp_loss":0,"event_name":"Back to Basics","floor":27,"gold_loss":0,"cards_upgraded":["Strike_B","Strike_B","Strike_B","Strike_B","Defend_B","Defend_B","Defend_B","Defend_G"]},{"damage_healed":0,"gold_gain":0,"player_choice":"1 cards matched","damage_taken":0,"max_hp_gain":0,"max_hp_loss":0,"event_name":"Match and Keep!","floor":37,"gold_loss":0,"cards_obtained":["Machine Learning"]}],"is_beta":false,"boss_relics":[{"not_picked":["Busted Crown","Runic Dome"],"picked":"Velvet Choker"},{"not_picked":["FrozenCore","Astrolabe"],"picked":"Philosopher\u0027s Stone"}],"items_purged_floors":[],"is_endless":false,"potions_floor_spawned":[4,6,16,18,19,28,39,40,42],"killed_by":"Jaw Worm Horde","ascension_level":0}}