{"host":"BK","time":1613191971,"event":{"mods":["BaseMod","Highlight Path","Minty Spire (QoL Compilation)","StSLib"],"gold_per_floor":[161,173,184,27,38,38,73,73,100,134,134,134,144,172,172,250,250,267,267,267,31,44,44,63,63,63,163,163,163],"floor_reached":28,"language":"ENG","playtime":959,"items_purged":["Strike_G"],"score":472,"play_id":"e7a9e328-6302-4504-897f-6bd7791684ca","local_time":"20210212215251","is_ascension_mode":true,"campfire_choices":[{"data":"All Out Attack","floor":6.0,"key":"SMITH"},{"floor":8.0,"key":"REST"},{"data":"Catalyst","floor":12.0,"key":"SMITH"},{"data":"Eviscerate","floor":15.0,"key":"SMITH"},{"floor":23.0,"key":"REST"},{"floor":25.0,"key":"REST"}],"circlet_count":0,"master_deck":["AscendersBane","Strike_G+1","Strike_G+1","Strike_G+1","Defend_G","Defend_G","Defend_G","Defend_G","Defend_G","Survivor","Neutralize","Eviscerate+1","Dagger Throw","Deadly Poison","Blade Dance","All Out Attack+1","Accuracy","Poisoned Stab","Catalyst+1","Adrenaline","Noxious Fumes","Footwork","Dagger Throw"],"relics":["Tiny House","Whetstone","Toy Ornithopter","Bag of Preparation","Tiny Chest","Lizard Tail","Black Star","Sundial","TwistedFunnel","FossilizedHelix","Meat on the Bone"],"acts_visited":["Exordium","TheCity"],"potions_floor_usage":[28],"damage_taken":[{"damage":12.0,"enemies":"Cultist","floor":1.0,"turns":5.0},{"damage":0.0,"enemies":"Jaw Worm","floor":2.0,"turns":3.0},{"damage":5.0,"enemies":"2 Louse","floor":3.0,"turns":2.0},{"damage":9.0,"enemies":"Blue Slaver","floor":5.0,"turns":3.0},{"damage":25.0,"enemies":"Gremlin Nob","floor":7.0,"turns":4.0},{"damage":8.0,"enemies":"3 Sentries","floor":10.0,"turns":5.0},{"damage":0.0,"enemies":"Looter","floor":13.0,"turns":3.0},{"damage":6.0,"enemies":"Gremlin Nob","floor":14.0,"turns":3.0},{"damage":58.0,"enemies":"Slime Boss","floor":16.0,"turns":11.0},{"damage":33.0,"enemies":"Spheric Guardian","floor":18.0,"turns":5.0},{"damage":17.0,"enemies":"Chosen","floor":22.0,"turns":4.0},{"damage":18.0,"enemies":"Snecko","floor":24.0,"turns":4.0},{"damage":13.0,"enemies":"Colosseum Slavers","floor":27.0,"turns":2.0},{"damage":16.0,"enemies":"Colosseum Nobs","floor":27.0,"turns":3.0},{"damage":14,"enemies":"Snake Plant","floor":28,"turns":3}],"seed_played":"2757985740257613179","potions_obtained":[{"floor":0.0,"key":"EssenceOfSteel"},{"floor":1.0,"key":"EssenceOfSteel"},{"floor":10.0,"key":"SkillPotion"},{"floor":13.0,"key":"BlessingOfTheForge"},{"floor":18.0,"key":"CunningPotion"},{"floor":24.0,"key":"SpeedPotion"}],"is_trial":false,"path_per_floor":["M","M","M","$","M","R","E","R","T","E","?","R","M","E","R","B",null,"M","?","T","$","M","R","M","R","T","?","M"],"character_chosen":"THE_SILENT","items_purchased":["Whetstone","TwistedFunnel"],"campfire_rested":3,"item_purchase_floors":[4,21],"current_hp_per_floor":[52,52,47,47,38,38,13,34,34,31,31,31,31,30,30,20,58,25,25,25,25,8,29,11,32,32,8,0,0],"gold":163,"neow_bonus":"BOSS_RELIC","is_daily":false,"chose_seed":false,"campfire_upgraded":3,"win_rate":0.0,"timestamp":1613191971,"path_taken":["M","M","?","$","M","R","E","R","T","E","?","R","?","E","R","BOSS","M","?","?","$","M","R","M","R","T","?","M"],"items_purchased_type":["Relic","Relic"],"build_version":"2020-12-18","purchased_purges":1,"victory":false,"max_hp_per_floor":[71,71,71,71,71,71,71,71,71,71,71,71,71,71,71,71,71,71,71,71,71,71,71,71,71,71,71,71,71],"card_choices":[{"not_picked":["Escape Plan","Deflect"],"picked":"Eviscerate","floor":0.0},{"not_picked":["PiercingWail","Sucker Punch"],"picked":"Dagger Throw","floor":1.0},{"not_picked":["Slice","Accuracy"],"picked":"Deadly Poison","floor":2.0},{"not_picked":["Flechettes","Quick Slash"],"picked":"Blade Dance","floor":3.0},{"not_picked":["Heel Hook","Slice"],"picked":"All Out Attack","floor":5.0},{"not_picked":["Infinite Blades","Blade Dance"],"picked":"Accuracy","floor":7.0},{"not_picked":["Storm of Steel","Quick Slash"],"picked":"Poisoned Stab","floor":10.0},{"not_picked":["Masterful Stab","Poisoned Stab","Distraction"],"picked":"SKIP","floor":13.0},{"not_picked":["Accuracy","Flying Knee","Setup"],"picked":"SKIP","floor":14.0},{"not_picked":["Night Terror","Phantasmal Killer"],"picked":"Adrenaline","floor":16.0},{"not_picked":["Quick Slash","Deflect"],"picked":"Noxious Fumes","floor":18.0},{"not_picked":["PiercingWail","Poisoned Stab"],"picked":"Footwork","floor":22.0},{"not_picked":["Deflect","Cloak And Dagger"],"picked":"Dagger Throw","floor":24.0}],"player_experience":2568584,"relics_obtained":[{"floor":7.0,"key":"Toy Ornithopter"},{"floor":9.0,"key":"Bag of Preparation"},{"floor":10.0,"key":"Tiny Chest"},{"floor":14.0,"key":"Lizard Tail"},{"floor":20.0,"key":"Sundial"},{"floor":27.0,"key":"FossilizedHelix"},{"floor":27.0,"key":"Meat on the Bone"}],"event_choices":[{"damage_healed":0.0,"max_hp_gain":0.0,"max_hp_loss":0.0,"gold_gain":0.0,"cards_transformed":["Strike_G"],"event_name":"Transmorgrifier","player_choice":"Transformed","floor":11.0,"gold_loss":0.0,"damage_taken":0.0,"cards_obtained":["Catalyst"]},{"damage_healed":0.0,"max_hp_gain":0.0,"max_hp_loss":0.0,"gold_gain":0.0,"event_name":"Cursed Tome","player_choice":"Ignored","floor":19.0,"gold_loss":0.0,"damage_taken":0.0},{"damage_healed":0.0,"max_hp_gain":0.0,"max_hp_loss":0.0,"gold_gain":0.0,"event_name":"Colosseum","player_choice":"Fight","floor":27.0,"gold_loss":0.0,"damage_taken":0.0},{"damage_healed":0.0,"max_hp_gain":0.0,"max_hp_loss":0.0,"gold_gain":0.0,"event_name":"Colosseum","player_choice":"Fought Nobs","floor":27.0,"gold_loss":0.0,"damage_taken":0.0}],"is_beta":true,"boss_relics":[{"not_picked":["Runic Dome","Fusion Hammer"],"picked":"Black Star"}],"items_purged_floors":[21],"is_endless":false,"potions_floor_spawned":[1,3,10,13,18,24],"killed_by":"Snake Plant","ascension_level":20}}