{"host":"3vw0pez94il0rm0r","time":1613194852,"event":{"mods":["BaseMod","Minty Spire (QoL Compilation)"],"gold_per_floor":[113,128,147,158,108,136,146,146,146,173,173,185,201,211,211,307,307,323,323,335,48,64,98,98,123,150,180,180,197,197,197,197,292,292,303,358,358,61,71,98,98,112,158,12,12,27,44,44,44,44,44],"floor_reached":50,"language":"ENG","playtime":5169,"items_purged":[],"score":703,"play_id":"01e47ec8-47c2-4806-8738-a0af08aa863b","local_time":"20210213164052","is_ascension_mode":true,"campfire_choices":[{"floor":11.0,"key":"REST"},{"data":"Clothesline","floor":15.0,"key":"SMITH"},{"floor":24.0,"key":"REST"},{"data":"1","floor":30.0,"key":"LIFT"},{"data":"2","floor":32.0,"key":"LIFT"},{"floor":41,"key":"RECALL"},{"data":"Double Tap","floor":49,"key":"SMITH"}],"circlet_count":0,"master_deck":["Defend_R","Defend_R","Bash","Sever Soul","Clothesline+1","Intimidate","Headbutt","Burning Pact","Shrug It Off","Rampage","Shrug It Off","Feed","Flex+1","Sentinel","Inflame","Inflame","Bite","Bite","Bite","Bite","Armaments+1","Double Tap+1","Anger+1","Shrug It Off","Metallicize+1","Dark Shackles","Parasite"],"relics":["Burning Blood","HornCleat","MealTicket","Sozu","ClockworkSouvenir","Centennial Puzzle","Girya","Smiling Mask","Sundial","Busted Crown","Incense Burner","Paper Frog","Ornamental Fan","Bronze Scales","Happy Flower"],"acts_visited":["Exordium","TheCity","TheBeyond"],"potions_floor_usage":[],"damage_taken":[{"damage":1.0,"enemies":"Cultist","floor":1.0,"turns":3.0},{"damage":2.0,"enemies":"Jaw Worm","floor":2.0,"turns":3.0},{"damage":13.0,"enemies":"Small Slimes","floor":3.0,"turns":4.0},{"damage":10.0,"enemies":"Red Slaver","floor":4.0,"turns":4.0},{"damage":45.0,"enemies":"Lagavulin","floor":6.0,"turns":6.0},{"damage":6.0,"enemies":"Looter","floor":7.0,"turns":3.0},{"damage":4.0,"enemies":"3 Sentries","floor":10.0,"turns":10.0},{"damage":13.0,"enemies":"2 Fungi Beasts","floor":12.0,"turns":4.0},{"damage":4.0,"enemies":"Large Slime","floor":13.0,"turns":5.0},{"damage":0.0,"enemies":"3 Louse","floor":14.0,"turns":3.0},{"damage":52.0,"enemies":"The Guardian","floor":16.0,"turns":14.0},{"damage":8.0,"enemies":"2 Thieves","floor":18.0,"turns":4.0},{"damage":7.0,"enemies":"3 Byrds","floor":20.0,"turns":6.0},{"damage":11.0,"enemies":"Snecko","floor":22.0,"turns":4.0},{"damage":31.0,"enemies":"Book of Stabbing","floor":23.0,"turns":5.0},{"damage":38.0,"enemies":"Slavers","floor":25.0,"turns":7.0},{"damage":27.0,"enemies":"Gremlin Leader","floor":27.0,"turns":5.0},{"damage":11.0,"enemies":"Centurion and Healer","floor":29.0,"turns":6.0},{"damage":83,"enemies":"Automaton","floor":33,"turns":10},{"damage":16,"enemies":"3 Darklings","floor":35,"turns":4},{"damage":14,"enemies":"2 Orb Walkers","floor":36,"turns":3},{"damage":11,"enemies":"Orb Walker","floor":39,"turns":2},{"damage":59,"enemies":"Giant Head","floor":40,"turns":8},{"damage":5,"enemies":"Spire Growth","floor":42,"turns":4},{"damage":31,"enemies":"Writhing Mass","floor":46,"turns":5},{"damage":27,"enemies":"Jaw Worm Horde","floor":47,"turns":5},{"damage":85,"enemies":"Awakened One","floor":50,"turns":10}],"seed_played":"-1286145193948519930","potions_obtained":[{"floor":1.0,"key":"Ancient Potion"},{"floor":6.0,"key":"HeartOfIron"},{"floor":12.0,"key":"LiquidMemories"},{"floor":13.0,"key":"Fire Potion"}],"is_trial":false,"path_per_floor":["M","M","M","M","?","E","M","?","T","E","R","M","M","M","R","B",null,"M","?","M","$","M","E","R","E","T","E","?","M","R","$","R","B",null,"M","?","?","$","M","E","R","M","T","$","?","M","M","$","R","B"],"character_chosen":"IRONCLAD","items_purchased":["ClockworkSouvenir","Centennial Puzzle","Shrug It Off","Paper Frog","Happy Flower"],"campfire_rested":2,"item_purchase_floors":[21,21,38,38,44],"current_hp_per_floor":[80,80,73,69,69,30,30,30,30,32,56,49,51,57,57,11,80,81,81,80,83,81,56,81,49,49,30,30,43,43,58,58,15,86,83,83,83,89,88,42,42,56,56,71,71,50,40,55,55,0,0],"gold":44,"neow_bonus":"TRANSFORM_CARD","is_daily":false,"chose_seed":false,"campfire_upgraded":2,"win_rate":0.0,"timestamp":1613194852,"path_taken":["M","?","M","M","?","E","M","?","T","E","R","?","M","M","R","BOSS","M","?","M","$","M","E","R","E","T","E","?","M","R","$","R","BOSS","M","?","?","$","M","E","R","M","T","$","?","?","M","?","R","BOSS"],"items_purchased_type":["Relic","Relic","Card","Relic","Relic"],"build_version":"2020-12-22","purchased_purges":0,"victory":false,"max_hp_per_floor":[80,80,80,80,80,80,80,80,80,80,80,80,80,80,80,80,80,83,83,83,83,86,86,86,86,86,86,86,86,86,86,86,86,86,86,89,89,89,89,89,89,92,92,92,92,92,92,92,92,95,95],"card_choices":[{"not_picked":["Clash","Body Slam"],"picked":"Clothesline","floor":1.0},{"not_picked":["Perfected Strike","Headbutt"],"picked":"Intimidate","floor":2.0},{"not_picked":["Sever Soul","Body Slam"],"picked":"Headbutt","floor":3.0},{"not_picked":["Havoc","Wild Strike","Clash"],"picked":"SKIP","floor":4.0},{"not_picked":["Inflame","Clothesline"],"picked":"Burning Pact","floor":6.0},{"not_picked":["Disarm","Flex"],"picked":"Shrug It Off","floor":7.0},{"not_picked":["Pommel Strike","Clash"],"picked":"Rampage","floor":10.0},{"not_picked":["True Grit","Clash","Pummel"],"picked":"SKIP","floor":12.0},{"not_picked":["Dual Wield","Cleave"],"picked":"Shrug It Off","floor":13.0},{"not_picked":["Dual Wield","Clothesline","Perfected Strike"],"picked":"SKIP","floor":14.0},{"not_picked":["Barricade","Berserk"],"picked":"Feed","floor":16.0},{"not_picked":["Perfected Strike","Twin Strike","Intimidate"],"picked":"SKIP","floor":18.0},{"not_picked":["Dropkick","Reckless Charge"],"picked":"Flex+1","floor":20.0},{"not_picked":["Metallicize","Blood for Blood"],"picked":"Sentinel","floor":22.0},{"not_picked":["Fire Breathing","Uppercut","Carnage"],"picked":"SKIP","floor":23.0},{"not_picked":["Havoc","Impervious"],"picked":"Inflame","floor":25.0},{"not_picked":["Metallicize","Havoc"],"picked":"Inflame","floor":27.0},{"not_picked":["Anger","True Grit"],"picked":"Armaments+1","floor":29.0},{"not_picked":["Impervious","Fiend Fire"],"picked":"Double Tap","floor":33},{"not_picked":[],"picked":"Anger+1","floor":35},{"not_picked":[],"picked":"Metallicize+1","floor":39},{"not_picked":["Sword Boomerang"],"picked":"SKIP","floor":40},{"not_picked":["Warcry"],"picked":"SKIP","floor":42},{"not_picked":["Iron Wave+1"],"picked":"SKIP","floor":46},{"not_picked":["Anger"],"picked":"SKIP","floor":47}],"player_experience":262561,"relics_obtained":[{"floor":6.0,"key":"HornCleat"},{"floor":10.0,"key":"MealTicket"},{"floor":23.0,"key":"Girya"},{"floor":25.0,"key":"Smiling Mask"},{"floor":26.0,"key":"Blood Vial"},{"floor":27.0,"key":"Sundial"},{"floor":36,"key":"Incense Burner"},{"floor":40,"key":"Ornamental Fan"},{"floor":43,"key":"Bronze Scales"}],"event_choices":[{"cards_removed":["Strike_R"],"damage_healed":0.0,"max_hp_gain":0.0,"max_hp_loss":0.0,"gold_gain":0.0,"event_name":"The Cleric","player_choice":"Card Removal","floor":5.0,"gold_loss":50.0,"damage_taken":0.0},{"cards_removed":["Strike_R"],"damage_healed":0.0,"max_hp_gain":0.0,"max_hp_loss":0.0,"gold_gain":0.0,"event_name":"Purifier","player_choice":"Purged","floor":8.0,"gold_loss":0.0,"damage_taken":0.0},{"cards_removed":["Defend_R"],"damage_healed":0.0,"max_hp_gain":0.0,"max_hp_loss":0.0,"gold_gain":0.0,"event_name":"Back to Basics","player_choice":"Elegance","floor":19.0,"gold_loss":0.0,"damage_taken":0.0},{"damage_healed":0.0,"max_hp_gain":0.0,"max_hp_loss":0.0,"gold_gain":0.0,"event_name":"Vampires","player_choice":"Became a vampire (Vial)","floor":28.0,"relics_lost":["Blood Vial"],"gold_loss":0.0,"damage_taken":0.0,"cards_obtained":["Bite","Bite","Bite","Bite","Bite"]},{"damage_healed":0,"gold_gain":0,"player_choice":"Fight","damage_taken":0,"max_hp_gain":0,"max_hp_loss":0,"event_name":"Mysterious Sphere","floor":36,"gold_loss":0},{"cards_removed":["Bite"],"damage_healed":0,"gold_gain":0,"player_choice":"Removed Attack","damage_taken":0,"max_hp_gain":0,"max_hp_loss":0,"event_name":"Falling","floor":37,"gold_loss":0},{"damage_healed":0,"gold_gain":0,"player_choice":"1 cards matched","damage_taken":0,"max_hp_gain":0,"max_hp_loss":0,"event_name":"Match and Keep!","floor":45,"gold_loss":0,"cards_obtained":["Dark Shackles"]}],"is_beta":false,"boss_relics":[{"not_picked":["Calling Bell","Cursed Key"],"picked":"Sozu"},{"not_picked":["Astrolabe","Philosopher\u0027s Stone"],"picked":"Busted Crown"}],"items_purged_floors":[],"is_endless":false,"potions_floor_spawned":[1,6,12,13,18,25,27,35,46],"killed_by":"Awakened One","ascension_level":4}}