{"host":"dr01x95rw3kaiuk5","time":1613208763,"event":{"mods":["ATMod(阿瑾Mod)","Act Like it!","Arknights","BaseMod","Colored Powertips","Conspire","Energized Spire","Friendly Minions","Gensokyo","GifTheSpireLib","KinomotoSakuraMod(木之本樱)","Minty Spire (QoL Compilation)","MostiFishMod","Reliquary","Replay The Spire","Shop Mod","Spicy Shops","StSLib","TestMod","UnlockEverythingMod","[IsaacMod]以撒尖塔","【遗物卡牌】REMEMod"],"gold_per_floor":[110,125,50,50,8,8,36,36,61,72,102,14,43,43,43,137,200,215,248,318,122,172,212,212,247,274,288,288,327,145,169,169,267,267,291,90,90,90,15,18,18,57,83,102,102,17,49,81,81,91,98],"floor_reached":52,"language":"ZHS","playtime":2450,"items_purged":["Strike_G","Strike_G","Strike_G","Strike_G"],"score":1964,"play_id":"1e20253e-1472-4fc2-90a1-8bbf4eb7aa37","local_time":"20210213173243","is_ascension_mode":true,"campfire_choices":[{"data":"Dagger Spray","floor":6.0,"key":"SMITH"},{"data":"Accuracy","floor":8.0,"key":"SMITH"},{"data":"AT_ChampionStep","floor":15.0,"key":"SMITH"},{"data":"conspire:DoublingDagger","floor":28,"key":"SMITH"},{"floor":32,"key":"REST"},{"data":"Cloak And Dagger","floor":41,"key":"SMITH"}],"circlet_count":0,"master_deck":["AscendersBane","Strike_G","Defend_G+1","Defend_G+1","Defend_G+1","Defend_G+1","Defend_G+1","Survivor","Neutralize","AT_ChampionStep+1","Dagger Spray+1","Strike_G","Accuracy+1","Acrobatics","AT_Desolate+1","conspire:DoublingDagger+1","Escape Plan+1","After Image+1","Terror","AT_KingSlayer+1","ReplayTheSpireMod:Scrap Shanks+1","Cloak And Dagger+1","Die Die Die+1","Blade Dance+1","Pot Of Greed","Pot Of Greed","Pot Of Greed","Calculated Gamble","Escape Plan"],"relics":["Ring of the Snake","CombinedTypeHook","SteamSale","testmod-IndustrialRevolution","REME_PuzzleBoxRelic","SynthV:TestCard","Replay:Bottled Eggs","Anchor","Frozen Egg 2","AT_ArchangelStaff","Golden Idol","Red Mask","InkBottle","BrkXgEgg","Bag of Preparation","Void","testmod-Acrobat","Akabeko","REME_HandOfSuture","reliquary:HotPoker","reliquary:KinkedSpring","REME_LimitBreaker","Potion Belt","testmod-LifeArmor","Grinning Jar"],"acts_visited":["Exordium","TheCity","TheBeyond"],"potions_floor_usage":[33,50,51,51],"damage_taken":[{"damage":0.0,"enemies":"Small Slimes","floor":1.0,"turns":3.0},{"damage":0.0,"enemies":"2 Louse","floor":2.0,"turns":2.0},{"damage":0.0,"enemies":"3 Sentries","floor":7.0,"turns":1.0},{"damage":0.0,"enemies":"Cultist","floor":10.0,"turns":2.0},{"damage":3.0,"enemies":"Lagavulin","floor":11.0,"turns":6.0},{"damage":7.0,"enemies":"Exordium Thugs","floor":12.0,"turns":4.0},{"damage":12.0,"enemies":"3 Sentries","floor":13.0,"turns":5.0},{"damage":0.0,"enemies":"The Guardian","floor":16.0,"turns":3.0},{"damage":7.0,"enemies":"conspire:FuzzyDice","floor":18.0,"turns":4.0},{"damage":0.0,"enemies":"Masked Bandits","floor":19.0,"turns":2.0},{"damage":0,"enemies":"conspire:Head Lice","floor":23,"turns":4},{"damage":2,"enemies":"Slavers","floor":25,"turns":3},{"damage":0,"enemies":"3 Byrds","floor":27,"turns":2},{"damage":0,"enemies":"conspire:SneckoGhost","floor":29,"turns":3},{"damage":0,"enemies":"Cultist and Chosen","floor":31,"turns":3},{"damage":28,"enemies":"conspire:MysteriousRune","floor":33,"turns":4},{"damage":0,"enemies":"Orb Walker","floor":35,"turns":1},{"damage":0,"enemies":"R_Hoarder","floor":40,"turns":2},{"damage":1,"enemies":"Giant Head","floor":42,"turns":4},{"damage":0,"enemies":"3 Shapes","floor":44,"turns":1},{"damage":0,"enemies":"3 Darklings","floor":47,"turns":2},{"damage":0,"enemies":"4 Shapes","floor":48,"turns":1},{"damage":0,"enemies":"Time Eater","floor":50,"turns":2},{"damage":7,"enemies":"Replay:Hell Engine","floor":51,"turns":2}],"seed_played":"3442758454539478980","potions_obtained":[{"floor":1.0,"key":"SkillPotion"},{"floor":2.0,"key":"SkillPotion"},{"floor":13.0,"key":"Weak Potion"},{"floor":19.0,"key":"EssenceOfSteel"},{"floor":23,"key":"FearPotion"},{"floor":35,"key":"Block Potion"},{"floor":44,"key":"SteroidPotion"},{"floor":48,"key":"ColorlessPotion"}],"is_trial":false,"path_per_floor":["M","M","?","T","$","R","E","R","T","M","E","M","E","?","R","B",null,"M","?","?","$","?","E","?","E","T","M","R","E","$","M","R","B",null,"M","$","?","?","$","E","R","E","T","M","?","$","M","M","R","B","B",null],"character_chosen":"THE_SILENT","items_purchased":["Accuracy","BrkXgEgg","Bag of Preparation","reliquary:HotPoker","REME_LimitBreaker","Grinning Jar"],"campfire_rested":1,"item_purchase_floors":[5,21,21,30,36,46],"current_hp_per_floor":[59,59,59,59,59,59,66,66,66,66,63,56,47,47,47,47,62,55,55,29,29,29,29,29,27,27,27,27,27,27,27,46,18,53,53,53,49,49,49,49,49,48,48,48,48,48,48,48,62,62,55],"gold":98,"neow_bonus":"RANDOM_COMMON_RELIC","is_daily":false,"chose_seed":false,"campfire_upgraded":5,"win_rate":0.0,"timestamp":1613208763,"path_taken":["M","M","?","?","$","R","E","R","T","?","E","M","E","?","R","BOSS","M","?","?","$","?","E","?","E","T","M","R","E","$","M","R","BOSS","M","$","?","?","$","E","R","E","T","M","?","?","M","M","R","BOSS","BOSS"],"items_purchased_type":["Card","Relic","Relic","Relic","Relic","Relic"],"build_version":"2020-12-22","purchased_purges":4,"victory":true,"max_hp_per_floor":[66,66,66,66,66,66,66,66,66,66,66,66,66,60,60,60,65,65,65,65,65,65,65,65,65,65,65,65,65,65,65,65,65,65,65,65,65,65,65,65,65,62,62,62,62,62,62,62,62,62,62],"card_choices":[{"not_picked":[],"picked":"Bomb","floor":0.0},{"not_picked":["Sneak Up","Bane","Quick Slash"],"picked":"SKIP","floor":1.0},{"not_picked":["Deflect","Poison Darts","Quick Slash","Blur"],"picked":"Dagger Spray","floor":2.0},{"not_picked":["Underhanded Strike","Reflex","Deadly Poison","Flying Knee","Deflect"],"picked":"SKIP","floor":7.0},{"not_picked":["Finisher","ReplayTheSpireMod:The Works","Outmaneuver","Expertise"],"picked":"Acrobatics","floor":10.0},{"not_picked":["Malaise","MostiFishMod:ThornCasing+1","Blur","Deadly Poison"],"picked":"AT_Desolate+1","floor":11.0},{"not_picked":["Outmaneuver","Skewer","conspire:PoisonWeapons","Blade Dance"],"picked":"conspire:DoublingDagger","floor":12.0},{"not_picked":["Flying Knee","MostiFishMod:Opportunism","Deflect","Concentrate"],"picked":"Escape Plan","floor":13.0},{"not_picked":["Glass Knife","Grand Finale","REME_GrazeFinale","Doppelganger"],"picked":"After Image+1","floor":16.0},{"not_picked":["MostiFishMod:PerfectParry","Draining Mist","Masterful Stab","Dodge and Roll+1","Dagger Throw"],"picked":"SKIP","floor":18.0},{"not_picked":["Deadly Poison+1","Burst","Blur","Underhanded Strike"],"picked":"conspire:DoublingDagger","floor":20.0},{"not_picked":["Slice","Bouncing Flask","Footwork+1","Acrobatics+1"],"picked":"Terror","floor":23},{"not_picked":["Deflect","Dodge and Roll+1","Deadly Poison","Flechettes+1"],"picked":"AT_KingSlayer+1","floor":25},{"not_picked":["Acrobatics","Underhanded Strike","Sucker Punch+1","Deflect","Deadly Poison"],"picked":"SKIP","floor":27},{"not_picked":["AT_WindFlip+1","MostiFishMod:PreservedThorns+1","Distraction","All Out Attack"],"picked":"ReplayTheSpireMod:Scrap Shanks+1","floor":29},{"not_picked":["Prepared","Flying Knee+1","conspire:DoublingDagger","ReplayTheSpireMod:Speed Training"],"picked":"Cloak And Dagger","floor":31},{"not_picked":["Doppelganger+1","MostiFishMod:Dislodge+1","Grand Finale+1","Glass Knife+1"],"picked":"Die Die Die+1","floor":33},{"not_picked":["Flying Knee","AT_WindFlip+1","Endless Agony+1","MostiFishMod:PerfectParry"],"picked":"Blade Dance","floor":35},{"not_picked":["Dagger Spray","ReplayTheSpireMod:Scrap Shanks+1","Underhanded Strike+1","Slice","Draining Mist+1"],"picked":"SKIP","floor":42},{"not_picked":["Sneak Up","Dagger Spray+1","Deflect+1","Cloak And Dagger+1","Backflip"],"picked":"SKIP","floor":44},{"not_picked":["AT_KneejerkReflex+1","Venomology+1","Quick Slash+1","Flying Knee"],"picked":"Calculated Gamble","floor":47},{"not_picked":["Blade Dance","conspire:DoublingDagger","Noxious Fumes+1","Slice"],"picked":"Escape Plan","floor":48}],"player_experience":269817,"relics_obtained":[{"floor":1.0,"key":"SynthV:TestCard"},{"floor":4.0,"key":"Replay:Bottled Eggs"},{"floor":7.0,"key":"Anchor"},{"floor":11.0,"key":"Frozen Egg 2"},{"floor":13.0,"key":"AT_ArchangelStaff"},{"floor":19.0,"key":"Red Mask"},{"floor":20.0,"key":"InkBottle"},{"floor":23,"key":"Void"},{"floor":25,"key":"testmod-Acrobat"},{"floor":26,"key":"Akabeko"},{"floor":29,"key":"REME_HandOfSuture"},{"floor":42,"key":"Potion Belt"},{"floor":43,"key":"testmod-LifeArmor"}],"event_choices":[{"damage_healed":0.0,"max_hp_gain":0.0,"max_hp_loss":6.0,"gold_gain":0.0,"event_name":"Golden Idol","player_choice":"Lose Max HP","floor":14.0,"gold_loss":0.0,"damage_taken":0.0,"relics_obtained":["Golden Idol"]},{"damage_healed":0.0,"max_hp_gain":0.0,"max_hp_loss":0.0,"gold_gain":0.0,"event_name":"Masked Bandits","player_choice":"Fought Bandits","floor":19.0,"gold_loss":0.0,"damage_taken":0.0},{"damage_healed":0,"gold_gain":50,"player_choice":"Stole From Cult","damage_taken":0,"max_hp_gain":0,"max_hp_loss":0,"event_name":"Nest","floor":22,"gold_loss":0},{"damage_healed":0,"gold_gain":0,"player_choice":"Ignored","damage_taken":0,"max_hp_gain":0,"max_hp_loss":0,"event_name":"Vampires","floor":24,"gold_loss":0},{"damage_healed":0,"gold_gain":0,"player_choice":"Leave","damage_taken":0,"max_hp_gain":0,"max_hp_loss":0,"event_name":"conspire:Investor","floor":37,"gold_loss":0},{"cards_removed":["conspire:DoublingDagger"],"damage_healed":0,"gold_gain":0,"player_choice":"Removed Skill","damage_taken":0,"max_hp_gain":0,"max_hp_loss":0,"event_name":"Falling","floor":38,"gold_loss":0},{"damage_healed":0,"gold_gain":0,"player_choice":"Swap Relic","damage_taken":0,"relics_obtained":["testmod-TestBox"],"max_hp_gain":0,"max_hp_loss":0,"event_name":"给自己的盒子","floor":45,"relics_lost":["HushsDoor"],"gold_loss":0}],"is_beta":false,"boss_relics":[{"not_picked":["energizedSpire:RedRose","energizedSpire:OgreHead"],"picked":"Tiny House"},{"not_picked":[]},{"not_picked":["REME_DuelDisc","OneHitWonderSystem"],"picked":"reliquary:KinkedSpring"},{"not_picked":[]}],"items_purged_floors":[21,30,36,39],"is_endless":false,"potions_floor_spawned":[1,2,10,13,16,19,23,27,31,35,44,48],"ascension_level":20}}