{"host":"q9sqrn60n8lvmavn","time":1613203133,"event":{"mods":["AchievementEnabler","AlwaysNeverKeys","BaseMod","Better Third Choice","Better Vampires","Better-Laid Plans","Block Reminder","Colored Powertips","Curses Come First","DNKmod","Emptier Cage","Friendly Minions","Minty Spire (QoL Compilation)","Permanent Neow","Relic Filter Mod","Reorder Act Four","Shop Mod","StSLib","Weighted Paths"],"gold_per_floor":[1011,1024,1024,949,964,964,989,999,999,999,1025,628,663,673,673,771,771,783,802,828,841,841,841,868,884,884,522,555,569,40,65,77,198,210,249,125,134,154,202,240,240,270,270,305,314,314,324,350,350,350,350,114,114,139,139],"floor_reached":56,"language":"ENG","playtime":2472,"items_purged":["Defend_P","Strike_P","Strike_P","Strike_P","Strike_P","Eruption+1"],"score":2611,"play_id":"64434258-034b-449b-ac84-5a5fcdf1fbfc","local_time":"20210212235853","is_ascension_mode":true,"campfire_choices":[{"data":"Consecrate","floor":6,"key":"SMITH"},{"data":"Eruption","floor":10,"key":"SMITH"},{"data":"Prostrate","floor":15,"key":"SMITH"},{"data":"Adaptation","floor":23,"key":"SMITH"},{"data":"TalkToTheHand","floor":32,"key":"SMITH"},{"data":"EmptyMind","floor":41,"key":"SMITH"},{"data":"1","floor":49,"key":"LIFT"},{"data":"2","floor":53,"key":"LIFT"}],"circlet_count":0,"master_deck":["AscendersBane","Vigilance","Consecrate+1","CutThroughFate","Halt","Prostrate+1","CutThroughFate","Devotion","Adaptation+1","Study+1","Indignation","TalkToTheHand+1","Scrawl","Wallop","Panacea","Prostrate+1","EmptyMind+1","WheelKick","Panache+1","WheelKick"],"relics":["PureWater","Unceasing Top","Lizard Tail","Mercury Hourglass","Mummified Hand","Calipers","Nunchaku","Black Star","Red Mask","Happy Flower","Frozen Egg 2","PreservedInsect","Strange Spoon","CeramicFish","Shuriken","ClockworkSouvenir","MerchantsRug","Pantograph","Runic Dome","Girya","Lantern","Blood Vial","Anchor","Centennial Puzzle","Bottled Lightning","Bottled Tornado","Strawberry","Vajra","DollysMirror","Ice Cream","Incense Burner"],"acts_visited":["Exordium","TheCity","TheBeyond","TheEnding"],"potions_floor_usage":[16,25,39,42,44,55,55],"damage_taken":[{"damage":0,"enemies":"Jaw Worm","floor":1,"turns":2},{"damage":0,"enemies":"Cultist","floor":2,"turns":3},{"damage":0,"enemies":"2 Louse","floor":5,"turns":2},{"damage":16,"enemies":"3 Sentries","floor":7,"turns":4},{"damage":0,"enemies":"Blue Slaver","floor":8,"turns":1},{"damage":0,"enemies":"Lagavulin","floor":11,"turns":3},{"damage":0,"enemies":"Gremlin Nob","floor":13,"turns":2},{"damage":0,"enemies":"Exordium Thugs","floor":14,"turns":2},{"damage":0,"enemies":"Hexaghost","floor":16,"turns":4},{"damage":0,"enemies":"Spheric Guardian","floor":18,"turns":2},{"damage":3,"enemies":"3 Byrds","floor":19,"turns":3},{"damage":1,"enemies":"Masked Bandits","floor":20,"turns":2},{"damage":0,"enemies":"Snecko","floor":21,"turns":2},{"damage":0,"enemies":"Gremlin Leader","floor":24,"turns":2},{"damage":13,"enemies":"Snake Plant","floor":25,"turns":2},{"damage":0,"enemies":"Slavers","floor":28,"turns":2},{"damage":0,"enemies":"Centurion and Healer","floor":29,"turns":2},{"damage":36,"enemies":"Book of Stabbing","floor":31,"turns":3},{"damage":0,"enemies":"Collector","floor":33,"turns":3},{"damage":0,"enemies":"3 Shapes","floor":35,"turns":1},{"damage":0,"enemies":"3 Darklings","floor":38,"turns":2},{"damage":60,"enemies":"2 Orb Walkers","floor":39,"turns":3},{"damage":11,"enemies":"Nemesis","floor":40,"turns":3},{"damage":0,"enemies":"Giant Head","floor":42,"turns":2},{"damage":0,"enemies":"Nemesis","floor":44,"turns":3},{"damage":0,"enemies":"Jaw Worm Horde","floor":47,"turns":1},{"damage":0,"enemies":"Giant Head","floor":48,"turns":1},{"damage":7,"enemies":"Time Eater","floor":50,"turns":3},{"damage":0,"enemies":"Shield and Spear","floor":54,"turns":2},{"damage":2,"enemies":"The Heart","floor":55,"turns":4}],"seed_played":"-7445396026974424379","potions_obtained":[{"floor":2,"key":"GamblersBrew"},{"floor":5,"key":"SteroidPotion"},{"floor":14,"key":"Dexterity Potion"},{"floor":16,"key":"Ancient Potion"},{"floor":24,"key":"StancePotion"},{"floor":25,"key":"SkillPotion"},{"floor":28,"key":"Energy Potion"},{"floor":40,"key":"PowerPotion"},{"floor":44,"key":"LiquidMemories"},{"floor":47,"key":"Strength Potion"},{"floor":54,"key":"Strength Potion"}],"is_trial":false,"path_per_floor":["M","M","?","$","M","R","E","M","T","R","E","$","E","M","R","B",null,"M","M","?","M","?","R","E","M","T","$","E","M","$","E","R","B",null,"M","$","?","M","?","E","R","E","T","E","?","?","M","E","R","B",null,"$","R","E","B",null],"character_chosen":"WATCHER","items_purchased":["Calipers","Strange Spoon","TalkToTheHand","Shuriken","ClockworkSouvenir","MerchantsRug","DollysMirror"],"campfire_rested":0,"item_purchase_floors":[12,27,27,30,30,30,52],"current_hp_per_floor":[70,70,70,70,70,70,54,54,54,54,54,54,54,54,54,54,89,89,86,85,85,85,85,85,72,72,72,72,72,72,36,36,61,90,90,90,90,90,30,19,19,21,21,23,23,23,25,34,34,54,94,94,94,96,105],"gold":139,"neow_bonus":"REMOVE_TWO","is_daily":false,"chose_seed":false,"campfire_upgraded":6,"win_rate":0.0,"timestamp":1613203133,"path_taken":["M","M","?","?","M","R","E","?","T","R","E","$","E","M","R","BOSS","M","M","?","M","?","R","E","?","T","$","E","M","$","E","R","BOSS","M","$","?","?","?","E","R","E","T","E","?","?","?","E","R","BOSS","$","R","E","BOSS"],"items_purchased_type":["Relic","Relic","Card","Relic","Relic","Relic","Relic"],"build_version":"2020-12-22","purchased_purges":6,"victory":true,"max_hp_per_floor":[100,100,100,100,100,100,100,100,100,100,100,100,100,100,100,100,100,100,100,100,100,100,100,100,100,100,100,100,100,100,100,100,100,100,100,100,100,100,100,100,100,100,100,100,100,100,100,107,107,107,107,107,107,107,107],"card_choices":[{"not_picked":["ClearTheMind","SashWhip","LikeWater"],"picked":"SKIP","floor":1},{"not_picked":["FlyingSleeves","MentalFortress","Protect"],"picked":"SKIP","floor":2},{"not_picked":["SandsOfTime","SashWhip"],"picked":"Consecrate","floor":5},{"not_picked":["FearNoEvil","Worship"],"picked":"CutThroughFate","floor":7},{"not_picked":["EmptyBody","BowlingBash"],"picked":"Halt","floor":8},{"not_picked":["Weave","Judgement"],"picked":"Prostrate","floor":11},{"not_picked":["Pray","WaveOfTheHand"],"picked":"CutThroughFate","floor":13},{"not_picked":["Consecrate","MentalFortress","Weave"],"picked":"SKIP","floor":14},{"not_picked":["Blasphemy","Omniscience"],"picked":"Devotion","floor":16},{"not_picked":["EmptyFist","CrushJoints+1","Protect"],"picked":"SKIP","floor":18},{"not_picked":["Protect","MentalFortress"],"picked":"Adaptation","floor":19},{"not_picked":["Consecrate","ForeignInfluence"],"picked":"Study","floor":20},{"not_picked":["JustLucky","Consecrate"],"picked":"Indignation","floor":21},{"not_picked":["FollowUp+1","Collect","Crescendo"],"picked":"SKIP","floor":24},{"not_picked":["JustLucky","Indignation"],"picked":"Vengeance","floor":25},{"not_picked":["Weave","FlyingSleeves","Crescendo"],"picked":"SKIP","floor":28},{"not_picked":["Evaluate","ReachHeaven","ForeignInfluence"],"picked":"SKIP","floor":29},{"not_picked":["BowlingBash","CarveReality","EmptyFist"],"picked":"SKIP","floor":31},{"not_picked":["Brilliance","Wish"],"picked":"Scrawl","floor":33},{"not_picked":["FlurryOfBlows","Consecrate+1"],"picked":"Wallop","floor":35},{"not_picked":["BowlingBash","CutThroughFate"],"picked":"Prostrate+1","floor":38},{"not_picked":["DeusExMachina","ClearTheMind"],"picked":"EmptyMind","floor":40},{"not_picked":["PathToVictory","BowlingBash","Study+1"],"picked":"SKIP","floor":42},{"not_picked":["Vengeance","Indignation"],"picked":"WheelKick","floor":44},{"not_picked":["Forethought","Purity"],"picked":"Panache+1","floor":45},{"not_picked":["SashWhip","Crescendo","ReachHeaven+1"],"picked":"SKIP","floor":47},{"not_picked":["EmptyFist","BowlingBash+1","WaveOfTheHand"],"picked":"SKIP","floor":48},{"not_picked":["FearNoEvil","SandsOfTime","Vengeance"],"picked":"SKIP","floor":54}],"player_experience":245299,"relics_obtained":[{"floor":7,"key":"Mercury Hourglass"},{"floor":9,"key":"Mummified Hand"},{"floor":11,"key":"Blue Candle"},{"floor":13,"key":"Nunchaku"},{"floor":20,"key":"Red Mask"},{"floor":24,"key":"Happy Flower"},{"floor":24,"key":"Frozen Egg 2"},{"floor":26,"key":"PreservedInsect"},{"floor":28,"key":"Art of War"},{"floor":28,"key":"CeramicFish"},{"floor":31,"key":"MawBank"},{"floor":31,"key":"Pantograph"},{"floor":39,"key":"Girya"},{"floor":40,"key":"Lantern"},{"floor":40,"key":"Blood Vial"},{"floor":42,"key":"Anchor"},{"floor":42,"key":"Centennial Puzzle"},{"floor":43,"key":"Bottled Lightning"},{"floor":44,"key":"Bottled Tornado"},{"floor":44,"key":"StoneCalendar"},{"floor":48,"key":"Strawberry"},{"floor":48,"key":"Vajra"},{"floor":54,"key":"Ice Cream"},{"floor":54,"key":"Incense Burner"}],"event_choices":[{"cards_removed":["Defend_P"],"damage_healed":0,"gold_gain":0,"player_choice":"Offered Basic","damage_taken":0,"max_hp_gain":0,"max_hp_loss":0,"event_name":"Bonfire Elementals","floor":3,"gold_loss":0},{"damage_healed":0,"gold_gain":0,"player_choice":"Fought Bandits","damage_taken":0,"max_hp_gain":0,"max_hp_loss":0,"event_name":"Masked Bandits","floor":20,"gold_loss":0},{"damage_healed":0,"gold_gain":0,"player_choice":"Forge","damage_taken":0,"max_hp_gain":0,"max_hp_loss":0,"event_name":"Accursed Blacksmith","floor":22,"gold_loss":0,"cards_upgraded":["Study"]},{"damage_healed":0,"gold_gain":0,"player_choice":"1 cards matched","damage_taken":0,"max_hp_gain":0,"max_hp_loss":0,"event_name":"Match and Keep!","floor":37,"gold_loss":0,"cards_obtained":["Panacea"]},{"damage_healed":0,"gold_gain":0,"player_choice":"Fight","damage_taken":0,"max_hp_gain":0,"max_hp_loss":0,"event_name":"Mysterious Sphere","floor":39,"gold_loss":0},{"damage_healed":0,"gold_gain":0,"player_choice":"Memory 1","damage_taken":0,"max_hp_gain":0,"max_hp_loss":0,"event_name":"SensoryStone","floor":45,"gold_loss":0},{"cards_removed":["Vengeance"],"damage_healed":0,"gold_gain":0,"player_choice":"Purged","damage_taken":0,"max_hp_gain":0,"max_hp_loss":0,"event_name":"Purifier","floor":46,"gold_loss":0}],"is_beta":false,"boss_relics":[{"not_picked":["Busted Crown","SlaversCollar"],"picked":"Black Star"},{"not_picked":["Runic Pyramid","Philosopher\u0027s Stone"],"picked":"Runic Dome"}],"items_purged_floors":[4,12,27,30,36,52],"is_endless":false,"potions_floor_spawned":[2,5,8,14,16,21,24,25,28,31,35,40,44,47,54],"ascension_level":12}}