{"host":"pszcj3piwl6eu8b1","time":1613178470,"event":{"mods":["2.2 Compatiblity","Act Like it!","Aspiration","BaseMod","Better Altar","Better Match","Better Note","Better Sensory Stone","Better Skull","Better Third Choice","Better Vampires","CCEM2","Downfall","Elementarium","Energized Spire","Gensokyo","GifTheSpireLib","Hallownest","Hubris","Marisa????????","Menagerie","Minty Spire (QoL Compilation)","Permanent Neow","Quarter Circle Forward PUNCH!","Quick Restart","Replay The Spire","Shop Mod","StSLib","Stuff the Spire","The Animator","The Blue Laboratory"],"gold_per_floor":[110,110,68,98,109,109,128,128,128,140,151,171,171,206,206,285,285,304,404,681,681,681],"floor_reached":21,"language":"ENG","playtime":1887,"items_purged":[],"score":402,"play_id":"bec406b4-456d-40e4-84a2-38404b95b204","local_time":"20210212170750","is_ascension_mode":true,"campfire_choices":[{"data":"animator:GazelDwargon","floor":6.0,"key":"SMITH"},{"data":"animator:Benimaru","floor":8.0,"key":"SMITH"},{"floor":13.0,"key":"REST"},{"floor":15.0,"key":"RECALL"}],"circlet_count":0,"master_deck":["AscendersBane","animator:Strike_TenSura","animator:Defend_TenSura","animator:Strike","animator:Strike","animator:Defend","animator:Defend","animator:Benimaru+1","animator:Shuna","animator:GazelDwargon+1","animator:Aqua","animator:Shizu","animator:Biyorigo","animator:DolaRiku","animator:Raven"],"relics":["animator:LivingPicture","animator:TheMissingPiece","animator:PurgingStone","CCEMRelics:OverlyComfyChair","animator:ShionDessert","hubris:Backtick","hubris:Spice","Bird Faced Urn","hubris:GlazedTorus"],"acts_visited":["Gensokyo:Gensokyo","Gensokyo:Gensokyoer"],"potions_floor_usage":[],"damage_taken":[{"damage":0.0,"enemies":"Gensokyo:Gryphon","floor":1.0,"turns":3.0},{"damage":7.0,"enemies":"Gensokyo:2_Kodama","floor":4.0,"turns":5.0},{"damage":14.0,"enemies":"Gensokyo:3_Fairies","floor":5.0,"turns":5.0},{"damage":21.0,"enemies":"Gensokyo:2_Rabbits","floor":7.0,"turns":5.0},{"damage":12.0,"enemies":"Gensokyo:Kitsune","floor":10.0,"turns":4.0},{"damage":0.0,"enemies":"Gensokyo:LivingMonolith","floor":11.0,"turns":3.0},{"damage":9.0,"enemies":"Gensokyo:Python_and_Kodama","floor":12.0,"turns":5.0},{"damage":0.0,"enemies":"Gensokyo:Mamizou","floor":14.0,"turns":6.0},{"damage":27.0,"enemies":"Gensokyo:Kokoro","floor":16.0,"turns":9.0},{"damage":18.0,"enemies":"Gensokyo:CosmicMonolith","floor":18.0,"turns":4.0},{"damage":0.0,"enemies":"Gensokyo:CosmicMonolith","floor":19.0,"turns":9.0},{"damage":31,"enemies":"Gensokyo:3_Dogs","floor":21,"turns":4}],"seed_played":"-3049545995562840834","potions_obtained":[{"floor":4.0,"key":"blueLaboratory:FrostheartPotion"},{"floor":10.0,"key":"blueLaboratory:NullPotion"},{"floor":12.0,"key":"Strength Potion"},{"floor":19.0,"key":"blueLaboratory:BottledHope"}],"is_trial":false,"path_per_floor":["M","?","?","M","M","R","M","R","T","M","M","M","R","E","R","B",null,"M","?","?","M"],"character_chosen":"THE_ANIMATOR","items_purchased":[],"campfire_rested":1,"item_purchase_floors":[],"current_hp_per_floor":[39,39,60,53,39,39,21,21,21,11,14,7,25,29,29,4,55,40,44,23,0,0],"gold":681,"neow_bonus":"REMOVE_TWO","is_daily":false,"chose_seed":false,"campfire_upgraded":2,"win_rate":0.0,"timestamp":1613178470,"path_taken":["M","?","?","M","M","R","M","R","T","?","M","M","R","E","R","BOSS","M","?","?","?"],"items_purchased_type":[],"build_version":"2020-12-22","purchased_purges":0,"victory":false,"max_hp_per_floor":[60,60,60,60,60,60,61,61,61,61,61,61,61,61,61,61,69,69,69,69,69,69],"card_choices":[{"not_picked":["animator:Entoma","animator:Lancer","animator:MumenRider"],"picked":"SKIP","floor":1.0},{"not_picked":["animator:Aqua","animator:ElricAlphonse"],"picked":"animator:GazelDwargon","floor":4.0},{"not_picked":["animator:Megumin","animator:Greed"],"picked":"animator:Aqua","floor":5.0},{"not_picked":["animator:Vesta","animator:Hakurou"],"picked":"animator:Shizu","floor":7.0},{"not_picked":["animator:GuildGirl","animator:Laby","animator:ZankiKiguchi"],"picked":"SKIP","floor":10.0},{"not_picked":["animator:Gillette","animator:ElricAlphonse","animator:FielNirvalen"],"picked":"SKIP","floor":11.0},{"not_picked":["animator:Konayuki","animator:Gluttony","animator:Yoichi"],"picked":"SKIP","floor":12.0},{"not_picked":["animator:Father","animator:Gilgamesh"],"picked":"animator:Biyorigo","floor":16.0},{"not_picked":["animator:Lancer","animator:RoyMustang+1"],"picked":"animator:DolaRiku","floor":18.0},{"not_picked":["animator:Fredrika","animator:Geryuganshoop"],"picked":"animator:Raven","floor":19.0}],"player_experience":1427311,"relics_obtained":[{"floor":9.0,"key":"CCEMRelics:OverlyComfyChair"},{"floor":14.0,"key":"animator:ShionDessert"},{"floor":19.0,"key":"Bird Faced Urn"},{"floor":19.0,"key":"hubris:GlazedTorus"}],"event_choices":[{"damage_healed":0.0,"max_hp_gain":0.0,"max_hp_loss":0.0,"gold_gain":277.0,"event_name":"betterSkull:BetterSkull","player_choice":"GO GO GO ","floor":20.0,"gold_loss":0.0,"damage_taken":24.0,"cards_upgraded":[],"relics_obtained":[]}],"is_beta":false,"boss_relics":[{"not_picked":["qcfpunch:Crimson_Sash","Velvet Choker"],"picked":"hubris:Backtick"}],"items_purged_floors":[],"is_endless":false,"potions_floor_spawned":[4,10,12,19],"killed_by":"Gensokyo:3_Dogs","ascension_level":20}}