{"host":"swavyr4ofmkhu42f","time":1613228095,"event":{"mods":["BaseMod","Colored Map","Minty Spire (QoL Compilation)","StSLib"],"gold_per_floor":[114,189,200,200,215,215,226,256,256,38,67,67,81,108,108,206,206,221,232,248,266,266,266],"floor_reached":22,"language":"ENG","playtime":603,"items_purged":["Defend_R"],"score":268,"play_id":"7047bf3e-7c21-4bb4-9d68-16a8fdbea796","local_time":"20210213095455","is_ascension_mode":true,"campfire_choices":[{"data":"Flex","floor":6.0,"key":"SMITH"},{"data":"Infernal Blade","floor":12.0,"key":"SMITH"},{"data":"Bludgeon","floor":15.0,"key":"SMITH"}],"circlet_count":0,"master_deck":["Strike_R","Strike_R","Strike_R","Strike_R","Strike_R","Bash","Bloodletting","Flex+1","Cleave","Bludgeon+1","Seeing Red","Infernal Blade+1","Inflame","Corruption","Flex"],"relics":["Burning Blood","Bag of Marbles","PreservedInsect","Paper Frog","Eternal Feather","Empty Cage"],"acts_visited":["Exordium","TheCity"],"potions_floor_usage":[],"damage_taken":[{"damage":7.0,"enemies":"Small Slimes","floor":1.0,"turns":3.0},{"damage":3.0,"enemies":"2 Louse","floor":3.0,"turns":2.0},{"damage":6.0,"enemies":"Cultist","floor":5.0,"turns":3.0},{"damage":13.0,"enemies":"Blue Slaver","floor":7.0,"turns":2.0},{"damage":15.0,"enemies":"Gremlin Nob","floor":8.0,"turns":3.0},{"damage":18.0,"enemies":"3 Sentries","floor":11.0,"turns":4.0},{"damage":1.0,"enemies":"Looter","floor":13.0,"turns":2.0},{"damage":0.0,"enemies":"Gremlin Nob","floor":14.0,"turns":1.0},{"damage":34.0,"enemies":"The Guardian","floor":16.0,"turns":6.0},{"damage":33.0,"enemies":"2 Thieves","floor":18.0,"turns":3.0},{"damage":26.0,"enemies":"Shell Parasite","floor":19.0,"turns":3.0},{"damage":22.0,"enemies":"3 Cultists","floor":20.0,"turns":4.0},{"damage":14.0,"enemies":"Shelled Parasite and Fungi","floor":21.0,"turns":2.0},{"damage":3,"enemies":"Centurion and Healer","floor":22,"turns":3}],"seed_played":"-3095594152321657547","potions_obtained":[{"floor":1.0,"key":"SteroidPotion"},{"floor":7.0,"key":"ColorlessPotion"},{"floor":13.0,"key":"Block Potion"},{"floor":16.0,"key":"LiquidMemories"},{"floor":19.0,"key":"Fire Potion"}],"is_trial":false,"path_per_floor":["M","?","M","?","M","R","M","E","T","$","E","R","M","E","R","B",null,"M","M","M","M","M"],"character_chosen":"IRONCLAD","items_purchased":["Seeing Red","Infernal Blade"],"campfire_rested":0,"item_purchase_floors":[10,10],"current_hp_per_floor":[79,68,71,71,71,71,64,55,55,55,43,43,48,54,63,35,80,53,33,17,9,6,6],"gold":266,"neow_bonus":"REMOVE_CARD","is_daily":false,"chose_seed":false,"campfire_upgraded":3,"win_rate":0.0,"timestamp":1613228095,"path_taken":["M","?","M","?","M","R","M","E","T","$","E","R","M","E","R","BOSS","M","M","M","M","M"],"items_purchased_type":["Card","Card"],"build_version":"2020-12-22","purchased_purges":1,"victory":false,"max_hp_per_floor":[80,80,80,80,80,80,80,80,80,80,80,80,80,80,80,80,80,80,80,80,80,80,80],"card_choices":[{"not_picked":["Pummel","Body Slam"],"picked":"Bloodletting","floor":1.0},{"not_picked":["Combust","Perfected Strike"],"picked":"Flex","floor":3.0},{"not_picked":["Thunderclap","Clothesline","Warcry"],"picked":"SKIP","floor":5.0},{"not_picked":["Battle Trance","Disarm"],"picked":"Cleave","floor":7.0},{"not_picked":["Body Slam","Sword Boomerang"],"picked":"Bludgeon","floor":8.0},{"not_picked":["Anger","Havoc"],"picked":"Inflame","floor":11.0},{"not_picked":["Warcry","Havoc","Wild Strike"],"picked":"SKIP","floor":13.0},{"not_picked":["Entrench","Shrug It Off","Armaments"],"picked":"SKIP","floor":14.0},{"not_picked":["Berserk","Bludgeon"],"picked":"Corruption","floor":16.0},{"not_picked":["Thunderclap","Heavy Blade","Twin Strike"],"picked":"SKIP","floor":18.0},{"not_picked":["Heavy Blade+1","Wild Strike"],"picked":"Flex","floor":19.0},{"not_picked":["Cleave","Fire Breathing+1","Pommel Strike+1"],"picked":"SKIP","floor":20.0},{"not_picked":["Rage","True Grit","Flex"],"picked":"SKIP","floor":21.0}],"player_experience":211721,"relics_obtained":[{"floor":8.0,"key":"Bag of Marbles"},{"floor":9.0,"key":"PreservedInsect"},{"floor":11.0,"key":"Paper Frog"},{"floor":14.0,"key":"Eternal Feather"}],"event_choices":[{"damage_healed":0.0,"max_hp_gain":0.0,"max_hp_loss":0.0,"gold_gain":75.0,"event_name":"World of Goop","player_choice":"Gather Gold","floor":2.0,"gold_loss":0.0,"damage_taken":11.0},{"damage_healed":0.0,"max_hp_gain":0.0,"max_hp_loss":0.0,"gold_gain":0.0,"event_name":"WeMeetAgain","player_choice":"Ignored","floor":4.0,"gold_loss":0.0,"damage_taken":0.0}],"is_beta":false,"boss_relics":[{"not_picked":["Busted Crown","Cursed Key"],"picked":"Empty Cage"}],"items_purged_floors":[10],"is_endless":false,"potions_floor_spawned":[1,7,13,16,19],"killed_by":"Centurion and Healer","ascension_level":3}}