{"host":"diy71vlueofrnn1o","time":1613192705,"event":{"mods":["2.2 Compatiblity","AchievementEnabler","BaseMod","Best Route Mod","Colored Map","Curses Come First","DeckTracker","Minty Spire (QoL Compilation)","Quick Restart","Rare Cards Sparkle","StSLib","SuperFastMode"],"gold_per_floor":[112,61,61,79,29,29,53,81,81,81,97,97,97,137,137,137,137],"floor_reached":16,"language":"POL","playtime":565,"items_purged":[],"score":148,"play_id":"8a7608e8-b5ee-46b8-9638-2ee33f089097","local_time":"20210213060505","is_ascension_mode":true,"campfire_choices":[{"data":"Terror","floor":6,"key":"SMITH"},{"floor":10,"key":"REST"},{"data":"Footwork","floor":12,"key":"SMITH"},{"data":"Tactician","floor":15,"key":"SMITH"}],"circlet_count":0,"master_deck":["Strike_G","Strike_G","Strike_G","Strike_G","Defend_G","Defend_G","Defend_G","Defend_G","Defend_G","Survivor","Neutralize","Footwork+1","Quick Slash","Terror+1","Predator","Tactician+1","Dagger Spray","Quick Slash"],"relics":["Ring of the Snake","WingedGreaves","Odd Mushroom","The Courier","Mummified Hand","Golden Idol","Bottled Tornado"],"acts_visited":["Exordium"],"potions_floor_usage":[7,14,14],"damage_taken":[{"damage":4,"enemies":"Small Slimes","floor":1,"turns":5},{"damage":0,"enemies":"2 Louse","floor":4,"turns":5},{"damage":1,"enemies":"The Mushroom Lair","floor":7,"turns":6},{"damage":16,"enemies":"3 Sentries","floor":8,"turns":8},{"damage":0,"enemies":"Cultist","floor":11,"turns":3},{"damage":1,"enemies":"Gremlin Nob","floor":14,"turns":3},{"damage":61,"enemies":"Hexaghost","floor":16,"turns":9}],"seed_played":"-775950708021752905","potions_obtained":[{"floor":1,"key":"DistilledChaos"},{"floor":8,"key":"Strength Potion"},{"floor":11,"key":"DistilledChaos"}],"is_trial":false,"path_per_floor":["M","$","?","M","?","R","?","E","T","R","M","R","?","E","R","B"],"character_chosen":"THE_SILENT","items_purchased":["Quick Slash"],"campfire_rested":1,"item_purchase_floors":[2],"current_hp_per_floor":[66,66,54,54,54,54,53,37,37,60,60,60,60,59,59,0,0],"gold":137,"neow_bonus":"TEN_PERCENT_HP_BONUS","is_daily":false,"chose_seed":false,"campfire_upgraded":3,"win_rate":0.0,"timestamp":1613192705,"path_taken":["M","$","?","M","?","R","?","E","T","R","M","R","?","E","R","BOSS"],"items_purchased_type":["Card"],"build_version":"2020-12-22","purchased_purges":0,"victory":false,"max_hp_per_floor":[77,77,77,77,77,77,77,77,77,77,77,77,71,71,71,71,71],"card_choices":[{"not_picked":["Setup","Poisoned Stab"],"picked":"Footwork","floor":1},{"not_picked":["Dodge and Roll","Cloak And Dagger"],"picked":"Terror","floor":4},{"not_picked":["Poisoned Stab","Tactician"],"picked":"Predator","floor":7},{"not_picked":["Masterful Stab","Poisoned Stab"],"picked":"Tactician","floor":8},{"not_picked":["All Out Attack","Prepared"],"picked":"Dagger Spray","floor":11},{"not_picked":["Terror","PiercingWail"],"picked":"Quick Slash","floor":14}],"player_experience":408140,"relics_obtained":[{"floor":7,"key":"Odd Mushroom"},{"floor":8,"key":"The Courier"},{"floor":9,"key":"Mummified Hand"},{"floor":14,"key":"Bottled Tornado"}],"event_choices":[{"damage_healed":0,"gold_gain":0,"player_choice":"Success","damage_taken":12,"relics_obtained":["WingedGreaves"],"max_hp_gain":0,"max_hp_loss":0,"event_name":"Scrap Ooze","floor":3,"gold_loss":0},{"cards_removed":["Strike_G"],"damage_healed":0,"gold_gain":0,"player_choice":"Card Removal","damage_taken":0,"max_hp_gain":0,"max_hp_loss":0,"event_name":"The Cleric","floor":5,"gold_loss":50},{"damage_healed":0,"gold_gain":0,"player_choice":"Fought Mushrooms","damage_taken":0,"max_hp_gain":0,"max_hp_loss":0,"event_name":"Mushrooms","floor":7,"gold_loss":0},{"damage_healed":0,"gold_gain":0,"player_choice":"Lose Max HP","damage_taken":0,"relics_obtained":["Golden Idol"],"max_hp_gain":0,"max_hp_loss":6,"event_name":"Golden Idol","floor":13,"gold_loss":0}],"is_beta":false,"boss_relics":[],"items_purged_floors":[],"is_endless":false,"potions_floor_spawned":[1,8,11],"killed_by":"Hexaghost","ascension_level":8}}