{"host":"1ftto2vaskemldx8","time":1613254359,"event":{"mods":["BaseMod","Minty Spire (QoL Compilation)","Replay The Spire","StSLib","Together in Spire","[功能]功能增强和修复MOD"],"gold_per_floor":[113,130,22,40,58,91,0,12,12,29,54,54,54,72,128,227,227,244,105,121,20,20,49,66,94,106,118,11,64,81,95,95,195,195,209,96,96,115,3,3,3,30,30,69,69,69,69,69,85,6,6,62],"floor_reached":53,"language":"ZHS","playtime":6590,"items_purged":["Strike_G","Strike_G","Defend_G","Defend_G","Defend_G","Strike_G","Strike_G","Strike_G","Defend_G","Defend_G","Heel Hook"],"score":1040,"play_id":"11636d0f-53ad-4327-aad5-1a0f50757282","local_time":"20210214061239","is_ascension_mode":false,"campfire_choices":[{"floor":12,"key":"REST"},{"data":"Wraith Form v2","floor":27,"key":"SMITH"},{"floor":32,"key":"DIG"},{"data":"Bullet Time","floor":40,"key":"SMITH"},{"data":"Burst","floor":48,"key":"SMITH"},{"data":"Midas Touch","floor":51,"key":"SMITH"}],"circlet_count":0,"master_deck":["Survivor","Draining Mist+1","Wraith Form v2+1","Deadly Poison","Sadistic Nature","Dramatic Entrance","Deep Breath","Sneak Up","ReplayTheSpireMod:Scrap Shanks","Underhanded Strike","Acrobatics","ReplayTheSpireMod:The Works","Deadly Poison","Predator+1","Escape Plan","Dagger Throw","Bullet Time+1","Reflex+1","Backflip","Deadly Poison","Master of Strategy","Dagger Throw","Escape Plan+1","Burst+1","Acrobatics","Flying Knee","ReplayTheSpireMod:The Works","Expertise","Replay:Poison Smokescreen","Caltrops","Venomology","Acrobatics+1","Adrenaline+1","CurseOfTheBell","Escape Plan+1","Bandage Up","Well Laid Plans","Prepared","Dagger Throw+1","The Bomb","Calculated Gamble","Underhanded Strike+1","Master of Strategy","Calculated Gamble","Chrysalis","Midas Touch+1","Secret Technique","Toxin Wave","Acrobatics","Bullet Time+1","Acrobatics","Tactician","Crippling Poison"],"relics":["Ring of the Snake","ReplayFunnel","Replay:Wax Seal","ReplayTheSpireMod:ShopPack","Replay:Rubber Ducky","Iron Hammer","Happy Flower","Strange Spoon","Oddly Smooth Stone","Nunchaku","Replay:Towering Pillar of Hats","Black Star","Gambling Chip","Ancient Tea Set","Whetstone","Snake Skull","Toy Ornithopter","MawBank","Boot","Gremlin Horn","Potion Belt","White Beast Statue","Gremlin Food","Replay:PocketPolymizer","Calling Bell","Replay:Mystery Machine","Mercury Hourglass","Lizard Tail","BargainBundle","Blue Doll","Omamori","Pet Ghost","Unceasing Top","War Paint","Replay:Bandana","Centennial Puzzle","ReplayTheSpireMod:Shallot","Quantum Egg","Mummified Hand","PreservedInsect"],"acts_visited":["Exordium","TheCity","TheBeyond"],"potions_floor_usage":[11,16,16,18,23,23,24,25,25,30,31,31,31,31,33,33,33,42,42,44,44,49,52],"damage_taken":[{"damage":0.0,"enemies":"Jaw Worm","floor":1.0,"turns":3.0},{"damage":0.0,"enemies":"Cultist","floor":2.0,"turns":4.0},{"damage":0.0,"enemies":"Small Slimes","floor":4.0,"turns":2.0},{"damage":0.0,"enemies":"Blue Slaver","floor":5.0,"turns":5.0},{"damage":22.0,"enemies":"Lagavulin","floor":6.0,"turns":7.0},{"damage":0.0,"enemies":"Large Slime","floor":8.0,"turns":2.0},{"damage":5.0,"enemies":"Red Slaver","floor":10.0,"turns":2.0},{"damage":1,"enemies":"Replay:BlueRogue","floor":11,"turns":3},{"damage":0,"enemies":"Lots of Slimes","floor":14,"turns":1},{"damage":9,"enemies":"Gremlin Nob","floor":15,"turns":4},{"damage":1,"enemies":"Hexaghost","floor":16,"turns":7},{"damage":0,"enemies":"2 Thieves","floor":18,"turns":3},{"damage":2,"enemies":"Shell Parasite","floor":20,"turns":2},{"damage":2,"enemies":"Slavers","floor":23,"turns":2},{"damage":0,"enemies":"Cultist and Chosen","floor":24,"turns":4},{"damage":0,"enemies":"Replay:Snechameleon","floor":25,"turns":3},{"damage":0,"enemies":"Snecko","floor":30,"turns":4},{"damage":0,"enemies":"Snake Plant","floor":31,"turns":2},{"damage":0,"enemies":"Collector","floor":33,"turns":1},{"damage":0,"enemies":"Orb Walker","floor":35,"turns":1},{"damage":0,"enemies":"3 Darklings","floor":38,"turns":1},{"damage":0,"enemies":"Nemesis","floor":42,"turns":3},{"damage":0,"enemies":"Reptomancer","floor":44,"turns":1},{"damage":0,"enemies":"Spire Growth","floor":49,"turns":1},{"damage":0,"enemies":"Donu and Deca","floor":52,"turns":3}],"seed_played":"-5779136918156539221","potions_obtained":[{"floor":1.0,"key":"ColorlessPotion"},{"floor":2.0,"key":"DuplicationPotion"},{"floor":5.0,"key":"Energy Potion"},{"floor":8.0,"key":"Adrenaline Potion"},{"floor":11,"key":"LifebloodPotion"},{"floor":16,"key":"FearPotion"},{"floor":20,"key":"Poison Potion"},{"floor":22,"key":"Regen Potion"},{"floor":22,"key":"SteroidPotion"},{"floor":23,"key":"SkillPotion"},{"floor":23,"key":"Elixir"},{"floor":24,"key":"Energy Potion"},{"floor":24,"key":"Fire Potion"},{"floor":25,"key":"Dexterity Potion"},{"floor":25,"key":"Swift Potion"},{"floor":30,"key":"LiquidMemories"},{"floor":30,"key":"PowerPotion"},{"floor":30,"key":"Strength Potion"},{"floor":31,"key":"Death Potion"},{"floor":31,"key":"Languid Potion"},{"floor":31,"key":"Strength Potion"},{"floor":33,"key":"Fire Potion"},{"floor":35,"key":"Block Potion"},{"floor":35,"key":"Weak Potion"},{"floor":38,"key":"CunningPotion"},{"floor":42,"key":"Fruit Juice"},{"floor":42,"key":"ColorlessPotion"},{"floor":44,"key":"Poison Potion"},{"floor":44,"key":"DuplicationPotion"}],"is_trial":false,"path_per_floor":["M","M","$","M","M","E","$","M","T","M","E","R","?","M","R","B",null,"M","$","M","$","?","E","M","E","T","R","$","T","M","M","R","B",null,"M","$","?","M","$","R","?","E","T","E","?","PTL","PTL","R","M","$","R","B",null],"character_chosen":"THE_SILENT","items_purchased":["Replay:Wax Seal","ReplayTheSpireMod:ShopPack","Draining Mist+1","Wraith Form v2","Replay:Rubber Ducky","Deadly Poison","Acrobatics","Happy Flower","ReplayTheSpireMod:The Works","Strange Spoon","Backflip","Deadly Poison","Gambling Chip","Master of Strategy","Dagger Throw","Burst","Acrobatics","Ancient Tea Set","Whetstone","Potion Belt","White Beast Statue","Replay:Poison Smokescreen","Caltrops","BargainBundle","Bandage Up","Blue Doll","Omamori","Well Laid Plans","Prepared","Dagger Throw+1","The Bomb","Calculated Gamble","CunningPotion","Pet Ghost","Unceasing Top","Master of Strategy","Mummified Hand","PreservedInsect"],"campfire_rested":1,"item_purchase_floors":[3,3,3,3,3,3,7,7,7,7,19,19,19,19,19,21,21,21,21,28,28,28,28,36,36,36,36,36,36,36,36,36,36,39,39,39,50,50],"current_hp_per_floor":[70,70,70,70,70,48,48,48,48,43,42,63,63,63,54,53,70,70,70,68,68,68,70,70,70,70,70,70,70,70,70,70,70,70,70,70,70,70,70,70,60,75,75,75,75,75,75,75,75,75,75,75],"gold":62,"neow_bonus":"RANDOM_COMMON_RELIC","is_daily":false,"chose_seed":false,"campfire_upgraded":4,"win_rate":0.0,"timestamp":1613254359,"path_taken":["M","M","$","M","M","E","$","M","T","M","E","R","?","M","R","BOSS","M","$","M","$","?","E","?","E","T","R","$","?","M","M","R","BOSS","M","$","?","M","$","R","?","E","T","E","?","PTL","PTL","R","?","?","R","BOSS"],"items_purchased_type":["Relic","Relic","Card","Card","Relic","Card","Card","Relic","Card","Relic","Card","Card","Relic","Card","Card","Card","Card","Relic","Relic","Relic","Relic","Card","Card","Relic","Card","Relic","Relic","Card","Card","Card","Card","Card","Potion","Relic","Relic","Card","Relic","Relic"],"build_version":"2020-12-22","purchased_purges":11,"victory":true,"max_hp_per_floor":[70,70,70,70,70,70,70,70,70,70,70,70,70,70,70,70,70,70,70,70,70,70,70,70,70,70,70,70,70,70,70,70,70,70,70,70,70,70,70,70,70,75,75,75,75,75,75,75,75,75,75,75],"card_choices":[{"not_picked":["Footwork","Deflect"],"picked":"Heel Hook","floor":1.0},{"not_picked":["Sucker Punch","Hidden Blade"],"picked":"All Out Attack","floor":2.0},{"not_picked":["Poisoned Strike","Midas Touch"],"picked":"Sadistic Nature","floor":3.0},{"not_picked":["HandOfGreedSenior","Dark Shackles"],"picked":"Dramatic Entrance","floor":3.0},{"not_picked":["PanicButton","Enlightenment"],"picked":"Deep Breath","floor":3.0},{"not_picked":["Dagger Spray","Caltrops"],"picked":"Sneak Up","floor":4.0},{"not_picked":["Leg Sweep","Deflect"],"picked":"ReplayTheSpireMod:Scrap Shanks","floor":5.0},{"not_picked":["Glass Knife","Outmaneuver"],"picked":"Underhanded Strike","floor":6.0},{"not_picked":["Reflex","Underhanded Strike"],"picked":"Deadly Poison","floor":8.0},{"not_picked":["Dodge and Roll","Sucker Punch"],"picked":"Predator","floor":10.0},{"not_picked":["Deflect","ReplayTheSpireMod:The Works"],"picked":"Escape Plan","floor":11},{"not_picked":["Fluid Movement","Caltrops"],"picked":"Dagger Throw","floor":14},{"not_picked":["Underhanded Strike","Sneak Up"],"picked":"Deflect","floor":15},{"not_picked":["Die Die Die","Wraith Form v2"],"picked":"Bullet Time","floor":16},{"not_picked":["Poisoned Stab","Calculated Gamble"],"picked":"Reflex","floor":18},{"not_picked":["Dagger Spray","Slice+1"],"picked":"Escape Plan+1","floor":20},{"not_picked":["Slice","Quick Slash"],"picked":"Flying Knee","floor":23},{"not_picked":["Dodge and Roll","Flying Knee"],"picked":"ReplayTheSpireMod:The Works","floor":24},{"not_picked":["Distraction","PiercingWail+1"],"picked":"Expertise","floor":25},{"not_picked":["Poisoned Stab","Quick Slash"],"picked":"Venomology","floor":30},{"not_picked":["Slice+1","Calculated Gamble+1"],"picked":"Acrobatics+1","floor":31},{"not_picked":["Malaise","A Thousand Cuts"],"picked":"Adrenaline","floor":33},{"not_picked":["Backstab","Slice"],"picked":"Escape Plan+1","floor":35},{"not_picked":["Backstab+1","Sucker Punch"],"picked":"Underhanded Strike+1","floor":38},{"not_picked":["HandOfGreedLower","Replay:Bootleg Shield Generator"],"picked":"Chrysalis","floor":41},{"not_picked":["Swift Strike","Madness"],"picked":"Midas Touch","floor":41},{"not_picked":["Replay:Sssssssssshield","Bandage Up"],"picked":"Secret Technique","floor":41},{"not_picked":["Slice","Deadly Poison"],"picked":"Toxin Wave","floor":42},{"not_picked":["Quick Slash+1","Wraith Form v2"],"picked":"Acrobatics","floor":44},{"not_picked":["Prepared+1","Eviscerate"],"picked":"Tactician","floor":49}],"player_experience":57563,"relics_obtained":[{"floor":6.0,"key":"Iron Hammer"},{"floor":9.0,"key":"Oddly Smooth Stone"},{"floor":11,"key":"Nunchaku"},{"floor":15,"key":"Replay:Towering Pillar of Hats"},{"floor":23,"key":"Snake Skull"},{"floor":23,"key":"Toy Ornithopter"},{"floor":25,"key":"MawBank"},{"floor":25,"key":"Boot"},{"floor":26,"key":"Gremlin Horn"},{"floor":29,"key":"Gremlin Food"},{"floor":32,"key":"Replay:PocketPolymizer"},{"floor":34,"key":"Replay:Mystery Machine"},{"floor":34,"key":"Mercury Hourglass"},{"floor":34,"key":"Lizard Tail"},{"floor":42,"key":"War Paint"},{"floor":42,"key":"Replay:Bandana"},{"floor":43,"key":"Centennial Puzzle"},{"floor":44,"key":"ReplayTheSpireMod:Shallot"},{"floor":44,"key":"Quantum Egg"}],"event_choices":[{"damage_healed":0,"gold_gain":0,"player_choice":"Leave","damage_taken":0,"max_hp_gain":0,"max_hp_loss":0,"event_name":"The Cleric","floor":13,"gold_loss":0},{"damage_healed":0,"gold_gain":30,"player_choice":"Searched \u00272\u0027 times","damage_taken":0,"max_hp_gain":0,"max_hp_loss":0,"event_name":"Dead Adventurer","floor":15,"gold_loss":0},{"damage_healed":0,"gold_gain":0,"player_choice":"Got Potions","damage_taken":0,"max_hp_gain":0,"max_hp_loss":0,"event_name":"Lab","floor":22,"gold_loss":0},{"cards_removed":["Deflect"],"damage_healed":0,"gold_gain":0,"player_choice":"Removed Skill","damage_taken":0,"max_hp_gain":0,"max_hp_loss":0,"event_name":"Falling","floor":37,"gold_loss":0},{"damage_healed":0,"gold_gain":0,"player_choice":"Memory 3","damage_taken":10,"max_hp_gain":0,"max_hp_loss":0,"event_name":"SensoryStone","floor":41,"gold_loss":0},{"damage_healed":0,"gold_gain":0,"player_choice":"Copied","damage_taken":0,"max_hp_gain":0,"max_hp_loss":0,"event_name":"Duplicator","floor":45,"gold_loss":0,"cards_obtained":["Bullet Time"]}],"is_beta":false,"boss_relics":[{"not_picked":["Replay:Ancient Bell","Replay:Bronze Core"],"picked":"Black Star"},{"not_picked":["Philosopher\u0027s Stone","Velvet Choker"],"picked":"Calling Bell"}],"items_purged_floors":[7,19,19,19,28,28,36,36,36,36,39],"is_endless":false,"potions_floor_spawned":[1,2,5,6,8,8,10,11,15,16,20,23,23,24,24,25,25,25,30,30,30,31,31,31,33,35,35,35,38,42,42,42,42,44,44,44,44,49,49],"ascension_level":0}}