{"host":"lv7etzzgwahaenh9","time":1613188471,"event":{"mods":["AchievementEnabler","BaseMod","Colored Map","Colored Powertips","Highlight Path","Minty Spire (QoL Compilation)","Permanent Neow","Quick Restart","Random Character Button","StSLib"],"gold_per_floor":[216,232,246,246,260,260,291,302,349,377,392,422,28,41,41,143,143,159,171,185,198,218,246,246,263,312,237,237,271,285,316,316,415,415,428,95,107,157,67,101,101,118,118,128,128,128,183,203,203,203,203,203,43,78,78,78],"floor_reached":55,"language":"ENG","playtime":3566,"items_purged":["Strike_P"],"score":1100,"play_id":"2159da60-4b97-4001-8e8f-7401a46a7ad5","local_time":"20210212195431","is_ascension_mode":true,"campfire_choices":[{"data":"SandsOfTime","floor":6.0,"key":"SMITH"},{"data":"LessonLearned","floor":15.0,"key":"SMITH"},{"data":"Blasphemy","floor":24.0,"key":"SMITH"},{"data":"Vigilance","floor":28.0,"key":"SMITH"},{"data":"Establishment","floor":32.0,"key":"SMITH"},{"data":"Wish","floor":41.0,"key":"SMITH"},{"floor":46.0,"key":"RECALL"},{"data":"Worship","floor":49.0,"key":"SMITH"},{"data":"Defend_P","floor":52.0,"key":"SMITH"}],"circlet_count":0,"master_deck":["Strike_P+1","Defend_P+1","Defend_P+1","Defend_P+1","Eruption+1","Vigilance+1","SashWhip+1","Conclude+1","ClearTheMind+1","SandsOfTime+1","WaveOfTheHand+1","Protect+1","Crescendo+1","LessonLearned+1","FlurryOfBlows+1","TalkToTheHand+1","ThirdEye+1","FlyingSleeves+1","Establishment+1","Blasphemy+1","BattleHymn+1","DeceiveReality+1","Vault+1","Wallop+1","Wish+1","Ragnarok+1","Ragnarok+1","Worship+1","Wallop+1","DevaForm","Worship+1"],"relics":["PureWater","Kunai","Vajra","The Courier","MealTicket","Frozen Eye","Meat on the Bone","Snecko Eye","Calipers","Boot","Singing Bowl","Blood Vial","Philosopher\u0027s Stone","Happy Flower","Thread and Needle","Whetstone","Damaru","Centennial Puzzle"],"acts_visited":["Exordium","TheCity","TheBeyond","TheEnding"],"potions_floor_usage":[55],"damage_taken":[{"damage":2.0,"enemies":"Jaw Worm","floor":1.0,"turns":3.0},{"damage":0.0,"enemies":"Cultist","floor":2.0,"turns":2.0},{"damage":5.0,"enemies":"2 Louse","floor":3.0,"turns":2.0},{"damage":3.0,"enemies":"Blue Slaver","floor":5.0,"turns":4.0},{"damage":15.0,"enemies":"3 Sentries","floor":7.0,"turns":6.0},{"damage":2.0,"enemies":"2 Fungi Beasts","floor":8.0,"turns":4.0},{"damage":21.0,"enemies":"Gremlin Nob","floor":10.0,"turns":4.0},{"damage":13.0,"enemies":"Gremlin Gang","floor":11.0,"turns":4.0},{"damage":0.0,"enemies":"Lagavulin","floor":12.0,"turns":4.0},{"damage":11.0,"enemies":"Looter","floor":14.0,"turns":3.0},{"damage":6.0,"enemies":"Hexaghost","floor":16.0,"turns":10.0},{"damage":0.0,"enemies":"Chosen","floor":18.0,"turns":6.0},{"damage":19.0,"enemies":"2 Thieves","floor":19.0,"turns":3.0},{"damage":21.0,"enemies":"Snake Plant","floor":20.0,"turns":5.0},{"damage":14.0,"enemies":"Chosen and Byrds","floor":21.0,"turns":3.0},{"damage":1.0,"enemies":"Snecko","floor":22.0,"turns":3.0},{"damage":5.0,"enemies":"Slavers","floor":23.0,"turns":2.0},{"damage":16.0,"enemies":"Snake Plant","floor":25.0,"turns":4.0},{"damage":10.0,"enemies":"Gremlin Leader","floor":29.0,"turns":5.0},{"damage":12.0,"enemies":"Cultist and Chosen","floor":30.0,"turns":5.0},{"damage":12.0,"enemies":"Book of Stabbing","floor":31.0,"turns":6.0},{"damage":8.0,"enemies":"Collector","floor":33.0,"turns":9.0},{"damage":0.0,"enemies":"Orb Walker","floor":35.0,"turns":4.0},{"damage":0.0,"enemies":"3 Shapes","floor":37.0,"turns":2.0},{"damage":0.0,"enemies":"2 Orb Walkers","floor":38.0,"turns":3.0},{"damage":0.0,"enemies":"Nemesis","floor":40.0,"turns":3.0},{"damage":0.0,"enemies":"Spire Growth","floor":42.0,"turns":3.0},{"damage":0.0,"enemies":"Maw","floor":44.0,"turns":6.0},{"damage":0.0,"enemies":"Giant Head","floor":47.0,"turns":5.0},{"damage":0.0,"enemies":"Sphere and 2 Shapes","floor":48.0,"turns":4.0},{"damage":0.0,"enemies":"Awakened One","floor":50.0,"turns":9.0},{"damage":37.0,"enemies":"Shield and Spear","floor":54.0,"turns":5.0},{"damage":59,"enemies":"The Heart","floor":55,"turns":3}],"seed_played":"8554012592596655966","potions_obtained":[{"floor":2.0,"key":"LiquidMemories"},{"floor":7.0,"key":"PowerPotion"},{"floor":8.0,"key":"SpeedPotion"},{"floor":10.0,"key":"Weak Potion"},{"floor":12.0,"key":"Ancient Potion"},{"floor":14.0,"key":"Weak Potion"},{"floor":19.0,"key":"StancePotion"},{"floor":20.0,"key":"BottledMiracle"},{"floor":29.0,"key":"Explosive Potion"},{"floor":30.0,"key":"DuplicationPotion"},{"floor":38.0,"key":"Swift Potion"},{"floor":42.0,"key":"Block Potion"},{"floor":54.0,"key":"Explosive Potion"}],"is_trial":false,"path_per_floor":["M","M","M","?","M","R","E","M","T","E","M","E","$","M","R","B",null,"M","M","M","M","M","E","R","M","T","?","R","E","M","E","R","B",null,"M","$","M","?","?","E","R","M","T","M","?","R","E","M","R","B",null,"R","$","E","B"],"character_chosen":"WATCHER","items_purchased":["TalkToTheHand","Frozen Eye","Meat on the Bone","ThirdEye","Ragnarok","Block Potion","Happy Flower","DevaForm","Worship"],"campfire_rested":0,"item_purchase_floors":[13,13,13,13,36,36,36,53,53],"current_hp_per_floor":[70,70,65,65,62,62,47,45,45,24,11,11,26,27,27,33,72,72,53,44,42,41,48,48,44,44,44,44,46,48,48,48,42,74,76,76,78,80,80,82,82,84,84,86,86,86,86,86,86,86,86,86,86,51,0,0],"gold":78,"neow_bonus":"HUNDRED_GOLD","is_daily":false,"chose_seed":false,"campfire_upgraded":8,"win_rate":0.0,"timestamp":1613188471,"path_taken":["M","M","M","?","?","R","E","M","T","E","M","E","$","M","R","BOSS","M","M","M","M","M","E","R","M","T","?","R","E","M","E","R","BOSS","M","$","M","?","?","E","R","M","T","?","?","R","E","?","R","BOSS","R","$","E","BOSS"],"items_purchased_type":["Card","Relic","Relic","Card","Card","Potion","Relic","Card","Card"],"build_version":"2020-12-22","purchased_purges":1,"victory":false,"max_hp_per_floor":[72,72,72,72,72,72,72,72,72,72,72,72,72,72,72,72,72,72,72,72,72,72,72,72,72,72,72,72,72,74,74,74,74,74,76,76,78,80,80,82,82,84,84,86,86,86,86,86,86,86,86,86,86,88,88,88],"card_choices":[{"not_picked":["ThirdEye","JustLucky"],"picked":"SashWhip","floor":1.0},{"not_picked":["PathToVictory","ThirdEye"],"picked":"Conclude","floor":2.0},{"not_picked":["FearNoEvil","Crescendo"],"picked":"ClearTheMind","floor":3.0},{"not_picked":["LikeWater","Prostrate"],"picked":"SandsOfTime","floor":5.0},{"not_picked":["Halt","PathToVictory"],"picked":"WaveOfTheHand","floor":7.0},{"not_picked":["ClearTheMind","Indignation"],"picked":"Protect","floor":8.0},{"not_picked":["PathToVictory","Consecrate"],"picked":"Crescendo","floor":10.0},{"not_picked":["WreathOfFlame","SashWhip"],"picked":"LessonLearned","floor":11.0},{"not_picked":["FearNoEvil","SandsOfTime"],"picked":"FlurryOfBlows","floor":12.0},{"not_picked":["Fasting2","EmptyBody"],"picked":"FlyingSleeves","floor":14.0},{"not_picked":["Scrawl","Devotion"],"picked":"Establishment","floor":16.0},{"not_picked":["Halt","FlyingSleeves+1","FollowUp"],"picked":"SKIP","floor":18.0},{"not_picked":["ClearTheMind","EmptyBody","Crescendo"],"picked":"SKIP","floor":19.0},{"not_picked":["Halt+1","EmptyFist"],"picked":"Blasphemy","floor":20.0},{"not_picked":["Collect","WreathOfFlame+1"],"picked":"BattleHymn","floor":21.0},{"not_picked":["Adaptation","PathToVictory","ClearTheMind"],"picked":"SKIP","floor":22.0},{"not_picked":["ClearTheMind","Crescendo","MentalFortress"],"picked":"SKIP","floor":23.0},{"not_picked":["CutThroughFate","BattleHymn"],"picked":"DeceiveReality+1","floor":25.0},{"not_picked":["SignatureMove","Meditate+1"],"picked":"Vault","floor":29.0},{"not_picked":["ClearTheMind","FlyingSleeves","EmptyBody"],"picked":"Singing Bowl","floor":30.0},{"not_picked":["CrushJoints","Halt+1"],"picked":"Wallop","floor":31.0},{"not_picked":["MasterReality","Vault"],"picked":"Wish","floor":33.0},{"not_picked":["FlyingSleeves","Adaptation","ThirdEye+1"],"picked":"Singing Bowl","floor":35.0},{"not_picked":["FollowUp","BowlingBash","LikeWater+1"],"picked":"Singing Bowl","floor":37.0},{"not_picked":["EmptyFist+1","Indignation","Wireheading"],"picked":"Singing Bowl","floor":38.0},{"not_picked":["ForeignInfluence+1","Consecrate","Nirvana"],"picked":"Singing Bowl","floor":40.0},{"not_picked":["Wireheading","BowlingBash+1","FearNoEvil+1"],"picked":"Singing Bowl","floor":42.0},{"not_picked":["Evaluate+1","FlurryOfBlows+1","Brilliance"],"picked":"Singing Bowl","floor":44.0},{"not_picked":["FlurryOfBlows","Evaluate"],"picked":"Worship","floor":47.0},{"not_picked":["SashWhip","Fasting2+1"],"picked":"Wallop+1","floor":48.0},{"not_picked":["Conclude+1","SashWhip","Pray+1"],"picked":"Singing Bowl","floor":54.0}],"player_experience":353647,"relics_obtained":[{"floor":7.0,"key":"Kunai"},{"floor":9.0,"key":"Vajra"},{"floor":10.0,"key":"The Courier"},{"floor":12.0,"key":"MealTicket"},{"floor":23.0,"key":"Calipers"},{"floor":26.0,"key":"Boot"},{"floor":29.0,"key":"Singing Bowl"},{"floor":31.0,"key":"Blood Vial"},{"floor":38.0,"key":"Thread and Needle"},{"floor":40.0,"key":"Whetstone"},{"floor":47.0,"key":"Damaru"},{"floor":54.0,"key":"Centennial Puzzle"}],"event_choices":[{"cards_removed":["Strike_P"],"damage_healed":0.0,"max_hp_gain":0.0,"max_hp_loss":0.0,"gold_gain":0.0,"event_name":"Bonfire Elementals","player_choice":"Offered Basic","floor":4.0,"gold_loss":0.0,"damage_taken":0.0},{"cards_removed":["Strike_P"],"damage_healed":0.0,"max_hp_gain":0.0,"max_hp_loss":0.0,"gold_gain":0.0,"event_name":"Beggar","player_choice":"Gave Gold","floor":27.0,"gold_loss":75.0,"damage_taken":0.0},{"damage_healed":0.0,"max_hp_gain":0.0,"max_hp_loss":0.0,"gold_gain":0.0,"event_name":"Mysterious Sphere","player_choice":"Fight","floor":38.0,"gold_loss":0.0,"damage_taken":0.0},{"cards_removed":["Defend_P"],"damage_healed":0.0,"max_hp_gain":0.0,"max_hp_loss":0.0,"gold_gain":0.0,"event_name":"Designer","player_choice":"Upgrade and Remove","floor":39.0,"gold_loss":90.0,"damage_taken":0.0,"cards_upgraded":["BattleHymn"]},{"damage_healed":0.0,"max_hp_gain":0.0,"max_hp_loss":0.0,"gold_gain":0.0,"event_name":"Duplicator","player_choice":"Copied","floor":45.0,"gold_loss":0.0,"damage_taken":0.0,"cards_obtained":["Ragnarok"]}],"is_beta":false,"boss_relics":[{"not_picked":["Black Star","VioletLotus"],"picked":"Snecko Eye"},{"not_picked":["Empty Cage","Cursed Key"],"picked":"Philosopher\u0027s Stone"}],"items_purged_floors":[36],"is_endless":false,"potions_floor_spawned":[2,7,8,10,12,14,19,20,29,30,38,42,47,54],"killed_by":"The Heart","ascension_level":3}}