{"host":"x730sfaw5rd1mxd8","time":1613257563,"event":{"mods":["BaseMod","BetterRewards","Colored Powertips","Highlight Path","Minty Spire (QoL Compilation)","Relic Sorter","Relic Stats","Replay The Spire","StSLib"],"gold_per_floor":[111,125,140,231,251,281,281,314,340,352,252,252,252,266,266,339,339,350,370,192,206,216,216,216,241,241,271,288,288,388,413,413,487,487,500,850,850,850,868,896,909,909,909,385,385,410,139,153,153,153,153,153,153,153,178,178],"floor_reached":57,"language":"ENG","playtime":4881,"items_purged":["Strike_G","Strike_G","Strike_G","Dagger Throw"],"score":2920,"play_id":"99a7fa2a-7439-40da-a955-ac48e7de5b3e","local_time":"20210213180603","is_ascension_mode":true,"campfire_choices":[{"floor":7,"key":"REST"},{"data":"Footwork","floor":13,"key":"SMITH"},{"data":"A Thousand Cuts","floor":15,"key":"SMITH"},{"floor":23,"key":"REST"},{"floor":29,"key":"REST"},{"floor":32,"key":"REST"},{"floor":42,"key":"REST"},{"floor":45,"key":"RECALL"},{"data":"Concentrate","floor":49,"key":"SMITH"},{"data":"Bullet Time","floor":53,"key":"SMITH"}],"circlet_count":0,"master_deck":["AscendersBane","Defend_G+1","Defend_G+1","Defend_G+1","Defend_G+1","Defend_G+1","Survivor","Neutralize","Noxious Fumes","Bouncing Flask","Die Die Die","Catalyst","Predator","A Thousand Cuts+1","Concentrate+1","Footwork+1","After Image","Backflip","Prepared","Blade Dance","Backflip","ReplayTheSpireMod:From All Sides","Deflect","Blade Dance+1","Glass Knife","Burst","Cloak And Dagger","Concentrate+1","Infinite Blades","Dash","Well Laid Plans+1","Infinite Blades+1","Bullet Time+1","Tactician+1","Night Terror","Cloak And Dagger+1"],"relics":["Ring of the Snake","Replay:Ringing Soul","Orrery","Vajra","MealTicket","Bag of Marbles","Sozu","Dream Catcher","Replay:PocketPolymizer","Replay:Towering Pillar of Hats","InkBottle","Blue Doll","Replay:Drink Me","Old Coin","Omamori","Pear","PreservedInsect","Boot","Shuriken","Snack Pack"],"acts_visited":["Exordium","TheCity","TheBeyond","TheEnding"],"potions_floor_usage":[30,56],"damage_taken":[{"damage":7,"enemies":"Small Slimes","floor":1,"turns":3},{"damage":0,"enemies":"2 Louse","floor":2,"turns":2},{"damage":0,"enemies":"Cultist","floor":3,"turns":3},{"damage":9,"enemies":"Blue Slaver","floor":5,"turns":4},{"damage":20,"enemies":"3 Sentries","floor":6,"turns":5},{"damage":7,"enemies":"Replay:BlueRogue","floor":8,"turns":6},{"damage":5,"enemies":"3 Louse","floor":10,"turns":2},{"damage":0,"enemies":"Large Slime","floor":14,"turns":3},{"damage":26,"enemies":"Slime Boss","floor":16,"turns":8},{"damage":28,"enemies":"3 Byrds","floor":18,"turns":4},{"damage":19,"enemies":"Spheric Guardian","floor":19,"turns":5},{"damage":4,"enemies":"3 Cultists","floor":21,"turns":4},{"damage":31,"enemies":"Centurion and Healer","floor":22,"turns":7},{"damage":21,"enemies":"Replay:Snechameleon","floor":25,"turns":7},{"damage":1,"enemies":"Book of Stabbing","floor":27,"turns":7},{"damage":15,"enemies":"Shelled Parasite and Fungi","floor":28,"turns":5},{"damage":3,"enemies":"Colosseum Slavers","floor":30,"turns":4},{"damage":10,"enemies":"Colosseum Nobs","floor":30,"turns":3},{"damage":22,"enemies":"Automaton","floor":33,"turns":11},{"damage":9,"enemies":"3 Shapes","floor":35,"turns":4},{"damage":54,"enemies":"2 Orb Walkers","floor":36,"turns":7},{"damage":1,"enemies":"Orb Walker","floor":39,"turns":3},{"damage":0,"enemies":"Giant Head","floor":40,"turns":7},{"damage":9,"enemies":"Writhing Mass","floor":41,"turns":6},{"damage":0,"enemies":"Reptomancer","floor":46,"turns":4},{"damage":0,"enemies":"Transient","floor":48,"turns":6},{"damage":8,"enemies":"Replay:Hell Engine","floor":50,"turns":8},{"damage":23,"enemies":"Time Eater","floor":51,"turns":13},{"damage":19,"enemies":"Shield and Spear","floor":55,"turns":5},{"damage":91,"enemies":"The Heart","floor":56,"turns":7}],"seed_played":"-7896688494161245875","potions_obtained":[{"floor":3,"key":"Ancient Potion"},{"floor":6,"key":"PowerPotion"}],"is_trial":false,"path_per_floor":["M","M","M","?","M","E","R","E","T","M","$","?","R","M","R","B",null,"M","M","$","M","M","R","?","E","T","E","M","R","?","T","R","B",null,"M","?","?","?","M","E","M","R","T","$","R","E","$","M","R","B","B",null,"R","$","E","B",null],"character_chosen":"THE_SILENT","items_purchased":["Noxious Fumes","Bouncing Flask","Replay:Ringing Soul","Orrery","Prepared","Infinite Blades+1","Bullet Time","PreservedInsect","Shuriken"],"campfire_rested":5,"item_purchase_floors":[0,0,0,0,20,44,44,44,47],"current_hp_per_floor":[58,58,61,34,28,11,36,29,29,27,42,42,42,45,45,22,75,50,31,49,48,20,51,51,33,33,32,20,57,47,47,86,67,87,78,27,27,27,29,32,23,56,66,84,87,87,102,105,108,100,77,111,111,122,106,31],"gold":178,"neow_bonus":"","is_daily":false,"chose_seed":false,"campfire_upgraded":4,"win_rate":0.0,"timestamp":1613257563,"path_taken":["M","M","M","?","M","E","R","E","T","M","$","?","R","M","R","BOSS","M","M","$","M","?","R","?","E","T","E","M","R","?","?","R","BOSS","M","?","?","?","M","E","M","R","T","$","R","E","$","?","R","BOSS","BOSS","R","$","E","BOSS"],"items_purchased_type":["Card","Card","Relic","Relic","Card","Card","Card","Relic","Relic"],"build_version":"2020-12-22","purchased_purges":4,"victory":true,"max_hp_per_floor":[72,72,75,78,81,84,84,84,84,87,87,87,87,90,90,93,93,96,96,99,102,105,105,105,108,108,108,111,114,117,117,120,123,93,93,96,91,91,94,97,97,100,110,113,116,116,116,119,122,122,122,122,122,122,125,125],"relic_stats":{"Sozu":11,"Dream Catcher":3,"counters":[418,1794],"Shuriken":[35],"MealTicket":71,"PreservedInsect":183,"Boot":[17],"obtain_stats":[{"TwistedFunnel":0,"Replay:Accelerometer":26,"Golden Egg":29,"Vampiric Spirits":0,"Whetstone":55,"Bottled Tornado":54,"Boot":55,"Sling":55,"Old Coin":36,"Blood Vial":20,"Replay:Wanted Poster":34,"Replay:Ringing Soul":48,"Sundial":10,"Replay:Bronze Core":17,"MealTicket":27,"Fusion Hammer":36,"Necronomicon":22,"Replay:Bottled Flurry":30,"Kunai":26,"Replay:Wax Seal":10,"Electric Blood":17,"Replay:Bottled Steam":43,"Pear":46,"Blue Candle":30,"Counterbalance":0,"Tingsha":0,"Eternal Feather":21,"Pen Nib":48,"Replay:Ancient Bell":17,"Paper Crane":8,"Akabeko":43,"SlaversCollar":17,"Snecko Scales":34,"Bird Faced Urn":12,"Snecko Eye":34,"Mark of Pain":0,"StrikeDummy":6,"Unceasing Top":27,"Abe\u0027s Treasure":17,"Ring of the Serpent":34,"Regal Pillow":0,"Lantern":25,"Singing Bowl":10,"Torii":0,"Magic Flower":11,"Painkiller Herb":19,"StoneCalendar":30,"Blue Doll":31,"Bag of Preparation":55,"Replay:Multitool":44,"Cursed Key":34,"Smiling Mask":41,"Burning Blood":0,"Pet Ghost":23,"Replay:Rubber Ducky":55,"Matryoshka":0,"Shovel":0,"Chemical X":21,"Replay:Bottled Eggs":48,"InkBottle":0,"Ring of the Snake":0,"Potion Belt":0,"Lee\u0027s Waffle":54,"The Specimen":25,"Golden Idol":11,"Basket Of Snakes":39,"Thread and Needle":0,"The Courier":14,"PreservedInsect":22,"Omamori":23,"Frozen Egg 2":0,"MawBank":31,"Replay:Arrowhead":9,"Busted Crown":17,"Ornamental Fan":55,"Bloody Idol":19,"Orrery":0,"Turnip":46,"Art of War":40,"Durian":0,"Bottled Lightning":47,"ReplayTheSpireMod:Ring of Challenge":38,"ReplayTheSpireMod:Onyx Gauntlets":34,"ReplayTheSpireMod:Lightbulb":30,"Toy Ornithopter":26,"Ice Cream":14,"Divine Protection":45,"Calipers":32,"Gremlin Horn":9,"Nilry\u0027s Codex":23,"Vajra":28,"Sozu":17,"Centennial Puzzle":9,"HornCleat":14,"DollysMirror":30,"Strawberry":28,"Honey Jar":34,"Prayer Wheel":0,"Iron Hammer":0,"Toxic Egg 2":0,"Byrd Skull":11,"Happy Flower":55,"Replay:Grab Bag":34,"Oddly Smooth Stone":26,"Ring of Chaos":47,"Replay:Kaleidoscope":25,"Letter Opener":41,"War Paint":54,"Question Card":0,"Du-Vu Doll":0,"OrangePellets":0,"Bottled Flame":15,"Replay:Baseball":0,"Shuriken":12,"Bronze Scales":12,"Simple Rune":55,"Onion Ring":54,"Molten Egg 2":43,"ReplayTheSpireMod:TigerMarble":17,"Grinning Jar":23,"Pocketwatch":0,"Meat on the Bone":38,"Darkstone Periapt":5,"ReplayFunnel":55,"Replay:PocketPolymizer":27,"Mango":6,"Snake Skull":29,"Incense Burner":45,"Juzu Bracelet":43,"ClockworkSouvenir":45,"Dream Catcher":43,"Nunchaku":24,"Replay:Bandana":10,"TheAbacus":0,"Mummified Hand":48,"Pantograph":23,"Gambling Chip":24,"Tiny Chest":29,"Red Mask":22,"Replay:Bottled Snecko":8,"Replay:Drink Me":34,"Red Skull":6,"Gremlin Food":44,"BargainBundle":7,"ReplayTheSpireMod:Ninjato":40,"Replay:Towering Pillar of Hats":10,"Quantum Egg":46,"Guide Book":0,"Replay:WaspNest":0,"Orichalcum":56,"Odd Mushroom":10,"Medical Kit":42,"White Beast Statue":53,"Mercury Hourglass":0,"Calling Bell":17,"Anchor":11,"CaptainsWheel":43,"Pondfish Scales":55,"ChewingGum":34,"Snack Pack":8,"Coffee Dripper":17,"Bag of Marbles":11,"Membership Card":0},{"TwistedFunnel":186,"Replay:Accelerometer":294,"Golden Egg":355,"Vampiric Spirits":61,"Whetstone":91,"Bottled Tornado":218,"Boot":91,"Sling":91,"Old Coin":409,"Blood Vial":26,"Replay:Wanted Poster":297,"Replay:Ringing Soul":275,"Sundial":256,"Replay:Bronze Core":349,"MealTicket":58,"Fusion Hammer":80,"Necronomicon":168,"Replay:Bottled Flurry":236,"Kunai":142,"Replay:Wax Seal":224,"Electric Blood":51,"Replay:Bottled Steam":119,"Pear":122,"Blue Candle":30,"Counterbalance":279,"Tingsha":93,"Eternal Feather":200,"Pen Nib":153,"Replay:Ancient Bell":380,"Paper Crane":66,"Akabeko":212,"SlaversCollar":24,"Snecko Scales":115,"Bird Faced Urn":22,"Snecko Eye":326,"Mark of Pain":0,"StrikeDummy":98,"Unceasing Top":143,"Abe\u0027s Treasure":229,"Ring of the Serpent":268,"Regal Pillow":93,"Lantern":294,"Singing Bowl":21,"Torii":186,"Magic Flower":49,"Painkiller Herb":72,"StoneCalendar":174,"Blue Doll":406,"Bag of Preparation":91,"Replay:Multitool":120,"Cursed Key":31,"Smiling Mask":211,"Burning Blood":0,"Pet Ghost":56,"Replay:Rubber Ducky":91,"Matryoshka":61,"Shovel":279,"Chemical X":200,"Replay:Bottled Eggs":245,"InkBottle":219,"Ring of the Snake":0,"Potion Belt":126,"Lee\u0027s Waffle":277,"The Specimen":76,"Golden Idol":5,"Basket Of Snakes":82,"Thread and Needle":309,"The Courier":7,"PreservedInsect":11,"Omamori":293,"Frozen Egg 2":14,"MawBank":79,"Replay:Arrowhead":131,"Busted Crown":8,"Ornamental Fan":91,"Bloody Idol":319,"Orrery":126,"Turnip":38,"Art of War":36,"Durian":186,"Bottled Lightning":365,"ReplayTheSpireMod:Ring of Challenge":81,"ReplayTheSpireMod:Onyx Gauntlets":268,"ReplayTheSpireMod:Lightbulb":205,"Toy Ornithopter":171,"Ice Cream":23,"Divine Protection":182,"Calipers":296,"Gremlin Horn":20,"Nilry\u0027s Codex":75,"Vajra":77,"Sozu":258,"Centennial Puzzle":5,"HornCleat":257,"DollysMirror":144,"Strawberry":13,"Honey Jar":237,"Prayer Wheel":93,"Iron Hammer":248,"Toxic Egg 2":156,"Byrd Skull":66,"Happy Flower":91,"Replay:Grab Bag":268,"Oddly Smooth Stone":57,"Ring of Chaos":122,"Replay:Kaleidoscope":204,"Letter Opener":362,"War Paint":185,"Question Card":186,"Du-Vu Doll":309,"OrangePellets":93,"Bottled Flame":70,"Replay:Baseball":93,"Shuriken":226,"Bronze Scales":6,"Simple Rune":91,"Onion Ring":247,"Molten Egg 2":304,"ReplayTheSpireMod:TigerMarble":164,"Grinning Jar":169,"Pocketwatch":41,"Meat on the Bone":117,"Darkstone Periapt":18,"ReplayFunnel":91,"Replay:PocketPolymizer":403,"Mango":19,"Snake Skull":78,"Incense Burner":87,"Juzu Bracelet":333,"ClockworkSouvenir":151,"Dream Catcher":37,"Nunchaku":75,"Replay:Bandana":100,"TheAbacus":370,"Mummified Hand":183,"Pantograph":12,"Gambling Chip":27,"Tiny Chest":266,"Red Mask":140,"Replay:Bottled Snecko":161,"Replay:Drink Me":407,"Red Skull":47,"Gremlin Food":87,"BargainBundle":223,"ReplayTheSpireMod:Ninjato":149,"Replay:Towering Pillar of Hats":66,"Quantum Egg":87,"Guide Book":93,"Replay:WaspNest":61,"Orichalcum":92,"Odd Mushroom":377,"Medical Kit":119,"White Beast Statue":368,"Mercury Hourglass":61,"Calling Bell":164,"Anchor":66,"CaptainsWheel":86,"Pondfish Scales":91,"ChewingGum":176,"Snack Pack":48,"Coffee Dripper":137,"Bag of Marbles":161,"Membership Card":61},{"TwistedFunnel":766,"Replay:Accelerometer":1268,"Golden Egg":1525,"Vampiric Spirits":244,"Whetstone":364,"Bottled Tornado":916,"Boot":364,"Sling":364,"Old Coin":1735,"Blood Vial":107,"Replay:Wanted Poster":1276,"Replay:Ringing Soul":1193,"Sundial":1097,"Replay:Bronze Core":1503,"MealTicket":230,"Fusion Hammer":315,"Necronomicon":684,"Replay:Bottled Flurry":1006,"Kunai":570,"Replay:Wax Seal":943,"Electric Blood":208,"Replay:Bottled Steam":471,"Pear":484,"Blue Candle":123,"Counterbalance":1218,"Tingsha":376,"Eternal Feather":815,"Pen Nib":627,"Replay:Ancient Bell":1602,"Paper Crane":257,"Akabeko":879,"SlaversCollar":100,"Snecko Scales":459,"Bird Faced Urn":86,"Snecko Eye":1378,"Mark of Pain":0,"StrikeDummy":392,"Unceasing Top":574,"Abe\u0027s Treasure":971,"Ring of the Serpent":1158,"Regal Pillow":376,"Lantern":1268,"Singing Bowl":82,"Torii":766,"Magic Flower":200,"Painkiller Herb":279,"StoneCalendar":706,"Blue Doll":1713,"Bag of Preparation":364,"Replay:Multitool":475,"Cursed Key":130,"Smiling Mask":874,"Burning Blood":0,"Pet Ghost":224,"Replay:Rubber Ducky":364,"Matryoshka":244,"Shovel":1218,"Chemical X":815,"Replay:Bottled Eggs":1055,"InkBottle":925,"Ring of the Snake":0,"Potion Belt":505,"Lee\u0027s Waffle":1204,"The Specimen":292,"Golden Idol":17,"Basket Of Snakes":325,"Thread and Needle":1312,"The Courier":25,"PreservedInsect":40,"Omamori":1267,"Frozen Egg 2":51,"MawBank":304,"Replay:Arrowhead":520,"Busted Crown":30,"Ornamental Fan":364,"Bloody Idol":1345,"Orrery":505,"Turnip":156,"Art of War":146,"Durian":766,"Bottled Lightning":1556,"ReplayTheSpireMod:Ring of Challenge":318,"ReplayTheSpireMod:Onyx Gauntlets":1158,"ReplayTheSpireMod:Lightbulb":842,"Toy Ornithopter":696,"Ice Cream":93,"Divine Protection":740,"Calipers":1273,"Gremlin Horn":78,"Nilry\u0027s Codex":288,"Vajra":296,"Sozu":1110,"Centennial Puzzle":17,"HornCleat":1103,"DollysMirror":580,"Strawberry":48,"Honey Jar":1014,"Prayer Wheel":376,"Iron Hammer":1074,"Toxic Egg 2":649,"Byrd Skull":257,"Happy Flower":364,"Replay:Grab Bag":1158,"Oddly Smooth Stone":226,"Ring of Chaos":484,"Replay:Kaleidoscope":837,"Letter Opener":1550,"War Paint":758,"Question Card":766,"Du-Vu Doll":1312,"OrangePellets":376,"Bottled Flame":268,"Replay:Baseball":376,"Shuriken":952,"Bronze Scales":20,"Simple Rune":364,"Onion Ring":1066,"Molten Egg 2":1291,"ReplayTheSpireMod:TigerMarble":674,"Grinning Jar":689,"Pocketwatch":170,"Meat on the Bone":463,"Darkstone Periapt":65,"ReplayFunnel":364,"Replay:PocketPolymizer":1701,"Mango":73,"Snake Skull":300,"Incense Burner":344,"Juzu Bracelet":1411,"ClockworkSouvenir":618,"Dream Catcher":151,"Nunchaku":288,"Replay:Bandana":399,"TheAbacus":1574,"Mummified Hand":745,"Pantograph":44,"Gambling Chip":111,"Tiny Chest":1149,"Red Mask":561,"Replay:Bottled Snecko":663,"Replay:Drink Me":1724,"Red Skull":189,"Gremlin Food":344,"BargainBundle":937,"ReplayTheSpireMod:Ninjato":609,"Replay:Towering Pillar of Hats":257,"Quantum Egg":344,"Guide Book":376,"Replay:WaspNest":244,"Orichalcum":369,"Odd Mushroom":1589,"Medical Kit":471,"White Beast Statue":1566,"Mercury Hourglass":244,"Calling Bell":674,"Anchor":257,"CaptainsWheel":341,"Pondfish Scales":364,"ChewingGum":717,"Snack Pack":196,"Coffee Dripper":549,"Bag of Marbles":663,"Membership Card":244}],"InkBottle":[51],"Ring of the Snake":[278]},"card_choices":[{"not_picked":["Expertise","Heel Hook"],"picked":"Dagger Throw","floor":0},{"not_picked":["Backflip","Slice"],"picked":"Die Die Die","floor":0},{"not_picked":["Crippling Poison","Prepared"],"picked":"Dagger Spray","floor":0},{"not_picked":["ReplayTheSpireMod:Scrap Shanks","Grand Finale"],"picked":"Catalyst","floor":1},{"not_picked":["Escape Plan","Sucker Punch","Quick Slash"],"picked":"SKIP","floor":2},{"not_picked":["Flechettes","Underhanded Strike"],"picked":"Predator","floor":3},{"not_picked":["Choke","Dodge and Roll"],"picked":"A Thousand Cuts","floor":4},{"not_picked":["Hidden Blade","Fluid Movement"],"picked":"Concentrate","floor":4},{"not_picked":["Flying Knee","Backstab"],"picked":"Reflex","floor":4},{"not_picked":["Infinite Blades","ReplayTheSpireMod:Exploit Weakness"],"picked":"Dagger Throw","floor":5},{"not_picked":["ReplayTheSpireMod:Shiv Toss","Draining Mist"],"picked":"Tactician","floor":6},{"not_picked":["Eviscerate","Accuracy","Quick Slash"],"picked":"SKIP","floor":8},{"not_picked":["Dodge and Roll","Backflip"],"picked":"Footwork","floor":10},{"not_picked":["Sucker Punch","Backflip"],"picked":"Tactician","floor":14},{"not_picked":["ReplayTheSpireMod:Necrosis","Atom Bomb"],"picked":"After Image","floor":16},{"not_picked":["Dagger Spray","Riddle With Holes"],"picked":"Backflip","floor":18},{"not_picked":["ReplayTheSpireMod:Scrap Shanks","Slice","Predator"],"picked":"SKIP","floor":19},{"not_picked":["Finisher","Masterful Stab"],"picked":"Blade Dance","floor":21},{"not_picked":["Bouncing Flask","Poisoned Stab"],"picked":"Backflip","floor":22},{"not_picked":["Blade Dance","Sucker Punch"],"picked":"ReplayTheSpireMod:From All Sides","floor":25},{"not_picked":["Masterful Stab","Cloak And Dagger","Replay:Poison Smokescreen"],"picked":"SKIP","floor":27},{"not_picked":["Bouncing Flask","Flechettes"],"picked":"Deflect","floor":28},{"not_picked":["Deadly Poison","Dodge and Roll"],"picked":"Blade Dance+1","floor":30},{"not_picked":["Grand Finale","Unload"],"picked":"Burst","floor":33},{"not_picked":["Sucker Punch","Fluid Movement","Acrobatics"],"picked":"SKIP","floor":35},{"not_picked":["Masterful Stab","Flechettes"],"picked":"Cloak And Dagger","floor":36},{"not_picked":["Deadly Poison","Accuracy"],"picked":"Concentrate+1","floor":39},{"not_picked":["Skewer","Hidden Blade"],"picked":"Infinite Blades","floor":40},{"not_picked":["Acrobatics","PiercingWail+1","Bane"],"picked":"SKIP","floor":41},{"not_picked":["Accuracy","Toxin Wave"],"picked":"Well Laid Plans+1","floor":42},{"not_picked":["Catalyst","Sucker Punch+1","Blade Dance"],"picked":"SKIP","floor":46},{"not_picked":["Acrobatics+1","Deadly Poison"],"picked":"Tactician+1","floor":48},{"not_picked":["Sucker Punch","Concentrate"],"picked":"Cloak And Dagger+1","floor":55}],"player_experience":4150158,"relics_obtained":[{"floor":6,"key":"Vajra"},{"floor":8,"key":"MealTicket"},{"floor":9,"key":"Bag of Marbles"},{"floor":25,"key":"Dream Catcher"},{"floor":27,"key":"Replay:PocketPolymizer"},{"floor":30,"key":"Replay:Towering Pillar of Hats"},{"floor":30,"key":"InkBottle"},{"floor":31,"key":"Blue Doll"},{"floor":36,"key":"Old Coin"},{"floor":40,"key":"Omamori"},{"floor":43,"key":"Pear"},{"floor":46,"key":"Boot"},{"floor":55,"key":"Snack Pack"}],"event_choices":[{"damage_healed":0,"gold_gain":0,"player_choice":"Got Potions","damage_taken":0,"max_hp_gain":0,"max_hp_loss":0,"event_name":"Lab","floor":12,"gold_loss":0},{"damage_healed":0,"gold_gain":0,"player_choice":"Simplicity","damage_taken":0,"max_hp_gain":0,"max_hp_loss":0,"event_name":"Back to Basics","floor":24,"gold_loss":0,"cards_upgraded":["Strike_G","Strike_G","Defend_G","Defend_G","Defend_G","Defend_G","Defend_G"]},{"damage_healed":0,"gold_gain":0,"player_choice":"Fight","damage_taken":0,"max_hp_gain":0,"max_hp_loss":0,"event_name":"Colosseum","floor":30,"gold_loss":0},{"damage_healed":0,"gold_gain":0,"player_choice":"Fought Nobs","damage_taken":0,"max_hp_gain":0,"max_hp_loss":0,"event_name":"Colosseum","floor":30,"gold_loss":0},{"damage_healed":0,"gold_gain":0,"player_choice":"Fight","damage_taken":0,"max_hp_gain":0,"max_hp_loss":0,"event_name":"Mysterious Sphere","floor":36,"gold_loss":0},{"damage_healed":0,"gold_gain":0,"player_choice":"Max HP","damage_taken":0,"max_hp_gain":0,"max_hp_loss":5,"event_name":"Winding Halls","floor":37,"gold_loss":0},{"cards_removed":["Dagger Spray"],"damage_healed":0,"gold_gain":0,"player_choice":"Purged","damage_taken":0,"max_hp_gain":0,"max_hp_loss":0,"event_name":"Purifier","floor":38,"gold_loss":0}],"is_beta":false,"boss_relics":[{"not_picked":["Velvet Choker","Snecko Heart"],"picked":"Sozu"},{"not_picked":["Replay:Grab Bag","Fusion Hammer"],"picked":"Replay:Drink Me"}],"items_purged_floors":[0,11,20,44],"is_endless":false,"potions_floor_spawned":[3,6,10,14,16,19,21,22,28,33,39,40,41,46,48,55],"ascension_level":20}}