{"host":"nlbr7nnijupf3yfg","time":1613246224,"event":{"mods":["AchievementEnabler","BaseMod","BetterRewards","Colored Powertips","DeckTracker","Hermit","Hubris","Infinite Spire","Minty Spire (QoL Compilation)","Quick Restart","Replay The Spire","StSLib","SuperFastMode"],"gold_per_floor":[109,159,246,258,280,292,338,350,362,384,396,418,430,454,466,582,594,630,642,679,691,703,754,766,778,790,802,814,859,914,991,1003,1015,1015],"floor_reached":33,"language":"ENG","playtime":764,"items_purged":[],"score":465,"play_id":"14bdcdc0-8a30-4904-bef0-8d111c4726f6","local_time":"20210213145704","is_ascension_mode":false,"campfire_choices":[{"data":"hermit:Vantage","floor":6,"key":"SMITH"},{"floor":8,"key":"REST"},{"floor":11,"key":"REST"},{"floor":15,"key":"REST"},{"floor":25,"key":"REST"},{"floor":28,"key":"REST"},{"floor":32,"key":"REST"}],"circlet_count":0,"master_deck":["hermit:Defend_Hermit","hermit:Defend_Hermit","hermit:Defend_Hermit","hermit:Snapshot","hermit:Covet","hermit:Vantage","Amnesia","Decay","hermit:Vantage+1","hermit:BigShot","hermit:ItchyTrigger","Amnesia","hermit:ItchyTrigger","hermit:Gambit","hubris:Greed","Offering","hermit:ShadowCloak","hermit:Showdown+1","Bite","Bite","Bite","Bite","Bite","hubris:Wrath","ReplayTheSpireMod:IOU","hubris:Greed","hermit:TakeAim+1","Shame","hubris:Greed","ReplayTheSpireMod:Faulty Equipment","hubris:Greed","hubris:Greed","hubris:Greed","hermit:EyeOfTheStorm+1","hubris:Greed","hubris:Greed","hubris:Greed","hubris:Greed","hubris:Greed","hubris:Disease","hubris:Greed","hubris:Greed","hubris:Greed","hubris:Greed"],"relics":["hermit:Momento","Ring of Greed","Ring of Hypnosis","MawBank","Smiling Mask","Orichalcum","hubris:DisguiseKit","ReplayTheSpireMod:TigerMarble","Runic Pyramid","Girya","Replay:Baseball","Bag of Marbles","Blue Candle"],"acts_visited":["Exordium","TheCity"],"potions_floor_usage":[16,16,23,23,30,30],"damage_taken":[{"damage":10,"enemies":"Jaw Worm","floor":1,"turns":4},{"damage":0,"enemies":"Small Slimes","floor":5,"turns":3},{"damage":39,"enemies":"Gremlin Nob","floor":7,"turns":6},{"damage":9,"enemies":"2 Louse","floor":10,"turns":4},{"damage":6,"enemies":"Looter","floor":12,"turns":3},{"damage":2,"enemies":"2 Fungi Beasts","floor":14,"turns":4},{"damage":75,"enemies":"The Guardian","floor":16,"turns":13},{"damage":19,"enemies":"Chosen","floor":18,"turns":8},{"damage":30,"enemies":"2 Thieves","floor":20,"turns":4},{"damage":41,"enemies":"Nightmare","floor":23,"turns":9},{"damage":39,"enemies":"Snake Plant","floor":29,"turns":6},{"damage":42,"enemies":"Snecko","floor":30,"turns":8},{"damage":15,"enemies":"Centurion and Healer","floor":31,"turns":6},{"damage":45,"enemies":"Collector","floor":33,"turns":3}],"seed_played":"-400771416889522542","potions_obtained":[{"floor":1,"key":"Block Potion"},{"floor":7,"key":"Fire Potion"},{"floor":12,"key":"SkillPotion"},{"floor":16,"key":"Block Potion"},{"floor":20,"key":"BlessingOfTheForge"},{"floor":23,"key":"SneckoOil"}],"is_trial":false,"path_per_floor":["M","?","?","?","M","R","E","R","T","M","R","M","?","M","R","B",null,"M","$","M","?","?","NM","?","R","T","?","R","M","M","M","R","B"],"character_chosen":"HERMIT","items_purchased":[],"campfire_rested":6,"item_purchase_floors":[],"current_hp_per_floor":[65,65,54,54,56,56,19,41,41,34,56,52,49,49,71,2,75,56,56,40,40,40,21,21,43,43,43,65,39,8,7,29,0,0],"gold":1015,"neow_bonus":"RANDOM_COMMON_RELIC","is_daily":false,"chose_seed":false,"campfire_upgraded":1,"win_rate":0.0,"timestamp":1613246224,"path_taken":["M","?","?","?","?","R","E","R","T","M","R","M","?","M","R","BOSS","M","$","M","?","?","NM","?","R","T","?","R","M","M","M","R","BOSS"],"items_purchased_type":[],"build_version":"2020-12-22","purchased_purges":0,"victory":false,"max_hp_per_floor":[75,75,75,75,75,75,75,75,75,75,75,75,75,75,75,75,75,75,75,75,75,75,75,75,75,75,75,75,75,75,75,75,75,75],"card_choices":[{"not_picked":["hermit:Roulette","hermit:Dive"],"picked":"hermit:Vantage","floor":1},{"not_picked":["hermit:Virtue","hermit:Dive"],"picked":"hermit:Vantage","floor":5},{"not_picked":["hermit:Enervate","hermit:Scavenge"],"picked":"hermit:BigShot","floor":7},{"not_picked":["hermit:Misfire","hermit:Determination","Searing Blow"],"picked":"hermit:ItchyTrigger","floor":10},{"not_picked":["hermit:Midnight","hermit:GhostlyPresence","Seeing Red"],"picked":"hermit:ItchyTrigger","floor":12},{"not_picked":["hermit:TrackingShot","hermit:Cheat","Run Through"],"picked":"hermit:Gambit","floor":14},{"not_picked":["hermit:Dissolve","hermit:HeroicBravado","hermit:HighNoon"],"picked":"Offering","floor":16},{"not_picked":["hermit:TakeAim","hermit:TakeCover+1","Rampage"],"picked":"hermit:ShadowCloak","floor":18},{"not_picked":["hermit:Quickdraw","hermit:WideOpen","hubris:ReadiedAction"],"picked":"hermit:Showdown+1","floor":20},{"not_picked":["hermit:Malice","hermit:Roughhouse","Pommel Strike"],"picked":"hermit:TakeAim+1","floor":23},{"not_picked":["hermit:LuckOfTheDraw+1","hermit:DeadMansHand","hermit:ItchyTrigger","Inflame"],"picked":"SKIP","floor":29},{"not_picked":["hermit:Snipe","hermit:Glare+1","hubris:ReadiedAction"],"picked":"hermit:EyeOfTheStorm+1","floor":30},{"not_picked":["hermit:BodyArmor","hermit:Gestalt","hermit:SprayPray","Replay:Undeath\u0027s Touch"],"picked":"SKIP","floor":31}],"player_experience":55693,"relics_obtained":[{"floor":2,"key":"Ring of Greed"},{"floor":2,"key":"Ring of Hypnosis"},{"floor":2,"key":"MawBank"},{"floor":2,"key":"Smiling Mask"},{"floor":7,"key":"Orichalcum"},{"floor":9,"key":"hubris:DisguiseKit"},{"floor":23,"key":"Replay:Baseball"},{"floor":26,"key":"Blue Candle"}],"event_choices":[{"damage_healed":0,"gold_gain":75,"player_choice":"Gather Gold","damage_taken":11,"max_hp_gain":0,"max_hp_loss":0,"event_name":"World of Goop","floor":3,"gold_loss":0},{"damage_healed":0,"gold_gain":0,"cards_transformed":["hermit:Defend_Hermit"],"player_choice":"Change","damage_taken":0,"max_hp_gain":0,"max_hp_loss":0,"event_name":"Living Wall","floor":4,"gold_loss":0,"cards_obtained":["hermit:Showdown"]},{"damage_healed":0,"gold_gain":0,"player_choice":"Success","damage_taken":3,"relics_obtained":["ReplayTheSpireMod:TigerMarble"],"max_hp_gain":0,"max_hp_loss":0,"event_name":"Scrap Ooze","floor":13,"gold_loss":0},{"damage_healed":0,"gold_gain":0,"player_choice":"Became a vampire (Vial)","damage_taken":0,"max_hp_gain":0,"max_hp_loss":0,"event_name":"Vampires","floor":21,"relics_lost":["Blood Vial"],"gold_loss":0,"cards_obtained":["Bite","Bite","Bite","Bite","Bite"]},{"damage_healed":0,"gold_gain":0,"player_choice":"Stole Relic","damage_taken":0,"relics_obtained":["Bag of Marbles"],"max_hp_gain":0,"max_hp_loss":0,"event_name":"Addict","floor":24,"gold_loss":0,"cards_obtained":["Shame"]},{"cards_removed":["hermit:Showdown"],"damage_healed":0,"gold_gain":0,"player_choice":"Elegance","damage_taken":0,"max_hp_gain":0,"max_hp_loss":0,"event_name":"Back to Basics","floor":27,"gold_loss":0}],"is_beta":false,"boss_relics":[{"not_picked":["Sozu","Coffee Dripper"],"picked":"Runic Pyramid"}],"items_purged_floors":[],"is_endless":false,"potions_floor_spawned":[1,7,12,16,20,23],"killed_by":"Collector","ascension_level":0}}