{"host":"y0i0tbisecj7yjyn","time":1613201881,"event":{"mods":["AchievementEnabler","AlwaysNeverKeys","BaseMod","BetterRewards","Colored Map","Colored Powertips","Curses Come First","Disable Question Mark Monsters","Displayed Cursed Tome","Highlight Path","Keyboard Shortcuts","Minty Spire (QoL Compilation)","Quick Restart","Random Character Button","Rare Cards Sparkle","StSLib","SuperFastMode","Transform Curses","Weighted Paths"],"gold_per_floor":[110,185,202,220,220,248,169,169,248,266,279,307,5,17,17,118,118,135,135,135,135,152,152,162,162,162],"floor_reached":25,"language":"ENG","playtime":1070,"items_purged":[],"score":289,"play_id":"7245f0e0-a220-47db-8843-77381740597d","local_time":"20210213013801","is_ascension_mode":true,"campfire_choices":[{"data":"Limit Break","floor":8.0,"key":"SMITH"},{"floor":15.0,"key":"REST"},{"floor":23.0,"key":"REST"}],"circlet_count":0,"master_deck":["Strike_R","Strike_R","Strike_R","Strike_R","Strike_R","Defend_R","Defend_R","Defend_R","Bash","Clothesline","Whirlwind","Limit Break+1","Limit Break","Reaper","Heavy Blade"],"relics":["Burning Blood","Pen Nib","Red Skull","Letter Opener","Omamori","HandDrill","Ancient Tea Set","Empty Cage"],"acts_visited":["Exordium","TheCity"],"potions_floor_usage":[24,25],"damage_taken":[{"damage":9.0,"enemies":"2 Louse","floor":1.0,"turns":4.0},{"damage":10.0,"enemies":"Cultist","floor":3.0,"turns":4.0},{"damage":25.0,"enemies":"Jaw Worm","floor":4.0,"turns":4.0},{"damage":12.0,"enemies":"3 Sentries","floor":6.0,"turns":9.0},{"damage":14.0,"enemies":"Red Slaver","floor":10.0,"turns":2.0},{"damage":16.0,"enemies":"Exordium Thugs","floor":11.0,"turns":3.0},{"damage":6.0,"enemies":"Gremlin Nob","floor":12.0,"turns":3.0},{"damage":0.0,"enemies":"3 Louse","floor":14.0,"turns":1.0},{"damage":0.0,"enemies":"Slime Boss","floor":16.0,"turns":5.0},{"damage":20.0,"enemies":"3 Byrds","floor":18.0,"turns":6.0},{"damage":66.0,"enemies":"Spheric Guardian","floor":22.0,"turns":6.0},{"damage":48,"enemies":"Shelled Parasite and Fungi","floor":24,"turns":5},{"damage":21,"enemies":"Book of Stabbing","floor":25,"turns":1}],"seed_played":"-3074505429470850850","potions_obtained":[{"floor":1.0,"key":"Strength Potion"},{"floor":3.0,"key":"HeartOfIron"},{"floor":6.0,"key":"ElixirPotion"},{"floor":18.0,"key":"Fruit Juice"},{"floor":20.0,"key":"LiquidMemories"},{"floor":20.0,"key":"BlessingOfTheForge"}],"is_trial":false,"path_per_floor":["M","?","M","M","$","E","$","R","T","M","M","E","$","M","R","B",null,"M","$","?","$","M","R","M","E"],"character_chosen":"IRONCLAD","items_purchased":["Limit Break","HandDrill","Ancient Tea Set"],"campfire_rested":2,"item_purchase_floors":[7,13,13],"current_hp_per_floor":[77,69,65,46,46,40,40,40,40,32,22,22,22,28,52,58,80,71,71,71,71,18,43,11,0,0],"gold":162,"neow_bonus":"RANDOM_COMMON_RELIC","is_daily":false,"chose_seed":false,"campfire_upgraded":1,"win_rate":0.0,"timestamp":1613201881,"path_taken":["M","?","M","M","?","E","?","R","T","?","M","E","$","M","R","BOSS","M","$","?","?","M","R","M","E"],"items_purchased_type":["Card","Relic","Relic"],"build_version":"2020-12-22","purchased_purges":0,"victory":false,"max_hp_per_floor":[80,80,80,80,80,80,80,80,80,80,80,80,80,80,80,80,80,85,85,85,85,85,85,85,85,85],"card_choices":[{"not_picked":["Rampage","Shrug It Off"],"picked":"Evolve","floor":1.0},{"not_picked":["Pommel Strike","True Grit"],"picked":"Clothesline","floor":3.0},{"not_picked":["Dual Wield","Warcry"],"picked":"Whirlwind","floor":4.0},{"not_picked":["Clash","Burning Pact"],"picked":"Limit Break","floor":6.0},{"not_picked":["Thunderclap","Clash","Carnage"],"picked":"SKIP","floor":10.0},{"not_picked":["Burning Pact","Thunderclap","Wild Strike"],"picked":"SKIP","floor":11.0},{"not_picked":["True Grit","Berserk","Clothesline"],"picked":"SKIP","floor":12.0},{"not_picked":["True Grit","Seeing Red","Sword Boomerang"],"picked":"SKIP","floor":14.0},{"not_picked":["Immolate","Impervious"],"picked":"Reaper","floor":16.0},{"not_picked":["Warcry","Clothesline+1"],"picked":"Heavy Blade","floor":18.0},{"not_picked":["Flame Barrier","Blood for Blood","Dark Embrace"],"picked":"SKIP","floor":22.0},{"not_picked":["Battle Trance+1","Armaments+1","Fire Breathing"],"picked":"SKIP","floor":24}],"player_experience":445326,"relics_obtained":[{"floor":6.0,"key":"Red Skull"},{"floor":9.0,"key":"Letter Opener"},{"floor":12.0,"key":"Omamori"}],"event_choices":[{"damage_healed":0.0,"max_hp_gain":0.0,"max_hp_loss":0.0,"gold_gain":75.0,"event_name":"FaceTrader","player_choice":"Touch","floor":2.0,"gold_loss":0.0,"damage_taken":8.0},{"damage_healed":0.0,"max_hp_gain":0.0,"max_hp_loss":0.0,"gold_gain":0.0,"event_name":"Lab","player_choice":"Got Potions","floor":20.0,"gold_loss":0.0,"damage_taken":0.0}],"is_beta":false,"boss_relics":[{"not_picked":["Mark of Pain","Runic Dome"],"picked":"Empty Cage"}],"items_purged_floors":[],"is_endless":false,"potions_floor_spawned":[1,3,6,18,22],"killed_by":"Book of Stabbing","ascension_level":2}}