{"host":"xxl27ehzxw6j4k3y","time":1613217044,"event":{"mods":["Act Like it!","Alarm Clock","Aspiration","BaseMod","Better Altar","Better Match","Better Note","Better Sensory Stone","Better Skull","Better Third Choice","BetterRewards","Card Forge","Conspire","Displayed Cursed Tome","Hermit","Hubris","Minty Spire (QoL Compilation)","Quick Restart","Shop Mod","Spicy Shops","StSLib","SuperFastMode","Transform Curses"],"gold_per_floor":[109,56,0,0,0,42,42,77,104,113,113,113,132,153,153,153,153],"floor_reached":16,"language":"ENG","playtime":247,"items_purged":[],"score":337,"play_id":"db43d613-5cb7-456e-abf7-c1b7f0ece0f2","local_time":"20210213125044","is_ascension_mode":true,"campfire_choices":[{"data":"Zap","floor":7,"key":"SMITH"},{"floor":15,"key":"REST"}],"circlet_count":0,"master_deck":["AscendersBane","Strike_B","Strike_B","Strike_B","Strike_B","Defend_B","Defend_B","Defend_B","Defend_B","Dualcast","Barrage","Enlightenment","Burn+1","Conserve Battery","Gash","hubris:DuctTapeCard","Gash","aspiration:Polymerization"],"relics":["Cracked Core","Hammer of Thor","Seething Fire","Anvil of the Gods","NeowsBlessing","CeramicFish","Strawberry","hubris:BallOfYels","hubris:DuctTape","Mango","hubris:Towel"],"acts_visited":["Exordium"],"potions_floor_usage":[16],"damage_taken":[{"damage":0,"enemies":"Cultist","floor":1,"turns":1},{"damage":0,"enemies":"3 Sentries","floor":6,"turns":2},{"damage":0,"enemies":"Lagavulin","floor":8,"turns":1},{"damage":5,"enemies":"Jaw Worm","floor":13,"turns":2},{"damage":7,"enemies":"Small Slimes","floor":14,"turns":2},{"damage":82,"enemies":"Hexaghost","floor":16,"turns":9}],"seed_played":"-1954717590074204957","potions_obtained":[{"floor":1,"key":"Ancient Potion"},{"floor":13,"key":"AttackPotion"}],"is_trial":false,"path_per_floor":["M","$","?","?","?","E","R","E","T","?","T","?","M","M","R","B"],"character_chosen":"DEFECT","items_purchased":["Ball Lightning"],"campfire_rested":1,"item_purchase_floors":[2],"current_hp_per_floor":[64,64,70,70,66,66,66,73,73,47,61,61,56,49,78,0,0],"gold":153,"neow_bonus":"THREE_ENEMY_KILL","is_daily":false,"chose_seed":false,"campfire_upgraded":1,"win_rate":0.0,"timestamp":1613217044,"path_taken":["M","$","?","?","?","E","R","E","T","?","?","?","M","M","R","BOSS"],"items_purchased_type":["Card"],"build_version":"2020-12-22","purchased_purges":0,"victory":false,"max_hp_per_floor":[71,71,77,77,77,77,77,84,84,84,98,98,98,98,98,98,98],"card_choices":[{"not_picked":["Coolheaded","Turbo"],"picked":"Barrage","floor":1},{"not_picked":["Coolheaded","Fusion"],"picked":"Conserve Battery","floor":6},{"not_picked":["FTL","Doom and Gloom"],"picked":"Gash","floor":8},{"not_picked":["Lockon","Redo"],"picked":"Gash","floor":13},{"not_picked":["Aggregate","Multi-Cast"],"picked":"aspiration:Polymerization","floor":14}],"player_experience":571577,"relics_obtained":[{"floor":6,"key":"CeramicFish"},{"floor":8,"key":"Strawberry"},{"floor":9,"key":"hubris:BallOfYels"},{"floor":11,"key":"Mango"}],"event_choices":[{"damage_healed":0,"gold_gain":0,"player_choice":"RENOUNCE","damage_taken":56,"max_hp_gain":0,"max_hp_loss":0,"event_name":"betterThird:BetterSerpent","floor":3,"gold_loss":56,"cards_obtained":["Enlightenment"]},{"damage_healed":70,"gold_gain":0,"player_choice":"Embrace Burn","damage_taken":0,"max_hp_gain":0,"max_hp_loss":77,"event_name":"betterThird:BetterShining","floor":4,"gold_loss":0},{"damage_healed":0,"gold_gain":0,"player_choice":"Leave","damage_taken":0,"max_hp_gain":0,"max_hp_loss":0,"event_name":"conspire:Investor","floor":5,"gold_loss":0},{"damage_healed":0,"gold_gain":0,"player_choice":"Relic ","damage_taken":26,"max_hp_gain":0,"max_hp_loss":0,"event_name":"betterThird:BetterScrap","floor":10,"gold_loss":0,"cards_obtained":["Barricade"]}],"is_beta":false,"boss_relics":[],"items_purged_floors":[],"is_endless":false,"potions_floor_spawned":[1,13],"killed_by":"Hexaghost","ascension_level":20}}