{"host":"pypglfp8rzlfgxqw","time":1613181319,"event":{"mods":["Act Like it!","BaseMod","Beaked The Cultist","BetterRewards","Conspire","Downfall","Duelist Mod","Friendly Minions","Glutton Mod","Hallownest","Hubris","Infinite Spire","Jorbs\u0027s Wanderer Trilogy","Mad Scientist","Marisa????????","Mimic Mod","Minty Spire (QoL Compilation)","READ ME - Guardian Mod","Reliquary","Replay The Spire","Shop Mod","StSLib","The Administrix","The Animator","The Blackbeard","The Bug Knight","The Construct","The Cursed","The Disciple","The Elementalist","The Gatherer","The Jungle","The Marked","The Mystic","The Runesmith","The Servant 0.9.4","WarShipGirlsR/????R mod"],"gold_per_floor":[110,110,124,143,143,143,162,9,62,62,62,62,62,74,74,74,74],"floor_reached":16,"language":"ENG","playtime":1999,"items_purged":[],"score":90,"play_id":"238a09cc-4c77-40aa-9ec1-a344f307a9e8","local_time":"20210212205519","is_ascension_mode":false,"metric_token":2385,"campfire_choices":[{"data":"infinitespire:Punishment","floor":6,"key":"SMITH"},{"data":"Gatherer:FlowerWhip","floor":12,"key":"SMITH"},{"data":"Gatherer:FlowerWhip+1","floor":15,"key":"SMITH"}],"circlet_count":0,"master_deck":["Gatherer:Strike_Gatherer","Gatherer:Strike_Gatherer","Gatherer:Strike_Gatherer","Gatherer:Strike_Gatherer","Gatherer:Strike_Gatherer","Gatherer:Defend_Gatherer","Gatherer:Defend_Gatherer","Gatherer:Defend_Gatherer","Gatherer:Defend_Gatherer","Gatherer:Defend_Gatherer","Gatherer:Centralize","Gatherer:FlowerWhip+2","Gatherer:FlowerShield","infinitespire:Punishment+1"],"relics":["Gatherer:AlchemyBag","Hallownest:DreamNailRelic","Omamori","Oddly Smooth Stone"],"acts_visited":["Exordium"],"potions_floor_usage":[4,16],"damage_taken":[{"damage":6,"enemies":"Hallownest:2_MossCreeps","floor":1,"turns":8},{"damage":11,"enemies":"Hallownest:2_Tiktiks_and_1_Crawlid","floor":3,"turns":5},{"damage":0,"enemies":"Hallownest:monsterHuskWarrior","floor":4,"turns":4},{"damage":1,"enemies":"Hallownest:1_Ooma_and_2_Uuma","floor":7,"turns":4},{"damage":0,"enemies":"Hallownest:monsterAspidMother","floor":11,"turns":2},{"damage":0,"enemies":"Hallownest:MossCreep_and_Mosskin","floor":14,"turns":4},{"damage":65,"enemies":"Hallownest:BossHornet","floor":16,"turns":9}],"seed_played":"-649081282721678598","potions_obtained":[{"floor":3,"key":"PowerPotion"},{"floor":7,"key":"Milkshake"},{"floor":14,"key":"SpeedPotion"}],"is_trial":false,"path_per_floor":["M","?","M","M","?","R","M","$","T","MIM","M","R","$","M","R","B"],"character_chosen":"THE_GATHERER","items_purchased":["Omamori"],"campfire_rested":0,"item_purchase_floors":[8],"current_hp_per_floor":[66,66,55,55,38,38,37,37,37,37,37,37,37,37,37,0,0],"gold":74,"neow_bonus":"RANDOM_EVENT","is_daily":false,"chose_seed":false,"campfire_upgraded":3,"win_rate":0.0,"timestamp":1613181319,"path_taken":["M","?","?","M","?","R","M","$","T","?","M","R","?","?","R","BOSS"],"items_purchased_type":["Relic"],"build_version":"2020-12-22","purchased_purges":0,"victory":false,"max_hp_per_floor":[72,72,72,72,72,72,72,72,72,72,72,72,72,72,72,72,72],"card_choices":[{"not_picked":["Gatherer:TreeGrowth","Gatherer:GatherMaterial","Gatherer:FeelingFine"],"picked":"SKIP","floor":1},{"not_picked":["Gatherer:EnergyBasket","Gatherer:BambuSword","Gatherer:CarefulStrike"],"picked":"SKIP","floor":3},{"not_picked":["Gatherer:Transmute","Gatherer:FragileHammer"],"picked":"Gatherer:FlowerShield","floor":4},{"not_picked":["infinitespire:UltimateForm","infinitespire:NeuralNetwork"],"picked":"infinitespire:Punishment","floor":5},{"not_picked":["Gatherer:FlowerPower","Gatherer:SaveValuables","Gatherer:ScherryThrow"],"picked":"SKIP","floor":7},{"not_picked":["Gatherer:Uplift","Gatherer:TacticalStrike","Gatherer:OddSpoils"],"picked":"SKIP","floor":11},{"not_picked":["Gatherer:FlowerShield","Gatherer:EnergyBasket","Gatherer:ColorfulGarden"],"picked":"SKIP","floor":14}],"player_experience":489002,"relics_obtained":[{"floor":9,"key":"Oddly Smooth Stone"}],"event_choices":[{"damage_healed":0,"gold_gain":0,"player_choice":"Leave","damage_taken":0,"max_hp_gain":0,"max_hp_loss":0,"event_name":"conspire:Investor","floor":0,"gold_loss":0}],"is_beta":false,"boss_relics":[],"items_purged_floors":[],"is_endless":false,"potions_floor_spawned":[3,7,14],"killed_by":"Hallownest:BossHornet","ascension_level":0}}