{"host":"usru02jcpe2a942d","time":1613207396,"event":{"mods":["Act Like it!","BaseMod","Colored Powertips","Downfall","GifTheSpireLib","Highlight Path","Hubris","Infinite Spire","Minty Spire (QoL Compilation)","MostiFishMod","Quick Restart","Relic Stats","RumiaBox-露米娅的神秘盒子","StSLib","Waifu the Spire","[IsaacMod]以撒尖塔","noobMod","【遗物卡牌】REMEMod","篝火指南"],"gold_per_floor":[99,117,182,195,65,82,82,113,113,132,132,132,32,247,259,459,459,359,376,54,54,104,104,104,131,148,148,73,91,91,106,123,226,226,226,240,240,240,250,263,316,102,152,2,2,31,31,31,47,47],"floor_reached":51,"language":"ZHS","playtime":1708,"items_purged":["Guardian:Strike_Guardian","Guardian:Defend_Guardian","Guardian:Strike_Guardian","Guardian:Strike_Guardian","Guardian:Defend_Guardian"],"score":993,"play_id":"c545840f-86c9-47aa-987b-727e05150ed3","local_time":"20210213170956","is_ascension_mode":false,"campfire_choices":[{"floor":1.0,"key":"RECALL"},{"data":"Guardian:DonusPower","floor":13.0,"key":"SMITH"},{"data":"Guardian:CompilePackage","floor":18.0,"key":"SMITH"},{"data":"Guardian:ConstructionForm","floor":27.0,"key":"SMITH"},{"data":"Guardian:TimeCapacitor","floor":30.0,"key":"SMITH"},{"data":"Guardian:Planning","floor":35.0,"key":"SMITH"},{"data":"Guardian:FuturePlans","floor":45,"key":"SMITH"}],"circlet_count":0,"master_deck":["Guardian:Defend_Guardian","Guardian:Defend_Guardian","Guardian:CurlUp","Guardian:TwinSlam","Guardian:DonusPower+1","Guardian:BronzeOrb","Guardian:StasisStrike","Guardian:StasisStrike","Guardian:BronzeArmor","Guardian:ChargeUp","Guardian:ConstructionForm+1","Guardian:Planning+1","Guardian:CompilePackage+1","Guardian:TimeCapacitor+1","Guardian:CurlUp","expansioncontent:Chronoboost","Guardian:Planning+1","Guardian:FuturePlans+1","hubris:Fate"],"relics":["REME_ComplimentaryCards","DaveBox","ice","HushsDoor","ShadowXiaoBlade","SteamSale","Runic Pyramid","Happy Flower","Ancient Tea Set","hubris:SphereOfDissonance","hubris:Icosahedron","infinitespire:Cubic Diamond","downfall:HeartBlessingRed","Busted Crown","DeathBook","downfall:HeartBlessingGreen","Bag of Preparation","MostiFishMod:AdaptiveDefenses","hubris:TenFootPole","GodSword6","TheBean","Shuriken","Void","ChiXiaoBlade","Blue Candle","MealTicket","GodSword4","hexamod:BolsterEngine","champ:DeflectingBracers","Toy Ornithopter"],"acts_visited":["Exordium","TheCity","TheBeyond"],"potions_floor_usage":[],"damage_taken":[{"damage":11.0,"enemies":"Jaw Worm","floor":2.0,"turns":2.0},{"damage":22.0,"enemies":"3 Sentries","floor":3.0,"turns":4.0},{"damage":0.0,"enemies":"Small Slimes","floor":4.0,"turns":2.0},{"damage":10.0,"enemies":"downfall:FleeingMerchant","floor":5.0,"turns":4.0},{"damage":0.0,"enemies":"2 Louse","floor":6.0,"turns":2.0},{"damage":8.0,"enemies":"Gremlin Nob","floor":8.0,"turns":3.0},{"damage":10.0,"enemies":"Exordium Thugs","floor":10.0,"turns":3.0},{"damage":15.0,"enemies":"downfall:FleeingMerchant","floor":14.0,"turns":3.0},{"damage":0.0,"enemies":"Blue Slaver","floor":15.0,"turns":3.0},{"damage":0.0,"enemies":"WA_ARCHETYPE_RETAIN","floor":16.0,"turns":3.0},{"damage":0.0,"enemies":"3 Byrds","floor":19.0,"turns":4.0},{"damage":9.0,"enemies":"Hiden Room Battle","floor":22.0,"turns":2.0},{"damage":0.0,"enemies":"Nightmare","floor":25.0,"turns":3.0},{"damage":0.0,"enemies":"Spheric Guardian","floor":26.0,"turns":1.0},{"damage":0.0,"enemies":"Centurion and Healer","floor":29.0,"turns":3.0},{"damage":0.0,"enemies":"3 Cultists","floor":31.0,"turns":3.0},{"damage":0.0,"enemies":"Snake Plant","floor":32.0,"turns":2.0},{"damage":6.0,"enemies":"DF_ARCHETYPE_CLAW","floor":33.0,"turns":4.0},{"damage":0.0,"enemies":"3 Darklings","floor":36.0,"turns":3.0},{"damage":0,"enemies":"3 Shapes","floor":39,"turns":3},{"damage":0,"enemies":"Maw","floor":40,"turns":4},{"damage":0,"enemies":"Hiden Room Battle","floor":43,"turns":2},{"damage":0,"enemies":"Giant Head","floor":46,"turns":2},{"damage":0,"enemies":"4 Shapes","floor":49,"turns":3},{"damage":0,"enemies":"SI_POISON_ARCHETYPE","floor":50,"turns":2}],"seed_played":"5009796071464860296","potions_obtained":[{"floor":4.0,"key":"Fire Potion"},{"floor":8.0,"key":"GamblersBrew"},{"floor":16.0,"key":"Strength Potion"},{"floor":22.0,"key":"Fire Potion"},{"floor":33.0,"key":"PowerPotion"}],"is_trial":false,"path_per_floor":["R","M","?","M","$","M","T","E","?","M","?","?","R","$","M","B",null,"R","M","$","T","?","?","T","NM","M","R","$","M","R","M","M","B",null,"R","M","?","?","M","M","T","$","?","$","R","E","?","?","M","B",null],"character_chosen":"GUARDIAN","items_purchased":["Guardian:BronzeArmor","DeathBook","Guardian:Gem_Orange","Bag of Preparation","REME_PuzzleBoxRelic","MostiFishMod:AdaptiveDefenses","Guardian:TimeCapacitor","TheBible","champ:DeflectingBracers"],"campfire_rested":0,"item_purchase_floors":[5,17,17,20,20,20,20,42,44],"current_hp_per_floor":[80,69,47,47,37,37,37,29,29,19,19,19,19,4,4,80,68,68,68,68,68,68,68,68,68,68,68,68,68,68,68,68,62,99,99,99,99,97,97,97,97,100,93,100,100,100,100,87,87,87],"gold":47,"neow_bonus":"BOSS_RELIC","is_daily":false,"chose_seed":false,"campfire_upgraded":6,"win_rate":0.0,"timestamp":1613207396,"path_taken":["R","M","?","M","$","M","T","E","?","?","?","?","R","$","M","BOSS","R","M","$","?","?","?","T","NM","?","R","$","?","R","M","M","BOSS","R","M","?","?","M","M","T","?","?","$","R","E","?","?","M","BOSS"],"items_purchased_type":["Card","Relic","Card","Relic","Relic","Relic","Card","Relic","Relic"],"build_version":"2020-12-22","purchased_purges":5,"victory":true,"max_hp_per_floor":[80,80,80,80,80,80,80,80,80,80,80,80,80,80,80,82,68,68,80,80,80,83,83,83,87,87,87,87,88,88,89,92,99,99,99,100,100,100,100,100,100,100,100,100,100,100,100,100,100,100],"relic_stats":{"Busted Crown":38,"Happy Flower":[21],"counters":[25,70],"Shuriken":[13],"Blue Candle":[0],"MealTicket":10,"Bag of Preparation":[28],"obtain_stats":[{"DaveBox":0,"downfall:HeartBlessingGreen":18,"MostiFishMod:AdaptiveDefenses":20,"infinitespire:Cubic Diamond":11,"ice":0,"Bag of Preparation":20,"Ancient Tea Set":7,"DeathBook":17,"hubris:Icosahedron":9,"TheBean":22,"MealTicket":41,"Void":25,"Runic Pyramid":0,"KeepersGift":0,"Happy Flower":3,"downfall:HeartBlessingRed":13,"Blue Candle":38,"Guardian:ModeShifter":0,"hubris:SphereOfDissonance":8,"ShadowXiaoBlade":0,"champ:DeflectingBracers":44,"SteamSale":0,"Busted Crown":17,"TheBible":42,"Shuriken":24,"ChiXiaoBlade":34,"hubris:TenFootPole":21,"GodSword6":22,"REME_PuzzleBoxRelic":20,"GodSword4":43,"hexamod:BolsterEngine":43,"HushsDoor":0,"Toy Ornithopter":46,"REME_ComplimentaryCards":0},{"DaveBox":0,"downfall:HeartBlessingGreen":10,"MostiFishMod:AdaptiveDefenses":11,"infinitespire:Cubic Diamond":7,"ice":0,"Bag of Preparation":11,"Ancient Tea Set":5,"DeathBook":10,"hubris:Icosahedron":6,"TheBean":12,"MealTicket":21,"Void":13,"Runic Pyramid":0,"KeepersGift":0,"Happy Flower":2,"downfall:HeartBlessingRed":7,"Blue Candle":19,"Guardian:ModeShifter":0,"hubris:SphereOfDissonance":6,"ShadowXiaoBlade":0,"champ:DeflectingBracers":22,"SteamSale":0,"Busted Crown":10,"TheBible":21,"Shuriken":12,"ChiXiaoBlade":18,"hubris:TenFootPole":11,"GodSword6":12,"REME_PuzzleBoxRelic":11,"GodSword4":22,"hexamod:BolsterEngine":22,"HushsDoor":0,"Toy Ornithopter":23,"REME_ComplimentaryCards":0},{"DaveBox":0,"downfall:HeartBlessingGreen":29,"MostiFishMod:AdaptiveDefenses":33,"infinitespire:Cubic Diamond":20,"ice":0,"Bag of Preparation":33,"Ancient Tea Set":14,"DeathBook":29,"hubris:Icosahedron":17,"TheBean":35,"MealTicket":61,"Void":38,"Runic Pyramid":0,"KeepersGift":0,"Happy Flower":6,"downfall:HeartBlessingRed":20,"Blue Candle":54,"Guardian:ModeShifter":0,"hubris:SphereOfDissonance":17,"ShadowXiaoBlade":0,"champ:DeflectingBracers":63,"SteamSale":0,"Busted Crown":29,"TheBible":61,"Shuriken":35,"ChiXiaoBlade":51,"hubris:TenFootPole":33,"GodSword6":35,"REME_PuzzleBoxRelic":33,"GodSword4":63,"hexamod:BolsterEngine":63,"HushsDoor":0,"Toy Ornithopter":65,"REME_ComplimentaryCards":0}],"Toy Ornithopter":0},"card_choices":[{"not_picked":["Guardian:TemporalShield","Guardian:BodySlam"],"picked":"Guardian:DonusPower","floor":2.0},{"not_picked":["Guardian:RollAttack","Guardian:Gem_Cyan"],"picked":"Guardian:BronzeOrb","floor":3.0},{"not_picked":["Guardian:PrismaticBeam","Guardian:Repulse"],"picked":"Guardian:StasisStrike","floor":4.0},{"not_picked":["Guardian:Reroute","Guardian:Recover"],"picked":"Guardian:StasisStrike","floor":5.0},{"not_picked":["Guardian:PrimingBeam","Guardian:FuturePlans","Guardian:RollAttack"],"picked":"SKIP","floor":6.0},{"not_picked":["Guardian:DonusPower","Guardian:WalkerClaw","Guardian:FuturePlans"],"picked":"SKIP","floor":8.0},{"not_picked":["Guardian:Incinerate","Guardian:Suspension"],"picked":"Guardian:ChargeUp","floor":10.0},{"not_picked":["Guardian:ShieldSpikes","Guardian:Clone"],"picked":"Guardian:ConstructionForm","floor":14.0},{"not_picked":["Guardian:Reroute","Guardian:PolyBeam"],"picked":"Guardian:Planning","floor":15.0},{"not_picked":["Guardian:AncientConstruct","Guardian:TimeSifter"],"picked":"Guardian:CompilePackage","floor":16.0},{"not_picked":["Guardian:TemporalShield"],"picked":"SKIP","floor":19.0},{"not_picked":[],"picked":"Guardian:Gem_Cyan","floor":25.0},{"not_picked":[],"picked":"Guardian:Gem_Red","floor":26.0},{"not_picked":["Guardian:CrystalBeam+1"],"picked":"SKIP","floor":29.0},{"not_picked":[],"picked":"Guardian:Gem_Yellow","floor":31.0},{"not_picked":["Guardian:PrismaticBeam"],"picked":"SKIP","floor":32.0},{"not_picked":["Guardian:Reroute+1"],"picked":"SKIP","floor":36.0},{"not_picked":["expansioncontent:PolyBeam","expansioncontent:AwakenDeath"],"picked":"expansioncontent:Chronoboost","floor":37},{"not_picked":[],"picked":"Guardian:Planning+1","floor":39},{"not_picked":["Guardian:ShieldSpikes"],"picked":"SKIP","floor":40},{"not_picked":[],"picked":"Guardian:FuturePlans","floor":43},{"not_picked":["Guardian:Harden"],"picked":"SKIP","floor":46},{"not_picked":["hubris:InfiniteBlow","infinitespire:Fortify"],"picked":"hubris:Fate","floor":48},{"not_picked":["Guardian:RollAttack+1"],"picked":"SKIP","floor":49}],"player_experience":346171,"relics_obtained":[{"floor":3.0,"key":"Happy Flower"},{"floor":7.0,"key":"Ancient Tea Set"},{"floor":8.0,"key":"hubris:SphereOfDissonance"},{"floor":21.0,"key":"hubris:TenFootPole"},{"floor":22.0,"key":"GodSword6"},{"floor":22.0,"key":"TheBean"},{"floor":24.0,"key":"Shuriken"},{"floor":25.0,"key":"Void"},{"floor":41,"key":"MealTicket"},{"floor":43,"key":"GodSword4"},{"floor":43,"key":"hexamod:BolsterEngine"},{"floor":46,"key":"Toy Ornithopter"}],"event_choices":[{"damage_healed":0.0,"max_hp_gain":0.0,"max_hp_loss":0.0,"gold_gain":0.0,"event_name":"HidenRoomEvent","player_choice":"Fight","floor":22.0,"gold_loss":0.0,"damage_taken":0.0},{"damage_healed":0.0,"max_hp_gain":0.0,"max_hp_loss":0.0,"gold_gain":0.0,"event_name":"NoteForYourself","player_choice":"Ignored","floor":23.0,"gold_loss":0.0,"damage_taken":0.0},{"damage_healed":0,"gold_gain":0,"player_choice":"Fight","damage_taken":0,"max_hp_gain":0,"max_hp_loss":0,"event_name":"HidenRoomEvent","floor":43,"gold_loss":0}],"is_beta":false,"boss_relics":[{"not_picked":["Transparent","Tiny House"],"picked":"Busted Crown"},{"not_picked":[]},{"not_picked":["RhineFirstAidKit","RhineCircuit"],"picked":"ChiXiaoBlade"},{"not_picked":[]}],"items_purged_floors":[5,14,20,28,42],"is_endless":false,"potions_floor_spawned":[4,8,16,22,25,26,29,33,46],"ascension_level":0}}