{"host":"8srk5r1dwtmjotwd","time":1613194865,"event":{"mods":["AchievementEnabler","Act Like it!","Aspiration","BaseMod","Beaked The Cultist","Bestiary","Better Note","Better Third Choice","Colored Map","Colored Powertips","Conspire","Custom Start","Friendly Minions","GifTheSpireLib","Halation","Hallownest","Hermit","Highlight Path","Hubris","Infinite Spire","Mimic Mod","Minty Spire (QoL Compilation)","Morshu Shopkeeper - ENHANCED","Quick Restart","Rare Cards Sparkle","Reliquary","Replay The Spire","Shop Mod","StSLib","SuperFastMode","Synergy Search","The Bug Knight","The Construct","The Cursed","The Disciple","The Marked","Thieving Mod","Wide Potions","Yohane!","everything is the same but u backflip on backflip","slay the spire mod where everything is the same but ironclad has a cowboy hat"],"gold_per_floor":[115,115,129,129,129,156,156,184,184,200,216,216,226,238,238,333,333,344,344,369,369,419,431,459,471,483,505,546,558,589,123,123,223,223,233,233,33,57,109,109,109,138,138,232,266,266],"floor_reached":45,"language":"ENG","playtime":2283,"items_purged":["hubris:Lust"],"score":643,"play_id":"342f4b9c-5584-499a-8b6a-d1f95072938d","local_time":"20210213004105","is_ascension_mode":false,"campfire_choices":[{"floor":7.0,"key":"REST"},{"floor":12.0,"key":"REST"},{"data":"Infernal Blade","floor":23,"key":"SMITH"},{"data":"Bludgeon","floor":25,"key":"SMITH"},{"data":"infinitespire:FutureSight","floor":29,"key":"SMITH"},{"data":"Seeing Red","floor":32,"key":"SMITH"},{"floor":40,"key":"REST"}],"circlet_count":0,"master_deck":["Strike_R","Strike_R+1","Strike_R","Strike_R","Strike_R","Defend_R","Defend_R","Bash","Shrug It Off","Seeing Red+1","Infernal Blade+1","hubris:SharpeningStone","Bludgeon+1","Iron Wave","Anger","Iron Wave","infinitespire:FutureSight+1","Thunderclap+1","infinitespire:Pacifist","Offering","Rage","hubris:Greed","hubris:Gluttony","infinitespire:Starlight","conspire:SpireCoStock","conspire:SpireCoStock","conspire:SpireCoStock","conspire:SpireCoStock+1","hubris:Greed","hubris:Greed","hubris:Greed","Whirlwind","hubris:Greed","hubris:Greed","hubris:Greed","hubris:Greed","conspire:Purge","hubris:Greed","hubris:Greed","hubris:Greed","hubris:Greed","hubris:Greed","hubris:Greed","hubris:Greed","hubris:Greed","hubris:Greed"],"relics":["Burning Blood","aspiration:Nostalgia","HollowMod:VesselMask","Potion Belt","reliquary:Boomerang","reliquary:HotPoker","conspire:SpecialSausage","Red Mask","MutagenicStrength","ReplayTheSpireMod:Ring of Challenge","Ring of Greed","MawBank","Blue Doll","ReplayTheSpireMod:Ninjato","Bag of Marbles","infinitespire:EmpoweringShard","halation:PinkAlligatorPlush","Magic Flower","Replay:Rubber Ducky"],"acts_visited":["Exordium","TheCity","TheBeyond"],"potions_floor_usage":[16,18,28,30,33,33,33,33,39,42,44,45],"damage_taken":[{"damage":1.0,"enemies":"Cultist","floor":1.0,"turns":3.0},{"damage":6.0,"enemies":"2 Louse","floor":3.0,"turns":2.0},{"damage":52.0,"enemies":"Lagavulin","floor":6.0,"turns":7.0},{"damage":16.0,"enemies":"Gremlin Nob","floor":8.0,"turns":3.0},{"damage":2.0,"enemies":"conspire:RoseBush","floor":10.0,"turns":3.0},{"damage":5.0,"enemies":"Exordium Thugs","floor":11.0,"turns":2.0},{"damage":11.0,"enemies":"2 Fungi Beasts","floor":13.0,"turns":2.0},{"damage":10.0,"enemies":"3 Louse","floor":14.0,"turns":3.0},{"damage":42,"enemies":"Slime Boss","floor":16,"turns":10},{"damage":2,"enemies":"Shell Parasite","floor":18,"turns":3},{"damage":15,"enemies":"Masked Bandits","floor":20,"turns":4},{"damage":10,"enemies":"2 Thieves","floor":24,"turns":4},{"damage":2,"enemies":"Snecko","floor":27,"turns":3},{"damage":0,"enemies":"Nightmare","floor":28,"turns":7},{"damage":10,"enemies":"Snake Plant","floor":30,"turns":2},{"damage":38,"enemies":"conspire:MysteriousRune","floor":33,"turns":7},{"damage":23,"enemies":"3 Darklings","floor":35,"turns":2},{"damage":16,"enemies":"3 Shapes","floor":38,"turns":2},{"damage":35,"enemies":"Sphere and 2 Shapes","floor":39,"turns":4},{"damage":2,"enemies":"Writhing Mass","floor":42,"turns":1},{"damage":123,"enemies":"conspire:MimicChest","floor":44,"turns":8},{"damage":90,"enemies":"Maw","floor":45,"turns":8}],"seed_played":"-7956330742747789836","potions_obtained":[{"floor":8.0,"key":"Languid Potion"},{"floor":13.0,"key":"Energy Potion"},{"floor":16,"key":"Adrenaline Potion"},{"floor":24,"key":"Regen Potion"},{"floor":27,"key":"EssenceOfSteel"},{"floor":28,"key":"Adrenaline Potion"},{"floor":30,"key":"Languid Potion"},{"floor":38,"key":"Toxic Potion"},{"floor":39,"key":"AttackPotion"},{"floor":44,"key":"Block Potion"}],"is_trial":false,"path_per_floor":["M","?","M","?","?","E","R","E","T","M","M","R","M","M","R_BF","B",null,"M","?","?","?","?","R","M","R","T","M","NM","R","M","$","R","B",null,"M","?","?","M","M","R","?","M","T","?","M"],"character_chosen":"IRONCLAD","items_purchased":["infinitespire:EmpoweringShard","SkillPotion","Fire Potion","Block Potion"],"campfire_rested":3,"item_purchase_floors":[31,31,31,31],"current_hp_per_floor":[80,80,80,80,80,34,58,48,48,52,53,77,72,68,68,32,80,80,80,71,71,71,71,67,67,67,71,77,77,73,73,73,41,80,63,63,63,63,34,58,58,62,62,80,0,0],"gold":266,"neow_bonus":"NOSTALGIA","is_daily":false,"chose_seed":false,"campfire_upgraded":4,"win_rate":0.0,"timestamp":1613194865,"path_taken":["M","?","M","?","?","E","R","E","T","M","M","R","M","M","R_BF","BOSS","M","?","?","?","?","R","M","R","T","M","NM","R","M","$","R","BOSS","M","?","?","M","M","R","?","?","T","?","M"],"items_purchased_type":["Relic","Potion","Potion","Potion"],"build_version":"2020-12-22","purchased_purges":1,"victory":false,"max_hp_per_floor":[80,80,80,80,80,80,80,80,80,80,80,80,80,80,80,80,80,80,80,80,80,80,80,80,80,80,80,80,80,80,80,80,80,80,80,80,80,80,80,80,80,80,80,80,80,80],"card_choices":[{"not_picked":["Armaments","Abandon"],"picked":"Shrug It Off","floor":1.0},{"not_picked":["Body Slam","Dark Embrace"],"picked":"Seeing Red","floor":3.0},{"not_picked":["Havoc","ReplayTheSpireMod:Corrosion Curse"],"picked":"Infernal Blade","floor":6.0},{"not_picked":["Reckless Charge","Second Wind"],"picked":"hubris:SharpeningStone","floor":8.0},{"not_picked":["Armaments","Headbutt","ReplayTheSpireMod:Muscle Training"],"picked":"SKIP","floor":10.0},{"not_picked":["Shrug It Off","Combust","True Grit"],"picked":"SKIP","floor":11.0},{"not_picked":["Heavy Blade","ReplayTheSpireMod:Strike From Hell"],"picked":"Bludgeon","floor":13.0},{"not_picked":["hubris:CleavingFinish","Body Slam"],"picked":"Iron Wave","floor":14.0},{"not_picked":["Burning Pact","Sever Soul","hubris:SharpeningStone"],"picked":"SKIP","floor":18},{"not_picked":["Blood for Blood","Shrug It Off"],"picked":"Iron Wave","floor":20},{"not_picked":["Run Through","Wild Strike","Clothesline"],"picked":"SKIP","floor":24},{"not_picked":["Warcry+1","Anger","Eclipse"],"picked":"SKIP","floor":27},{"not_picked":["ReplayTheSpireMod:Black Plague","ReplayTheSpireMod:Echoes of Time"],"picked":"infinitespire:FutureSight","floor":28},{"not_picked":["Battle Trance","Corruption"],"picked":"Thunderclap+1","floor":28},{"not_picked":["Evolve","Heavy Blade","conspire:Charge"],"picked":"SKIP","floor":30},{"not_picked":["Immolate","hubris:StunningStrike"],"picked":"Offering","floor":33},{"not_picked":["Iron Wave+1","ReplayTheSpireMod:Muscle Training+1"],"picked":"Rage","floor":35},{"not_picked":["infinitespire:FutureSight","Replay:Fractal Strike"],"picked":"infinitespire:Starlight","floor":36},{"not_picked":["Clash+1","Headbutt+1","Run Through"],"picked":"SKIP","floor":38},{"not_picked":["Headbutt","Clash+1","Shrug It Off+1"],"picked":"SKIP","floor":39},{"not_picked":["Thunderclap+1","Perfected Strike+1"],"picked":"Whirlwind","floor":42},{"not_picked":["Flex+1","Anger"],"picked":"conspire:Purge","floor":44}],"player_experience":128797,"relics_obtained":[{"floor":6.0,"key":"Potion Belt"},{"floor":8.0,"key":"reliquary:Boomerang"},{"floor":9.0,"key":"reliquary:HotPoker"},{"floor":20,"key":"Red Mask"},{"floor":22,"key":"ReplayTheSpireMod:Ring of Challenge"},{"floor":22,"key":"Ring of Greed"},{"floor":22,"key":"MawBank"},{"floor":22,"key":"Blue Doll"},{"floor":26,"key":"ReplayTheSpireMod:Ninjato"},{"floor":28,"key":"Bag of Marbles"},{"floor":43,"key":"Magic Flower"},{"floor":44,"key":"Replay:Rubber Ducky"}],"event_choices":[{"cards_removed":["Defend_R"],"damage_healed":0.0,"max_hp_gain":0.0,"max_hp_loss":0.0,"gold_gain":0.0,"event_name":"Bonfire Elementals","player_choice":"Offered Basic","floor":5.0,"gold_loss":0.0,"damage_taken":0.0},{"damage_healed":0,"gold_gain":0,"player_choice":"Ignored","damage_taken":0,"max_hp_gain":0,"max_hp_loss":0,"event_name":"betterNote:BetterNote","floor":19,"gold_loss":0,"cards_obtained":["infinitespire:DeathsTouch"]},{"damage_healed":0,"gold_gain":0,"player_choice":"Fought Bandits","damage_taken":0,"max_hp_gain":0,"max_hp_loss":0,"event_name":"Masked Bandits","floor":20,"gold_loss":0},{"damage_healed":0,"gold_gain":0,"player_choice":"Inject Mutagens","damage_taken":0,"relics_obtained":["MutagenicStrength"],"max_hp_gain":0,"max_hp_loss":0,"event_name":"Drug Dealer","floor":21,"gold_loss":0},{"damage_healed":0,"gold_gain":0,"player_choice":"Invest 4","damage_taken":0,"max_hp_gain":0,"max_hp_loss":0,"event_name":"conspire:Investor","floor":37,"gold_loss":0}],"is_beta":false,"boss_relics":[{"not_picked":["Abe\u0027s Treasure","hubris:GrandSneckoEye"],"picked":"conspire:SpecialSausage"},{"not_picked":["aspiration:WatcherSkillbook","Runic Pyramid"],"picked":"halation:PinkAlligatorPlush"}],"items_purged_floors":[31],"is_endless":true,"potions_floor_spawned":[8,13,16,24,27,28,30,38,39,44],"killed_by":"Maw","ascension_level":0}}