{"host":"v16t4fbv9yk4gg06","time":1613251805,"event":{"mods":["BaseMod","Bestiary","Bossed Relics","Dark Map","Displayed Cursed Tome","Fox Events","Minty Spire (QoL Compilation)","Robot Space Explorer","Spicy Shops","StSLib","Thieving Mod","Wide Potions"],"gold_per_floor":[118,137,137,79,97,128,128,143,168,168,180,180,355,398,398,398,398],"floor_reached":16,"language":"ENG","playtime":411,"items_purged":[],"score":110,"play_id":"79b56f01-54ba-4582-8caa-7b0e523431a1","local_time":"20210213223005","is_ascension_mode":false,"campfire_choices":[{"data":"Sword Boomerang","floor":7,"key":"SMITH"},{"data":"Spot Weakness","floor":10,"key":"SMITH"},{"floor":15,"key":"REST"}],"circlet_count":0,"master_deck":["Strike_R","Strike_R","Strike_R","Strike_R","Strike_R","Defend_R","Defend_R","Defend_R","Bash","Flex","Defend_R","Twin Strike","Sword Boomerang+1","Spot Weakness+1","Injury","Doubt"],"relics":["Burning Blood","NeowsBlessing","Happy Flower","Anchor","Golden Idol","Toy Ornithopter"],"acts_visited":["Exordium"],"potions_floor_usage":[14,14,16],"damage_taken":[{"damage":0,"enemies":"Small Slimes","floor":1,"turns":1},{"damage":0,"enemies":"Cultist","floor":2,"turns":1},{"damage":0,"enemies":"2 Louse","floor":5,"turns":1},{"damage":31,"enemies":"3 Sentries","floor":6,"turns":7},{"damage":10,"enemies":"Looter","floor":8,"turns":2},{"damage":14,"enemies":"Exordium Wildlife","floor":11,"turns":4},{"damage":37,"enemies":"Lagavulin","floor":14,"turns":5},{"damage":41,"enemies":"Hexaghost","floor":16,"turns":8}],"seed_played":"-3975640044531369409","potions_obtained":[{"floor":5,"key":"ColorlessPotion"},{"floor":6,"key":"SkillPotion"},{"floor":14,"key":"Ancient Potion"}],"is_trial":false,"path_per_floor":["M","M","?","$","M","E","R","M","T","R","M","?","?","E","R","B"],"character_chosen":"IRONCLAD","items_purchased":["Twin Strike"],"campfire_rested":1,"item_purchase_floors":[4],"current_hp_per_floor":[80,80,80,80,80,55,55,51,51,51,43,43,43,12,36,0,0],"gold":398,"neow_bonus":"THREE_ENEMY_KILL","is_daily":false,"chose_seed":false,"campfire_upgraded":2,"win_rate":0.0,"timestamp":1613251805,"path_taken":["M","M","?","$","?","E","R","M","T","R","?","?","?","E","R","BOSS"],"items_purchased_type":["Card"],"build_version":"2020-12-22","purchased_purges":0,"victory":false,"max_hp_per_floor":[80,80,80,80,80,80,80,80,80,80,80,80,80,80,80,80,80],"card_choices":[{"not_picked":["Headbutt","Armaments"],"picked":"Flex","floor":1},{"not_picked":["Wild Strike","True Grit","Combust"],"picked":"SKIP","floor":2},{"not_picked":["Blood for Blood","Dark Embrace"],"picked":"Sword Boomerang","floor":5},{"not_picked":["Second Wind","Wild Strike","Entrench"],"picked":"SKIP","floor":6},{"not_picked":["Fire Breathing","Body Slam"],"picked":"Spot Weakness","floor":8},{"not_picked":["Searing Blow","Body Slam","Anger"],"picked":"SKIP","floor":11},{"not_picked":["Blood for Blood","Uppercut","Perfected Strike"],"picked":"SKIP","floor":14}],"player_experience":295060,"relics_obtained":[{"floor":6,"key":"Happy Flower"},{"floor":9,"key":"Anchor"},{"floor":14,"key":"Toy Ornithopter"}],"event_choices":[{"cards_removed":["Defend_R"],"damage_healed":0,"gold_gain":0,"player_choice":"Took Card","damage_taken":0,"max_hp_gain":0,"max_hp_loss":0,"event_name":"NoteForYourself","floor":3,"gold_loss":0,"cards_obtained":["Defend_R"]},{"damage_healed":0,"gold_gain":0,"player_choice":"Take Wound","damage_taken":0,"relics_obtained":["Golden Idol"],"max_hp_gain":0,"max_hp_loss":0,"event_name":"Golden Idol","floor":12,"gold_loss":0,"cards_obtained":["Injury"]},{"damage_healed":0,"gold_gain":175,"player_choice":"AGREE","damage_taken":0,"max_hp_gain":0,"max_hp_loss":0,"event_name":"Liars Game","floor":13,"gold_loss":0,"cards_obtained":["Doubt"]}],"is_beta":false,"boss_relics":[],"items_purged_floors":[],"is_endless":false,"potions_floor_spawned":[5,6,14],"killed_by":"Hexaghost","ascension_level":0}}