{"host":"kqjncq1jgqa58i7s","time":1613226212,"event":{"mods":["AchievementEnabler","BaseMod","Colored Map","Minty Spire (QoL Compilation)","Relic Stats"],"gold_per_floor":[116,41,116,130,149,149,57,57,57,57,57,72,72,106,106,184,184,195,213,213,227,245,245,255,255,255,255,255],"floor_reached":27,"language":"ENG","playtime":952,"items_purged":[],"score":476,"play_id":"e1728c49-5fd8-41ff-8377-8355b78fa2b8","local_time":"20210213152332","is_ascension_mode":true,"campfire_choices":[{"data":"Eruption","floor":6,"key":"SMITH"},{"data":"Panacea","floor":8,"key":"SMITH"},{"data":"WheelKick","floor":10,"key":"SMITH"},{"data":"Adaptation","floor":13,"key":"SMITH"},{"data":"ClearTheMind","floor":15,"key":"SMITH"},{"floor":23,"key":"REST"},{"floor":25,"key":"REST"}],"circlet_count":0,"master_deck":["AscendersBane","Strike_P","Strike_P","Strike_P","Defend_P","Defend_P","Defend_P","Defend_P","Eruption+1","Vigilance","CarveReality","WheelKick+1","Panacea+1","Adaptation+1","ClearTheMind+1","ConjureBlade","Tantrum","Protect","WheelKick+1","DeceiveReality","Worship"],"relics":["Velvet Choker","Kunai","Boot","Philosopher\u0027s Stone","Peace Pipe"],"acts_visited":["Exordium","TheCity"],"potions_floor_usage":[16,21,24,27],"damage_taken":[{"damage":0,"enemies":"Small Slimes","floor":1,"turns":2},{"damage":2,"enemies":"2 Louse","floor":4,"turns":3},{"damage":0,"enemies":"Jaw Worm","floor":5,"turns":2},{"damage":1,"enemies":"Looter","floor":12,"turns":2},{"damage":0,"enemies":"Lagavulin","floor":14,"turns":3},{"damage":50,"enemies":"Hexaghost","floor":16,"turns":8},{"damage":43,"enemies":"3 Byrds","floor":18,"turns":6},{"damage":0,"enemies":"Chosen","floor":19,"turns":2},{"damage":0,"enemies":"Snecko","floor":21,"turns":3},{"damage":6,"enemies":"Cultist and Chosen","floor":22,"turns":8},{"damage":15,"enemies":"Centurion and Healer","floor":24,"turns":5},{"damage":40,"enemies":"Slavers","floor":27,"turns":3}],"seed_played":"-429427837309244269","potions_obtained":[{"floor":1,"key":"Weak Potion"},{"floor":5,"key":"Strength Potion"},{"floor":19,"key":"Swift Potion"},{"floor":22,"key":"BottledMiracle"},{"floor":24,"key":"Fruit Juice"}],"is_trial":false,"path_per_floor":["M","?","?","M","M","R","$","R","T","R","?","M","R","E","R","B",null,"M","M","?","M","M","R","M","R","T","E"],"character_chosen":"WATCHER","items_purchased":["Panacea"],"campfire_rested":2,"item_purchase_floors":[7],"current_hp_per_floor":[61,61,50,48,48,48,48,48,48,48,53,52,52,52,52,2,55,12,12,12,12,6,27,17,40,40,0,0],"gold":255,"neow_bonus":"BOSS_RELIC","is_daily":false,"chose_seed":false,"campfire_upgraded":5,"win_rate":0.0,"timestamp":1613226212,"path_taken":["M","?","?","M","M","R","?","R","T","R","?","M","R","E","R","BOSS","M","M","?","M","M","R","?","R","T","E"],"items_purchased_type":["Card"],"build_version":"2020-12-22","purchased_purges":0,"victory":false,"max_hp_per_floor":[68,68,68,68,68,68,68,68,68,68,73,73,73,73,73,73,73,73,73,73,73,73,73,78,78,78,78,78],"relic_stats":{"Peace Pipe":0,"counters":[12,47],"Kunai":[14],"Boot":[26],"obtain_stats":[{"Peace Pipe":26,"Velvet Choker":0,"Philosopher\u0027s Stone":17,"Kunai":9,"PureWater":0,"Boot":14},{"Peace Pipe":11,"Velvet Choker":0,"Philosopher\u0027s Stone":6,"Kunai":3,"PureWater":0,"Boot":5},{"Peace Pipe":44,"Velvet Choker":0,"Philosopher\u0027s Stone":20,"Kunai":7,"PureWater":0,"Boot":12}]},"card_choices":[{"not_picked":["LikeWater","FlurryOfBlows"],"picked":"CarveReality","floor":1},{"not_picked":["SignatureMove","CrushJoints","Prostrate"],"picked":"SKIP","floor":4},{"not_picked":["Consecrate","EmptyFist"],"picked":"WheelKick","floor":5},{"not_picked":["FearNoEvil","Protect"],"picked":"Adaptation","floor":12},{"not_picked":["Swivel","FollowUp"],"picked":"ClearTheMind","floor":14},{"not_picked":["DeusExMachina","Omniscience"],"picked":"ConjureBlade","floor":16},{"not_picked":["FollowUp","Wallop"],"picked":"Tantrum","floor":18},{"not_picked":["EmptyFist","CrushJoints"],"picked":"Protect","floor":19},{"not_picked":["Tantrum","FlyingSleeves+1"],"picked":"DeceiveReality","floor":21},{"not_picked":["Study","SashWhip","WindmillStrike"],"picked":"SKIP","floor":22},{"not_picked":["Perseverance","Sanctity"],"picked":"Worship","floor":24}],"player_experience":1684580,"relics_obtained":[{"floor":9,"key":"Kunai"},{"floor":14,"key":"Boot"},{"floor":26,"key":"Peace Pipe"}],"event_choices":[{"cards_removed":["Strike_P"],"damage_healed":0,"gold_gain":0,"player_choice":"Card Removal","damage_taken":0,"max_hp_gain":0,"max_hp_loss":0,"event_name":"The Cleric","floor":2,"gold_loss":75},{"damage_healed":0,"gold_gain":75,"player_choice":"Gather Gold","damage_taken":11,"max_hp_gain":0,"max_hp_loss":0,"event_name":"World of Goop","floor":3,"gold_loss":0},{"damage_healed":0,"gold_gain":0,"player_choice":"Donut","damage_taken":0,"max_hp_gain":5,"max_hp_loss":0,"event_name":"Big Fish","floor":11,"gold_loss":0},{"damage_healed":0,"gold_gain":0,"player_choice":"Copied","damage_taken":0,"max_hp_gain":0,"max_hp_loss":0,"event_name":"Duplicator","floor":20,"gold_loss":0,"cards_obtained":["WheelKick"]}],"is_beta":false,"boss_relics":[{"not_picked":["Tiny House","SacredBark"],"picked":"Philosopher\u0027s Stone"}],"items_purged_floors":[],"is_endless":false,"potions_floor_spawned":[1,5,19,22,24],"killed_by":"Slavers","ascension_level":20}}