{"host":"bvp2uifzy1c463d9","time":1613196076,"event":{"mods":["AchievementEnabler","BaseMod","Block Reminder","Bossed Relics","ChefMod","Colored Map","Colored Powertips","Energized Spire","Hermit","Highlight Path","Hubris","Infinite Spire","Minty Spire (QoL Compilation)","Random Character Button","Relic Sorter","Relic Stats","Reliquary","Replay The Spire","StSLib","The Blue Laboratory","The Jungle","The Servant 0.9.4","Wandering Minibosses"],"gold_per_floor":[110,127,144,160,177,177,177],"floor_reached":6,"language":"ENG","playtime":447,"items_purged":[],"score":40,"play_id":"8367e706-08c6-4904-8a37-b74b7bac1442","local_time":"20210213000116","is_ascension_mode":false,"campfire_choices":[],"circlet_count":0,"master_deck":["chefmod:Strike","chefmod:Strike","chefmod:Strike","chefmod:Strike","chefmod:QuickThaw","chefmod:Defend","chefmod:Defend","chefmod:Defend","chefmod:Defend","chefmod:TodaysSpecial","chefmod:CandyBowl","chefmod:Escargot","chefmod:BaoBuns","chefmod:RisingDough","chefmod:MonsterBait","chefmod:SearedScallops"],"relics":["chefmod:TrustyPot"],"acts_visited":["Exordium"],"potions_floor_usage":[],"damage_taken":[{"damage":0,"enemies":"Cultist","floor":1,"turns":5},{"damage":1,"enemies":"2 Louse","floor":2,"turns":3},{"damage":1,"enemies":"Jaw Worm","floor":3,"turns":7},{"damage":6,"enemies":"Red Slaver","floor":4,"turns":5},{"damage":0,"enemies":"Looter","floor":5,"turns":4},{"damage":84,"enemies":"Gremlin Nob","floor":6,"turns":7}],"seed_played":"-5619698848740867114","potions_obtained":[{"floor":4,"key":"blueLaboratory:BottleOfVodka"},{"floor":5,"key":"SkillPotion"}],"is_trial":false,"path_per_floor":["M","M","M","M","M","E"],"character_chosen":"THE_CHEF","items_purchased":[],"campfire_rested":0,"item_purchase_floors":[],"current_hp_per_floor":[76,75,74,68,68,0,0],"gold":177,"neow_bonus":"ONE_RANDOM_RARE_CARD","is_daily":false,"chose_seed":false,"campfire_upgraded":0,"win_rate":0.0,"timestamp":1613196076,"path_taken":["M","M","?","M","M","E"],"items_purchased_type":[],"build_version":"2020-12-22","purchased_purges":0,"victory":false,"max_hp_per_floor":[76,76,76,76,76,76,76],"relic_stats":{"counters":[6,31],"obtain_stats":[{"chefmod:TrustyPot":0},{"chefmod:TrustyPot":0},{"chefmod:TrustyPot":0}]},"card_choices":[{"not_picked":["chefmod:Julienne","chefmod:ZaruSoba"],"picked":"chefmod:Escargot","floor":1},{"not_picked":["chefmod:Defrost","chefmod:ZaruSoba"],"picked":"chefmod:BaoBuns","floor":2},{"not_picked":["chefmod:SliceAndDice","chefmod:Granita"],"picked":"chefmod:RisingDough","floor":3},{"not_picked":["chefmod:Flambe","chefmod:CleanHouse"],"picked":"chefmod:MonsterBait","floor":4},{"not_picked":["chefmod:Omelette","chefmod:Fillet"],"picked":"chefmod:SearedScallops","floor":5}],"player_experience":327251,"relics_obtained":[],"event_choices":[],"is_beta":false,"boss_relics":[],"items_purged_floors":[],"is_endless":false,"potions_floor_spawned":[4,5],"killed_by":"Gremlin Nob","ascension_level":0}}