{"host":"2x189hkb4impm2gi","time":1613247268,"event":{"mods":["AchievementEnabler","BaseMod","Colored Map","Colored Powertips","Downfall","Minty Spire (QoL Compilation)","StSLib"],"gold_per_floor":[99,113,288,353,369,383,409,409,15,28,59,70,88,113,124,220,220,220,220,240,240,240,240,240,240,125,144,175,187,187,187,187],"floor_reached":30,"language":"ENG","playtime":2441,"items_purged":["Doubt","Pain"],"score":250,"play_id":"239aa0ee-cf24-4df4-9ea2-0fddbf6f23a3","local_time":"20210213151428","is_ascension_mode":false,"campfire_choices":[{"data":"Slimebound:CorrosiveSpit","floor":1,"key":"SMITH"},{"floor":8,"key":"RECALL"},{"data":"Slimebound:MassFeed","floor":18,"key":"SMITH"},{"data":"RitualDagger","floor":23,"key":"SMITH"}],"circlet_count":0,"master_deck":["Slimebound:Tackle","Slimebound:Defend_Slimebound","Slimebound:Split","Slimebound:CorrosiveSpit+1","Slimebound:Prepare","Slimebound:Schlurp","Slimebound:ItLooksTasty","Slimebound:MegaLick","Slimebound:SpikyOuterGoop","Slimebound:AcidTongue","Slimebound:FlameTackle","Slimebound:ItLooksTasty","Slimebound:GoopSpray","Slimebound:Schlurp","Slimebound:BestDefense","Slimebound:MassFeed+1","Slimebound:GrowthPunch+1","Slimebound:AcidTongue+1","Slimebound:Equalize+1","Slimebound:ComboTackle","Slimebound:MinionMaster","downfall:Aged","Slimebound:GoopSpray","Slimebound:CheckThePlaybook","RitualDagger+1","Slimebound:ViciousTackle","Slimebound:GrowthPunch","Slimebound:GoopSpray","Slimebound:HauntingLick","Slimebound:LivingWall"],"relics":["Slimebound:AbsorbEndCombat","Ancient Tea Set","OrangePellets","Nunchaku","Pen Nib","Astrolabe","Blue Candle","Juzu Bracelet","Prayer Wheel"],"acts_visited":["Exordium","TheCity"],"potions_floor_usage":[4,10,11,12,16,16,16,16,20,27,30],"damage_taken":[{"damage":4,"enemies":"Jaw Worm","floor":2,"turns":4},{"damage":9,"enemies":"Gremlin Nob","floor":4,"turns":3},{"damage":0,"enemies":"Small Slimes","floor":5,"turns":3},{"damage":4,"enemies":"Cultist","floor":6,"turns":3},{"damage":0,"enemies":"downfall:FleeingMerchant","floor":9,"turns":4},{"damage":6,"enemies":"Large Slime","floor":10,"turns":3},{"damage":27,"enemies":"Lagavulin","floor":11,"turns":7},{"damage":0,"enemies":"2 Fungi Beasts","floor":12,"turns":3},{"damage":2,"enemies":"Gremlin Gang","floor":13,"turns":4},{"damage":0,"enemies":"Exordium Thugs","floor":15,"turns":4},{"damage":14,"enemies":"WA_ARCHETYPE_RETAIN","floor":16,"turns":6},{"damage":0,"enemies":"3 Byrds","floor":20,"turns":4},{"damage":5,"enemies":"downfall:FleeingMerchant","floor":26,"turns":4},{"damage":7,"enemies":"Chosen","floor":27,"turns":3},{"damage":43,"enemies":"Gremlin Leader","floor":28,"turns":7},{"damage":27,"enemies":"3 Cultists","floor":29,"turns":5},{"damage":23,"enemies":"Book of Stabbing","floor":30,"turns":3}],"seed_played":"-7090325384782715040","potions_obtained":[{"floor":0,"key":"EntropicBrew"},{"floor":0,"key":"SkillPotion"},{"floor":0,"key":"SkillPotion"},{"floor":2,"key":"champ:CounterPotion"},{"floor":4,"key":"Fire Potion"},{"floor":5,"key":"Slimebound:SlimyTonguePotion"},{"floor":10,"key":"Weak Potion"},{"floor":11,"key":"Block Potion"},{"floor":20,"key":"PowerPotion"},{"floor":28,"key":"bronze:BurnAndBuffPotion"}],"is_trial":false,"path_per_floor":["R","M","?","?","M","M","T","R","$","M","E","M","M","T","M","B",null,"R","?","M","?","?","R","T","?","$","M","E","M","E"],"character_chosen":"SLIMEBOUND","items_purchased":["Slimebound:AcidTongue","Slimebound:FlameTackle","OrangePellets"],"campfire_rested":0,"item_purchase_floors":[9,9,9],"current_hp_per_floor":[65,65,65,58,64,63,63,63,65,61,42,48,54,54,62,51,65,65,65,73,48,42,42,42,42,45,58,35,28,7,7,7],"gold":187,"neow_bonus":"THREE_SMALL_POTIONS","is_daily":false,"chose_seed":false,"campfire_upgraded":3,"win_rate":0.0,"timestamp":1613247268,"path_taken":["R","M","?","?","M","M","T","R","$","M","E","M","M","?","M","BOSS","R","?","?","?","?","R","T","?","$","M","E","M","E"],"items_purchased_type":["Card","Card","Relic"],"build_version":"2020-12-22","purchased_purges":2,"victory":false,"max_hp_per_floor":[65,65,65,65,65,65,65,65,65,65,65,65,65,65,65,65,65,65,65,73,73,73,73,73,73,73,73,73,73,73,73,73],"card_choices":[{"not_picked":["Slimebound:LeadByExample","Slimebound:ServeAndProtect"],"picked":"Slimebound:Prepare","floor":2},{"not_picked":["Slimebound:Prepare","Slimebound:ServeAndProtect"],"picked":"Slimebound:Schlurp","floor":4},{"not_picked":["Slimebound:Prepare","Slimebound:ComboTackle"],"picked":"Slimebound:ItLooksTasty","floor":5},{"not_picked":["Slimebound:FormOfPuddle","Slimebound:FinishingTackle"],"picked":"Slimebound:MegaLick","floor":6},{"not_picked":["Slimebound:FlameTackle","Slimebound:SplitBruiser"],"picked":"Slimebound:SpikyOuterGoop","floor":9},{"not_picked":["Slimebound:Equalize","Slimebound:SplitBruiser"],"picked":"Slimebound:ItLooksTasty","floor":10},{"not_picked":["Slimebound:DivideAndConquer","Slimebound:ItLooksTasty","Slimebound:SplitAcid"],"picked":"SKIP","floor":11},{"not_picked":["Slimebound:SplitSpecialist","Slimebound:ProtectTheBoss"],"picked":"Slimebound:GoopSpray","floor":12},{"not_picked":["Slimebound:SpikyOuterGoop","Slimebound:Replication"],"picked":"Slimebound:Schlurp","floor":13},{"not_picked":["Slimebound:GoopSpray","Slimebound:FlameTackle"],"picked":"Slimebound:BestDefense","floor":15},{"not_picked":["Slimebound:RallyTheTroops","Slimebound:OneTwoCombo"],"picked":"Slimebound:MassFeed","floor":16},{"not_picked":["Slimebound:Repurpose+1","Slimebound:FormOfPuddle","Slimebound:DivideAndConquer"],"picked":"SKIP","floor":20},{"not_picked":["Slimebound:AcidTongue","Slimebound:Repurpose"],"picked":"Slimebound:ViciousTackle","floor":26},{"not_picked":["Slimebound:SplitLeeching","Slimebound:ViciousTackle"],"picked":"Slimebound:GrowthPunch","floor":27},{"not_picked":["Slimebound:LeechEnergy","Slimebound:SlimeBrawl"],"picked":"Slimebound:GoopSpray","floor":28},{"not_picked":["Slimebound:LevelUp","Slimebound:GoopTackle"],"picked":"Slimebound:HauntingLick","floor":29},{"not_picked":["Slimebound:ProtectTheBoss","Slimebound:AcidTongue"],"picked":"Slimebound:LivingWall","floor":29}],"player_experience":118318,"relics_obtained":[{"floor":4,"key":"Ancient Tea Set"},{"floor":11,"key":"Nunchaku"},{"floor":14,"key":"Pen Nib"},{"floor":24,"key":"Blue Candle"},{"floor":28,"key":"Prayer Wheel"}],"event_choices":[],"is_beta":false,"boss_relics":[{"not_picked":["Tiny House","Empty Cage"],"picked":"Astrolabe"}],"items_purged_floors":[9,26],"is_endless":false,"potions_floor_spawned":[2,4,5,10,11,20,28],"killed_by":"Book of Stabbing","ascension_level":0}}