{"host":"bf5upntvbdompq33","time":1613237694,"event":{"mods":["BaseMod","Bestiary","Colored Map","Colored Powertips","Curses Come First","Minty Spire (QoL Compilation)","StSLib","ojb\u0027s Info Mod"],"gold_per_floor":[109,47,47,65,75,75,101,101,101,133,308,0,17,31,31,134,134,147,160,160,90,189,217,217,217,217],"floor_reached":25,"language":"ENG","playtime":2976,"items_purged":["Doubt"],"score":344,"play_id":"dcc59c13-29e3-4a50-a29f-31267f81c38e","local_time":"20210213103454","is_ascension_mode":true,"campfire_choices":[{"data":"Accuracy","floor":6,"key":"SMITH"},{"data":"Cloak And Dagger","floor":8,"key":"SMITH"},{"floor":15,"key":"REST"},{"data":"Apotheosis","floor":24,"key":"SMITH"}],"circlet_count":0,"master_deck":["AscendersBane","Strike_G","Strike_G","Strike_G","Strike_G","Strike_G","Defend_G","Defend_G","Defend_G","Defend_G","Defend_G","Survivor","Neutralize","Accuracy+1","Cloak And Dagger+1","Dagger Spray","Backflip","Backstab","Apotheosis+1","Leg Sweep","Choke","Venomology","After Image","Slice+1","Blade Dance","Infinite Blades"],"relics":["Ring of the Snake","NeowsBlessing","Meat on the Bone","Strawberry","Blood Vial","Ancient Tea Set","Coffee Dripper","Tiny Chest"],"acts_visited":["Exordium","TheCity"],"potions_floor_usage":[1,10,10,13,19,25],"damage_taken":[{"damage":0,"enemies":"2 Louse","floor":1,"turns":2},{"damage":0,"enemies":"Cultist","floor":4,"turns":1},{"damage":0,"enemies":"Small Slimes","floor":5,"turns":1},{"damage":28,"enemies":"3 Sentries","floor":7,"turns":11},{"damage":24,"enemies":"Gremlin Nob","floor":10,"turns":6},{"damage":0,"enemies":"3 Louse","floor":13,"turns":2},{"damage":9,"enemies":"2 Fungi Beasts","floor":14,"turns":4},{"damage":34,"enemies":"The Guardian","floor":16,"turns":16},{"damage":11,"enemies":"3 Byrds","floor":18,"turns":6},{"damage":17,"enemies":"Chosen","floor":19,"turns":6},{"damage":9,"enemies":"Gremlin Leader","floor":23,"turns":7},{"damage":53,"enemies":"Book of Stabbing","floor":25,"turns":5}],"seed_played":"-4963697805503306624","potions_obtained":[{"floor":1,"key":"Fruit Juice"},{"floor":5,"key":"Weak Potion"},{"floor":7,"key":"EssenceOfSteel"},{"floor":10,"key":"DistilledChaos"},{"floor":16,"key":"BlessingOfTheForge"},{"floor":23,"key":"PowerPotion"}],"is_trial":false,"path_per_floor":["M","?","$","M","M","R","E","R","T","E","?","$","M","M","R","B",null,"M","M","?","$","?","E","R","E"],"character_chosen":"THE_SILENT","items_purchased":["Apotheosis","Leg Sweep","Infinite Blades"],"campfire_rested":1,"item_purchase_floors":[12,12,21],"current_hp_per_floor":[68,68,68,68,68,68,47,47,47,37,37,37,51,44,68,48,74,65,50,50,50,50,43,43,0,0],"gold":217,"neow_bonus":"THREE_ENEMY_KILL","is_daily":false,"chose_seed":false,"campfire_upgraded":3,"win_rate":0.0,"timestamp":1613237694,"path_taken":["M","?","$","?","?","R","E","R","T","E","?","$","M","M","R","BOSS","M","M","?","$","?","E","R","E"],"items_purchased_type":["Card","Card","Card"],"build_version":"2020-12-22","purchased_purges":1,"victory":false,"max_hp_per_floor":[75,75,75,75,75,75,82,82,82,82,82,82,82,82,82,82,82,82,82,82,82,82,82,82,82,82],"card_choices":[{"not_picked":["Infinite Blades","Leg Sweep"],"picked":"Accuracy","floor":1},{"not_picked":["Sucker Punch","All Out Attack"],"picked":"Cloak And Dagger","floor":4},{"not_picked":["Expertise","Tactician"],"picked":"Dagger Spray","floor":5},{"not_picked":["Bane","Heel Hook"],"picked":"Backflip","floor":7},{"not_picked":["Choke","Noxious Fumes"],"picked":"Backstab","floor":10},{"not_picked":["Deadly Poison","Flying Knee"],"picked":"Choke","floor":13},{"not_picked":["Acrobatics","Masterful Stab"],"picked":"Venomology","floor":14},{"not_picked":["Storm of Steel","Grand Finale"],"picked":"After Image","floor":16},{"not_picked":["Dodge and Roll","Prepared"],"picked":"Slice+1","floor":18},{"not_picked":["Dodge and Roll","Setup"],"picked":"Blade Dance","floor":19},{"not_picked":["Heel Hook","Choke+1","Backflip"],"picked":"SKIP","floor":23}],"player_experience":1572750,"relics_obtained":[{"floor":7,"key":"Strawberry"},{"floor":9,"key":"Blood Vial"},{"floor":10,"key":"Ancient Tea Set"},{"floor":23,"key":"Tiny Chest"}],"event_choices":[{"damage_healed":0,"gold_gain":0,"player_choice":"Paid Gold","damage_taken":0,"relics_obtained":["Meat on the Bone"],"max_hp_gain":0,"max_hp_loss":0,"event_name":"WeMeetAgain","floor":2,"gold_loss":62},{"damage_healed":0,"gold_gain":175,"player_choice":"AGREE","damage_taken":0,"max_hp_gain":0,"max_hp_loss":0,"event_name":"Liars Game","floor":11,"gold_loss":0,"cards_obtained":["Doubt"]},{"damage_healed":0,"gold_gain":0,"player_choice":"Ignored","damage_taken":0,"max_hp_gain":0,"max_hp_loss":0,"event_name":"Beggar","floor":20,"gold_loss":0},{"damage_healed":0,"gold_gain":99,"player_choice":"Stole From Cult","damage_taken":0,"max_hp_gain":0,"max_hp_loss":0,"event_name":"Nest","floor":22,"gold_loss":0}],"is_beta":false,"boss_relics":[{"not_picked":["Runic Dome","Velvet Choker"],"picked":"Coffee Dripper"}],"items_purged_floors":[12],"is_endless":false,"potions_floor_spawned":[1,5,7,10,16,18,23],"killed_by":"Book of Stabbing","ascension_level":10}}