{"host":"vyjryxuuuxkt43k4","time":1613210554,"event":{"mods":["AchievementEnabler","BaseMod","Colored Map","DeckTracker","Keyboard Shortcuts","Minty Spire (QoL Compilation)","Permanent Neow","Quick Restart","Rare Cards Sparkle","StSLib","SuperFastMode","everything is the same but u backflip on backflip"],"gold_per_floor":[115,132,16,16,34,34,68,68,122,153,153,182,192,204,204,277,277,288,77,96,196,65,65,40,60,60,60,60],"floor_reached":27,"language":"KOR","playtime":914,"items_purged":["Strike_G","Strike_G"],"score":462,"play_id":"04605d44-4de9-461c-9449-0b4d1482803e","local_time":"20210213190234","is_ascension_mode":true,"campfire_choices":[{"data":"Skewer","floor":6.0,"key":"SMITH"},{"data":"Bullet Time","floor":8.0,"key":"SMITH"},{"data":"Prepared","floor":11.0,"key":"SMITH"},{"floor":15.0,"key":"REST"},{"data":"Footwork","floor":23,"key":"SMITH"}],"circlet_count":0,"master_deck":["AscendersBane","Strike_G","Strike_G","Defend_G","Defend_G","Defend_G","Defend_G","Defend_G","Survivor","Neutralize","Quick Slash","Prepared+1","Footwork+1","Skewer+1","Bullet Time+1","Deadly Poison","Noxious Fumes","Backflip+1","Bane","Bouncing Flask+1","Adrenaline+1","Deflect+1","Acrobatics+1","Deadly Poison+1","Terror+1"],"relics":["Ring of the Snake","Blood Vial","SsserpentHead","Bronze Scales","Dream Catcher","Happy Flower","Toxic Egg 2","Coffee Dripper","Snake Skull","Unceasing Top"],"acts_visited":["Exordium","TheCity"],"potions_floor_usage":[27,27],"damage_taken":[{"damage":8.0,"enemies":"Jaw Worm","floor":1.0,"turns":7.0},{"damage":0.0,"enemies":"Cultist","floor":2.0,"turns":4.0},{"damage":1.0,"enemies":"2 Louse","floor":5.0,"turns":3.0},{"damage":8.0,"enemies":"Gremlin Nob","floor":7.0,"turns":3.0},{"damage":28.0,"enemies":"Lagavulin","floor":10.0,"turns":10.0},{"damage":8.0,"enemies":"Gremlin Nob","floor":12.0,"turns":3.0},{"damage":0.0,"enemies":"Blue Slaver","floor":13.0,"turns":5.0},{"damage":4.0,"enemies":"Exordium Wildlife","floor":14.0,"turns":4.0},{"damage":24.0,"enemies":"The Guardian","floor":16.0,"turns":9.0},{"damage":29.0,"enemies":"2 Thieves","floor":18.0,"turns":4.0},{"damage":0.0,"enemies":"Spheric Guardian","floor":20.0,"turns":3.0},{"damage":19,"enemies":"Chosen and Byrds","floor":25,"turns":4},{"damage":26,"enemies":"Snecko","floor":27,"turns":3}],"seed_played":"2910841689963157678","potions_obtained":[{"floor":2.0,"key":"CunningPotion"},{"floor":5.0,"key":"ColorlessPotion"},{"floor":7.0,"key":"GamblersBrew"},{"floor":10.0,"key":"Swift Potion"},{"floor":25,"key":"Strength Potion"}],"is_trial":false,"path_per_floor":["M","M","$","?","M","R","E","R","T","E","R","E","M","M","R","B",null,"M","$","M","?","$","R","?","M","T","M"],"character_chosen":"THE_SILENT","items_purchased":["Footwork","Acrobatics+1","Snake Skull","DuplicationPotion"],"campfire_rested":1,"item_purchase_floors":[3,19,19,22],"current_hp_per_floor":[53,55,55,55,56,56,50,50,50,24,24,18,20,18,37,15,53,26,26,28,28,28,28,28,11,11,0,0],"gold":60,"neow_bonus":"RANDOM_COMMON_RELIC","is_daily":false,"chose_seed":false,"campfire_upgraded":4,"win_rate":0.0,"timestamp":1613210554,"path_taken":["M","M","$","?","M","R","E","R","T","E","R","E","M","M","R","BOSS","M","$","M","?","?","R","?","M","T","M"],"items_purchased_type":["Card","Card","Relic","Potion"],"build_version":"2020-12-22","purchased_purges":2,"victory":false,"max_hp_per_floor":[66,66,66,66,66,66,66,66,66,66,66,66,66,66,66,66,66,66,66,66,66,66,66,66,66,66,66,66],"card_choices":[{"not_picked":["Poisoned Stab","Dodge and Roll"],"picked":"Quick Slash","floor":1.0},{"not_picked":["Quick Slash","Choke"],"picked":"Prepared","floor":2.0},{"not_picked":["Finisher","Outmaneuver"],"picked":"Skewer","floor":5.0},{"not_picked":["Terror","Dagger Spray"],"picked":"Bullet Time","floor":7.0},{"not_picked":["Dodge and Roll","Outmaneuver"],"picked":"Deadly Poison","floor":10.0},{"not_picked":["Wraith Form v2","Endless Agony"],"picked":"Noxious Fumes","floor":12.0},{"not_picked":["Cloak And Dagger+1","Dagger Throw"],"picked":"Backflip+1","floor":13.0},{"not_picked":["Footwork","Flying Knee"],"picked":"Bane","floor":14.0},{"not_picked":["Prepared+1","Eviscerate"],"picked":"Bouncing Flask+1","floor":15.0},{"not_picked":["Wraith Form v2","Doppelganger+1"],"picked":"Adrenaline+1","floor":16.0},{"not_picked":["Dagger Throw+1","Backstab"],"picked":"Deflect+1","floor":18.0},{"not_picked":["Quick Slash","Sucker Punch+1"],"picked":"Deadly Poison+1","floor":20.0},{"not_picked":["PiercingWail+1","Prepared+1"],"picked":"Terror+1","floor":25}],"player_experience":974475,"relics_obtained":[{"floor":7.0,"key":"Bronze Scales"},{"floor":9.0,"key":"Dream Catcher"},{"floor":10.0,"key":"Happy Flower"},{"floor":12.0,"key":"Toxic Egg 2"},{"floor":26,"key":"Unceasing Top"}],"event_choices":[{"damage_healed":0.0,"max_hp_gain":0.0,"max_hp_loss":0.0,"gold_gain":0.0,"event_name":"FaceTrader","player_choice":"Trade","floor":4.0,"gold_loss":0.0,"damage_taken":0.0,"relics_obtained":["SsserpentHead"]},{"damage_healed":0.0,"max_hp_gain":0.0,"max_hp_loss":0.0,"gold_gain":100.0,"event_name":"The Joust","player_choice":"Bet on Murderer","floor":21.0,"gold_loss":50.0,"damage_taken":0.0},{"cards_removed":["Strike_G"],"damage_healed":0,"gold_gain":0,"player_choice":"Gave Gold","damage_taken":0,"max_hp_gain":0,"max_hp_loss":0,"event_name":"Beggar","floor":24,"gold_loss":75}],"is_beta":false,"boss_relics":[{"not_picked":["Ectoplasm","Calling Bell"],"picked":"Coffee Dripper"}],"items_purged_floors":[3,22],"is_endless":false,"potions_floor_spawned":[2,5,7,10,25],"killed_by":"Snecko","ascension_level":20}}