{"host":"ln8zowmpyx5bxamj","time":1613185470,"event":{"mods":["Act Like it!","BaseMod","CapriCore","Colored Map","Conspire","Gensokyo","GifTheSpireLib","Hallownest","Hubris","KomeijiMod","Minty Spire (QoL Compilation)","Permanent Neow","Replay The Spire","StSLib","The Immortal","Uncapped","Yuyuko"],"gold_per_floor":[177,177,188,188,199,231,231,231,258,272,305,305,305,305],"floor_reached":13,"language":"ENG","playtime":1281,"items_purged":[],"score":93,"play_id":"a9d9851f-320b-4223-b198-6912704d7ad4","local_time":"20210212210430","is_ascension_mode":false,"campfire_choices":[{"floor":7,"key":"REST"}],"circlet_count":0,"master_deck":["Strike_Remiria","Strike_Remiria+1","Strike_Remiria","Strike_Remiria","Defend_Remirira","Defend_Remirira","Defend_Remirira","Defend_Remirira","Absorbed","Scratch","Septette","CurseofVladTepes","DamonLordCradle_Remiria","DoubleEdge","BathedInBlood","ThePrice","BloodCollect"],"relics":["ThirstyCrossSpe","Hallownest:DreamNailRelic","Gremlin Food","conspire:TopHat","White Beast Statue"],"acts_visited":["Exordium"],"potions_floor_usage":[10,11],"damage_taken":[{"damage":0,"enemies":"Hallownest:monsterHuskGuard","floor":1,"turns":4},{"damage":0,"enemies":"Hallownest:2_Baldur","floor":3,"turns":5},{"damage":10,"enemies":"2_ Uuma","floor":5,"turns":8},{"damage":35,"enemies":"Hallownest:eliteMossKnight","floor":6,"turns":9},{"damage":13,"enemies":"Hallownest:1_Baldur_1_Crawlid_1_Warrior","floor":10,"turns":3},{"damage":54,"enemies":"Hallownest:eliteCrystalGuardian","floor":11,"turns":9},{"damage":9,"enemies":"Hallownest:eliteVengeflyKing","floor":13,"turns":4}],"seed_played":"-1270126123527469648","potions_obtained":[{"floor":5,"key":"Weak Potion"},{"floor":6,"key":"ColorlessPotion"}],"is_trial":false,"path_per_floor":["M","?","M","?","M","E","R","?","T","M","E","?","E"],"character_chosen":"RemiriaScarlet","items_purchased":[],"campfire_rested":1,"item_purchase_floors":[],"current_hp_per_floor":[100,100,100,100,90,55,85,76,76,63,9,9,0,0],"gold":305,"neow_bonus":"ONE_RANDOM_RARE_CARD","is_daily":false,"chose_seed":false,"campfire_upgraded":0,"win_rate":0.0,"timestamp":1613185470,"path_taken":["M","?","M","?","?","E","R","?","T","M","E","?","E"],"items_purchased_type":[],"build_version":"2020-12-22","purchased_purges":0,"victory":false,"max_hp_per_floor":[100,100,100,100,100,100,100,100,100,100,100,100,100,100],"card_choices":[{"not_picked":["NightDance","Tearing"],"picked":"CurseofVladTepes","floor":1},{"not_picked":["DemonsDinnerFork_Remiria","FastHealing"],"picked":"DamonLordCradle_Remiria","floor":3},{"not_picked":["FastHealing","FateCollect"],"picked":"DoubleEdge","floor":5},{"not_picked":["ThePrice","Tepes"],"picked":"BathedInBlood","floor":6},{"not_picked":["RocketKickup","DamonLordCradle_Remiria"],"picked":"ThePrice","floor":10},{"not_picked":["DoubleEdge","FierceSweep"],"picked":"BloodCollect","floor":11}],"player_experience":341238,"relics_obtained":[{"floor":6,"key":"Gremlin Food"},{"floor":9,"key":"conspire:TopHat"},{"floor":11,"key":"White Beast Statue"}],"event_choices":[{"damage_healed":0,"gold_gain":0,"player_choice":"Leave","damage_taken":0,"max_hp_gain":0,"max_hp_loss":0,"event_name":"conspire:Investor","floor":2,"gold_loss":0}],"is_beta":false,"boss_relics":[],"items_purged_floors":[],"is_endless":false,"potions_floor_spawned":[5,6],"killed_by":"Hallownest:eliteVengeflyKing","ascension_level":0}}