{"host":"i8x3uekhioq8aaet","time":1613191812,"event":{"mods":["AchievementEnabler","BaseMod","Colored Map","Colored Powertips","DeckTracker","Minty Spire (QoL Compilation)","Relic Sorter","StSLib"],"gold_per_floor":[115,135,135,148,21,21,50,50,50,78,42,42,55,72,72,177,177,187,286,255,56,56,56,90,90,90],"floor_reached":25,"language":"ZHT","playtime":725,"items_purged":["Strike_B"],"score":300,"play_id":"ff6e13cb-bbb9-40c1-8de7-bec56c489cff","local_time":"20210213125012","is_ascension_mode":true,"campfire_choices":[{"data":"Gash","floor":6.0,"key":"SMITH"},{"floor":8.0,"key":"REST"},{"floor":15.0,"key":"REST"},{"floor":23,"key":"REST"}],"circlet_count":0,"master_deck":["Strike_B","Strike_B","Strike_B","Defend_B","Defend_B","Defend_B","Defend_B","Zap+1","Dualcast","Hologram","Gash+1","Defragment","Darkness","Chaos","Rebound","Parasite","Coolheaded","Core Surge","Conserve Battery","Gash","Conserve Battery+1"],"relics":["FrozenCore","Pocketwatch","Dream Catcher","CaptainsWheel","Kunai","OrangePellets","Bird Faced Urn"],"acts_visited":["Exordium","TheCity"],"potions_floor_usage":[16,16,22],"damage_taken":[{"damage":7.0,"enemies":"Jaw Worm","floor":1.0,"turns":4.0},{"damage":4.0,"enemies":"Small Slimes","floor":2.0,"turns":3.0},{"damage":4.0,"enemies":"2 Louse","floor":4.0,"turns":2.0},{"damage":19.0,"enemies":"3 Sentries","floor":7.0,"turns":5.0},{"damage":9.0,"enemies":"Lagavulin","floor":10.0,"turns":5.0},{"damage":5.0,"enemies":"Red Slaver","floor":13.0,"turns":3.0},{"damage":13.0,"enemies":"Large Slime","floor":14.0,"turns":5.0},{"damage":12,"enemies":"Slime Boss","floor":16,"turns":7},{"damage":8,"enemies":"Shell Parasite","floor":18,"turns":5},{"damage":23,"enemies":"2 Thieves","floor":20,"turns":5},{"damage":0,"enemies":"Snake Plant","floor":22,"turns":1},{"damage":54,"enemies":"Book of Stabbing","floor":24,"turns":8},{"damage":11,"enemies":"Shelled Parasite and Fungi","floor":25,"turns":1}],"seed_played":"-1344515718830310391","potions_obtained":[{"floor":1.0,"key":"Dexterity Potion"},{"floor":13.0,"key":"Dexterity Potion"},{"floor":14.0,"key":"SteroidPotion"},{"floor":16,"key":"SmokeBomb"}],"is_trial":false,"path_per_floor":["M","M","?","M","$","R","E","R","T","E","?","?","M","M","R","B",null,"M","?","M","$","M","R","E","M"],"character_chosen":"DEFECT","items_purchased":["Strength Potion","Gash","OrangePellets"],"campfire_rested":3,"item_purchase_floors":[5,21,21],"current_hp_per_floor":[61,57,54,50,50,50,31,53,53,44,44,62,57,44,66,54,70,62,62,39,39,39,61,7,0,0],"gold":90,"neow_bonus":"UPGRADE_CARD","is_daily":false,"chose_seed":false,"campfire_upgraded":1,"win_rate":0.0,"timestamp":1613191812,"path_taken":["M","M","?","M","$","R","E","R","T","E","?","?","M","?","R","BOSS","M","?","M","$","M","R","E","M"],"items_purchased_type":["Potion","Card","Relic"],"build_version":"2020-12-22","purchased_purges":1,"victory":false,"max_hp_per_floor":[75,75,75,75,75,75,75,75,75,75,75,75,75,75,75,75,75,75,75,75,75,75,75,75,75,75],"card_choices":[{"not_picked":["Force Field","Compile Driver"],"picked":"Hologram","floor":1.0},{"not_picked":["Rebound","Rip and Tear"],"picked":"Gash","floor":2.0},{"not_picked":["Stack","Leap"],"picked":"Defragment","floor":4.0},{"not_picked":["Streamline","Consume"],"picked":"Darkness","floor":7.0},{"not_picked":["Hyperbeam","Rebound"],"picked":"Chaos","floor":8.0},{"not_picked":["Sunder","Go for the Eyes"],"picked":"Rebound","floor":10.0},{"not_picked":["Rebound","Beam Cell","Cold Snap"],"picked":"SKIP","floor":13.0},{"not_picked":["Chaos","Loop"],"picked":"Coolheaded","floor":14.0},{"not_picked":["Rainbow","Thunder Strike"],"picked":"Core Surge","floor":16},{"not_picked":["FTL","Aggregate","Stack"],"picked":"SKIP","floor":18},{"not_picked":["Go for the Eyes","Fusion"],"picked":"Conserve Battery","floor":20},{"not_picked":["Streamline+1","Coolheaded"],"picked":"Conserve Battery+1","floor":23},{"not_picked":["Streamline","Conserve Battery","Compile Driver"],"picked":"SKIP","floor":24}],"player_experience":324475,"relics_obtained":[{"floor":7.0,"key":"Dream Catcher"},{"floor":9.0,"key":"CaptainsWheel"},{"floor":10.0,"key":"Kunai"},{"floor":24,"key":"Bird Faced Urn"}],"event_choices":[{"damage_healed":0.0,"max_hp_gain":0.0,"max_hp_loss":0.0,"gold_gain":0.0,"event_name":"Scrap Ooze","player_choice":"Success","floor":3.0,"gold_loss":0.0,"damage_taken":3.0,"relics_obtained":["Pocketwatch"]},{"damage_healed":0.0,"max_hp_gain":0.0,"max_hp_loss":0.0,"gold_gain":0.0,"event_name":"World of Goop","player_choice":"Left Gold","floor":11.0,"gold_loss":36.0,"damage_taken":0.0},{"damage_healed":18.0,"max_hp_gain":0.0,"max_hp_loss":0.0,"gold_gain":0.0,"event_name":"Mushrooms","player_choice":"Healed and dodged fight","floor":12.0,"gold_loss":0.0,"damage_taken":0.0,"cards_obtained":["Parasite"]},{"damage_healed":0,"gold_gain":99,"player_choice":"Stole From Cult","damage_taken":0,"max_hp_gain":0,"max_hp_loss":0,"event_name":"Nest","floor":19,"gold_loss":0}],"is_beta":false,"boss_relics":[{"not_picked":["Fusion Hammer","Coffee Dripper"],"picked":"FrozenCore"}],"items_purged_floors":[5],"is_endless":false,"potions_floor_spawned":[1,13,14,16,22],"killed_by":"Shelled Parasite and Fungi","ascension_level":6}}