{"host":"md0dejzd6k70gl1f","time":1613216837,"event":{"mods":["BaseMod","Bestiary","Minty Spire (QoL Compilation)","Quick Restart"],"gold_per_floor":[10,21,33,33,108,108,121,121,121,121,160,160,194,194,194,288,288,309,164,188,103,103,103,122,137,207,248,248,292,292,292,292,292,292],"floor_reached":33,"language":"ENG","playtime":1217,"items_purged":[],"score":682,"play_id":"dfad8403-0e4a-40e1-a826-1fb05da53cf5","local_time":"20210213124717","is_ascension_mode":true,"campfire_choices":[{"data":"Dash","floor":6,"key":"SMITH"},{"data":"Blade Dance","floor":8,"key":"SMITH"},{"floor":15,"key":"REST"},{"floor":23,"key":"REST"},{"data":"Accuracy","floor":30,"key":"SMITH"},{"floor":32,"key":"REST"}],"circlet_count":0,"master_deck":["AscendersBane","Defend_G","Defend_G","Defend_G","Survivor","Neutralize+1","Dodge and Roll","Dash+1","Dagger Throw","Terror","Backflip","Blade Dance+1","Cloak And Dagger","Crippling Poison","Glass Knife+1","Tactician+1","Acrobatics+1","Underhanded Strike+1","Quick Slash+1","Unload+1","Sucker Punch+1","RitualDagger+1","Accuracy+1","Glass Knife+1","Heel Hook+1"],"relics":["Ring of the Snake","Golden Idol","Art of War","Darkstone Periapt","HornCleat","Molten Egg 2","Astrolabe","Sundial","Frozen Egg 2","Dream Catcher","Centennial Puzzle"],"acts_visited":["Exordium","TheCity"],"potions_floor_usage":[11,13,18,29,33,33],"damage_taken":[{"damage":1,"enemies":"Small Slimes","floor":1,"turns":6},{"damage":0,"enemies":"2 Louse","floor":2,"turns":2},{"damage":0,"enemies":"Jaw Worm","floor":3,"turns":3},{"damage":2,"enemies":"Looter","floor":7,"turns":3},{"damage":23,"enemies":"Lagavulin","floor":11,"turns":6},{"damage":0,"enemies":"Gremlin Nob","floor":13,"turns":3},{"damage":27,"enemies":"The Guardian","floor":16,"turns":15},{"damage":0,"enemies":"Chosen","floor":18,"turns":3},{"damage":2,"enemies":"Shell Parasite","floor":20,"turns":2},{"damage":10,"enemies":"Chosen and Byrds","floor":24,"turns":5},{"damage":0,"enemies":"Centurion and Healer","floor":25,"turns":5},{"damage":0,"enemies":"Gremlin Leader","floor":27,"turns":5},{"damage":10,"enemies":"Slavers","floor":29,"turns":7},{"damage":59,"enemies":"Automaton","floor":33,"turns":8}],"seed_played":"5944149693339148966","potions_obtained":[{"floor":2,"key":"GamblersBrew"},{"floor":3,"key":"Fire Potion"},{"floor":7,"key":"Strength Potion"},{"floor":11,"key":"LiquidMemories"},{"floor":16,"key":"Fire Potion"},{"floor":29,"key":"AttackPotion"}],"is_trial":false,"path_per_floor":["M","M","M","?","?","R","M","R","T","?","E","?","E","?","R","B",null,"M","$","M","?","?","R","M","M","T","E","?","E","R","?","R","B"],"character_chosen":"THE_SILENT","items_purchased":["Unload+1","Block Potion"],"campfire_rested":3,"item_purchase_floors":[19,19],"current_hp_per_floor":[58,58,58,58,47,47,45,45,45,40,17,17,17,10,28,1,45,45,45,43,43,37,55,45,45,45,45,45,35,35,35,53,0,0],"gold":292,"neow_bonus":"TRANSFORM_TWO_CARDS","is_daily":false,"chose_seed":false,"campfire_upgraded":3,"win_rate":0.0,"timestamp":1613216837,"path_taken":["M","M","M","?","?","R","M","R","T","?","E","?","E","?","R","BOSS","M","$","M","?","?","R","M","M","T","E","?","E","R","?","R","BOSS"],"items_purchased_type":["Card","Potion"],"build_version":"2020-12-22","purchased_purges":0,"victory":false,"max_hp_per_floor":[66,66,66,60,60,60,60,60,60,60,60,60,60,60,60,60,60,60,60,60,60,60,60,60,60,60,60,60,60,60,60,60,60,60],"card_choices":[{"not_picked":["PiercingWail","Riddle With Holes"],"picked":"Dagger Throw","floor":1},{"not_picked":["Setup","Concentrate"],"picked":"Terror","floor":2},{"not_picked":["Flying Knee","Catalyst"],"picked":"Backflip","floor":3},{"not_picked":["Bane","Masterful Stab"],"picked":"Blade Dance","floor":7},{"not_picked":["Heel Hook","PiercingWail"],"picked":"Cloak And Dagger","floor":11},{"not_picked":["Prepared","Acrobatics"],"picked":"Crippling Poison","floor":13},{"not_picked":["Doppelganger","Adrenaline"],"picked":"Glass Knife+1","floor":16},{"not_picked":["Underhanded Strike+1","Predator+1"],"picked":"Quick Slash+1","floor":18},{"not_picked":["Quick Slash+1","Poisoned Stab+1"],"picked":"Sucker Punch+1","floor":20},{"not_picked":["Escape Plan","Dash+1"],"picked":"Accuracy","floor":24},{"not_picked":["Setup","Quick Slash+1","Bouncing Flask"],"picked":"SKIP","floor":25},{"not_picked":["Sucker Punch+1","Blur"],"picked":"Glass Knife+1","floor":27},{"not_picked":["Bane+1","Dodge and Roll","Blur"],"picked":"SKIP","floor":29},{"not_picked":["Skewer+1","Dodge and Roll"],"picked":"Heel Hook+1","floor":32}],"player_experience":506809,"relics_obtained":[{"floor":9,"key":"Art of War"},{"floor":11,"key":"HornCleat"},{"floor":13,"key":"Molten Egg 2"},{"floor":26,"key":"Frozen Egg 2"},{"floor":27,"key":"Dream Catcher"},{"floor":29,"key":"Centennial Puzzle"}],"event_choices":[{"damage_healed":0,"gold_gain":0,"player_choice":"Lose Max HP","damage_taken":0,"relics_obtained":["Golden Idol"],"max_hp_gain":0,"max_hp_loss":6,"event_name":"Golden Idol","floor":4,"gold_loss":0},{"damage_healed":0,"gold_gain":75,"player_choice":"Gather Gold","damage_taken":11,"max_hp_gain":0,"max_hp_loss":0,"event_name":"World of Goop","floor":5,"gold_loss":0},{"damage_healed":0,"gold_gain":0,"player_choice":"Success","damage_taken":5,"relics_obtained":["Darkstone Periapt"],"max_hp_gain":0,"max_hp_loss":0,"event_name":"Scrap Ooze","floor":10,"gold_loss":0},{"damage_healed":0,"gold_gain":0,"player_choice":"Grow","damage_taken":0,"max_hp_gain":0,"max_hp_loss":0,"event_name":"Living Wall","floor":12,"gold_loss":0,"cards_upgraded":["Neutralize"]},{"cards_removed":["Strike_G"],"damage_healed":0,"gold_gain":0,"player_choice":"Card Removal","damage_taken":7,"max_hp_gain":0,"max_hp_loss":0,"event_name":"Golden Wing","floor":14,"gold_loss":0},{"damage_healed":0,"gold_gain":0,"player_choice":"Obtained Relic","damage_taken":0,"relics_obtained":["Sundial"],"max_hp_gain":0,"max_hp_loss":0,"event_name":"Addict","floor":21,"gold_loss":85},{"damage_healed":0,"gold_gain":0,"player_choice":"Joined the Cult","damage_taken":6,"max_hp_gain":0,"max_hp_loss":0,"event_name":"Nest","floor":22,"gold_loss":0,"cards_obtained":["RitualDagger"]},{"damage_healed":0,"gold_gain":0,"player_choice":"Ignored","damage_taken":0,"max_hp_gain":0,"max_hp_loss":0,"event_name":"The Mausoleum","floor":28,"gold_loss":0},{"cards_removed":["Defend_G"],"damage_healed":0,"gold_gain":0,"player_choice":"Purged","damage_taken":0,"max_hp_gain":0,"max_hp_loss":0,"event_name":"Purifier","floor":31,"gold_loss":0}],"is_beta":false,"boss_relics":[{"not_picked":["SlaversCollar","Runic Pyramid"],"picked":"Astrolabe"}],"items_purged_floors":[],"is_endless":false,"potions_floor_spawned":[2,3,7,11,16,20,24,29],"killed_by":"Automaton","ascension_level":20}}