{"host":"hpn0uxah5qjr7pa6","time":1613251261,"event":{"mods":["2.2 Compatiblity","Act Like it!","Aspiration","BaseMod","Better Third Choice","BetterRewards","Challenge The Spire","Colored Powertips","Conspire","DeckTracker","Downfall","Energized Spire","Hallownest","Hermit","Highlight Path","Hubris","Infinite Spire","Minty Spire (QoL Compilation)","Permanent Neow","Quick Restart","Rare Cards Sparkle","Replay The Spire","Spicy Shops","StSLib","The Bug Knight","The Jungle"],"gold_per_floor":[117,128,146,31,44,44,44,58,58,58,58,58,58,75,75,75,75,75],"floor_reached":16,"language":"ENG","playtime":390,"items_purged":[],"score":133,"play_id":"65a95ed6-158f-4115-812a-a62631d10330","local_time":"20210213132101","is_ascension_mode":true,"campfire_choices":[{"floor":6,"key":"REST"},{"floor":15,"key":"REST"}],"circlet_count":0,"master_deck":["bronze:Strike","bronze:Strike","bronze:Strike","bronze:Strike+1","bronze:Defend","bronze:Defend","bronze:Defend","bronze:Defend","bronze:Replicate","bronze:BronzeOrb","Injury","bronze:MaxOutput"],"relics":["bronze:BronzeCore","hubris:Potato","aspiration:AnachronicSnailShell"],"acts_visited":["Exordium"],"potions_floor_usage":[5,14],"damage_taken":[{"damage":2,"enemies":"Jaw Worm","floor":1,"turns":4},{"damage":2,"enemies":"2 Louse","floor":2,"turns":3},{"damage":0,"enemies":"Small Slimes","floor":3,"turns":3},{"damage":6,"enemies":"Red Slaver","floor":5,"turns":5},{"damage":6,"enemies":"Looter","floor":8,"turns":4},{"damage":19,"enemies":"Large Slime","floor":14,"turns":9},{"damage":44,"enemies":"Slime Boss","floor":16,"turns":10}],"seed_played":"1623555002128328845","potions_obtained":[{"floor":2,"key":"SkillPotion"},{"floor":5,"key":"Reflective Coating"},{"floor":14,"key":"bronze:CleanCodePotion"}],"is_trial":false,"path_per_floor":["M","M","M","$","M","R","?","M","T","$","?","?","$","M","R","B"],"character_chosen":"THE_AUTOMATON","items_purchased":["hubris:Potato"],"campfire_rested":2,"item_purchase_floors":[4],"current_hp_per_floor":[61,59,59,59,53,70,70,64,64,64,64,64,64,45,66,22,22,22],"gold":75,"neow_bonus":"UPGRADE_CARD","is_daily":false,"chose_seed":false,"campfire_upgraded":0,"win_rate":0.0,"timestamp":1613251261,"path_taken":["M","M","M","$","M","R","?","M","T","$","?","?","$","M","R","BOSS"],"items_purchased_type":["Relic"],"build_version":"2020-12-22","purchased_purges":0,"victory":false,"max_hp_per_floor":[70,70,70,70,70,70,70,70,70,70,70,70,70,70,70,70,70,70],"card_choices":[{"not_picked":["bronze:Constructor","bronze:Iterate","bronze:Terminator"],"picked":"SKIP","floor":1},{"not_picked":["bronze:ItsAFeature","bronze:Philosophize","bronze:Invalidate"],"picked":"SKIP","floor":2},{"not_picked":["bronze:Separator","bronze:Iterate"],"picked":"bronze:BronzeOrb","floor":3},{"not_picked":["bronze:Frontload","bronze:Fortify","bronze:DelayedGuard"],"picked":"SKIP","floor":5},{"not_picked":["bronze:WhirlingStrike","bronze:Terminator","bronze:Return"],"picked":"SKIP","floor":8},{"not_picked":["bronze:Invalidate","bronze:Backtrace","bronze:DelayedGuard"],"picked":"SKIP","floor":14}],"player_experience":237362,"relics_obtained":[{"floor":9,"key":"aspiration:AnachronicSnailShell"}],"event_choices":[{"damage_healed":0,"gold_gain":0,"cards_transformed":["bronze:Goto"],"player_choice":"Change","damage_taken":0,"max_hp_gain":0,"max_hp_loss":0,"event_name":"Living Wall","floor":7,"gold_loss":0,"cards_obtained":["bronze:MaxOutput"]},{"damage_healed":0,"gold_gain":0,"player_choice":"Ignored","damage_taken":0,"max_hp_gain":0,"max_hp_loss":0,"event_name":"Golden Idol","floor":11,"gold_loss":0}],"is_beta":false,"boss_relics":[],"items_purged_floors":[],"is_endless":false,"potions_floor_spawned":[2,5,14],"killed_by":"Slime Boss","ascension_level":9}}