{"host":"8rqsnaeml9gxb0kp","time":1613201170,"event":{"mods":["AchievementEnabler","BaseMod","Dark Map","Minty Spire (QoL Compilation)","Relic Stats","StSLib","slay the spire mod where everything is the same but ironclad has a cowboy hat"],"gold_per_floor":[117,117,137,148,167,167,202,202,276,305,305,405,68,78,78,177,177,159,171,86,86,12,42,42,71,71,71,71,88,35,49,49,148,148,159,173,173,173,185,185,211,211,211,100,111,144,47,77,77,77],"floor_reached":51,"language":"ENG","playtime":2450,"items_purged":["Decay"],"score":1091,"play_id":"77e27104-5a5a-41c2-82ae-f9a8176f6f00","local_time":"20210212232610","is_ascension_mode":true,"campfire_choices":[{"data":"Streamline","floor":6.0,"key":"SMITH"},{"data":"Biased Cognition","floor":8,"key":"SMITH"},{"data":"Buffer","floor":11,"key":"SMITH"},{"data":"Loop","floor":15,"key":"SMITH"},{"data":"Echo Form","floor":24,"key":"SMITH"},{"floor":27,"key":"REST"},{"floor":32,"key":"REST"},{"floor":40,"key":"REST"},{"floor":42,"key":"REST"},{"data":"1","floor":49,"key":"LIFT"}],"circlet_count":0,"master_deck":["Strike_B","Strike_B","Strike_B","Strike_B","Defend_B","Defend_B","Defend_B","Defend_B","Zap","Dualcast","Core Surge","Streamline+1","BootSequence","Coolheaded","Compile Driver","Biased Cognition+1","Buffer+1","Loop+1","Coolheaded+1","Echo Form+1","Conserve Battery+1","Doom and Gloom+1","Leap+1","Conserve Battery+1","Aggregate+1","Coolheaded+1","Undo+1","Hologram+1","Barrage+1","Seek+1","Barrage+1","Hologram+1","Barrage+1","Defragment+1","Redo+1","Hologram+1","Ball Lightning+1","Barrage+1","Redo+1"],"relics":["Cracked Core","Gambling Chip","Orichalcum","Toxic Egg 2","HornCleat","Molten Egg 2","Inserter","Girya","Unceasing Top","Mercury Hourglass","Meat on the Bone","Cursed Key","InkBottle","Frozen Egg 2","Strawberry","Pen Nib"],"acts_visited":["Exordium","TheCity","TheBeyond"],"potions_floor_usage":[7,18,28,45,50,50,50],"damage_taken":[{"damage":7.0,"enemies":"Small Slimes","floor":1.0,"turns":3.0},{"damage":0.0,"enemies":"Cultist","floor":3.0,"turns":2.0},{"damage":2.0,"enemies":"2 Louse","floor":4.0,"turns":3.0},{"damage":0.0,"enemies":"2 Fungi Beasts","floor":5.0,"turns":3.0},{"damage":14,"enemies":"Gremlin Nob","floor":7,"turns":3},{"damage":15,"enemies":"Lagavulin","floor":10,"turns":4},{"damage":0,"enemies":"Exordium Wildlife","floor":14,"turns":3},{"damage":4,"enemies":"Hexaghost","floor":16,"turns":9},{"damage":5,"enemies":"2 Thieves","floor":18,"turns":4},{"damage":2,"enemies":"Chosen","floor":19,"turns":3},{"damage":24,"enemies":"Slavers","floor":23,"turns":5},{"damage":20,"enemies":"Book of Stabbing","floor":25,"turns":6},{"damage":0,"enemies":"Slavers","floor":28,"turns":1},{"damage":9,"enemies":"Centurion and Healer","floor":29,"turns":8},{"damage":0,"enemies":"Sentry and Sphere","floor":31,"turns":6},{"damage":0,"enemies":"Champ","floor":33,"turns":9},{"damage":0,"enemies":"3 Darklings","floor":35,"turns":4},{"damage":7,"enemies":"3 Shapes","floor":36,"turns":5},{"damage":45,"enemies":"Transient","floor":39,"turns":5},{"damage":20,"enemies":"Giant Head","floor":41,"turns":8},{"damage":34,"enemies":"Writhing Mass","floor":45,"turns":8},{"damage":0,"enemies":"Reptomancer","floor":46,"turns":4},{"damage":4,"enemies":"Nemesis","floor":48,"turns":7},{"damage":0,"enemies":"Time Eater","floor":50,"turns":8}],"seed_played":"-6432178860858471003","potions_obtained":[{"floor":4.0,"key":"FearPotion"},{"floor":7,"key":"LiquidMemories"},{"floor":10,"key":"PotionOfCapacity"},{"floor":14,"key":"SmokeBomb"},{"floor":23,"key":"Explosive Potion"},{"floor":31,"key":"FocusPotion"},{"floor":48,"key":"SkillPotion"}],"is_trial":false,"path_per_floor":["M","?","M","M","M","R","E","R","T","E","R","?","$","M","R","B",null,"M","M","?","?","$","E","R","E","T","R","E","M","$","M","R","B",null,"M","M","?","?","M","R","E","R","T","$","M","E","$","E","R","B",null],"character_chosen":"DEFECT","items_purchased":["Molten Egg 2","Loop","Leap+1","Conserve Battery+1","Hologram+1","Defragment+1","Ball Lightning+1","Barrage+1"],"campfire_rested":4,"item_purchase_floors":[13,13,22,22,30,44,47,47],"current_hp_per_floor":[68,61,61,59,59,59,45,45,45,30,30,30,30,30,30,26,75,70,68,68,68,68,44,44,24,24,46,46,49,49,49,71,71,75,75,68,68,68,35,56,36,57,57,57,35,54,54,50,50,50],"gold":77,"neow_bonus":"ONE_RANDOM_RARE_CARD","is_daily":false,"chose_seed":false,"campfire_upgraded":5,"win_rate":0.0,"timestamp":1613201170,"path_taken":["M","?","M","M","M","R","E","R","T","E","R","?","$","?","R","BOSS","M","M","?","?","?","E","R","E","T","R","E","M","$","M","R","BOSS","M","M","?","?","?","R","E","R","T","?","M","E","$","E","R","BOSS"],"items_purchased_type":["Relic","Card","Card","Card","Card","Card","Card","Card"],"build_version":"2020-12-22","purchased_purges":1,"victory":true,"max_hp_per_floor":[75,75,75,75,75,75,75,75,75,75,75,75,75,75,75,75,75,75,75,75,75,75,75,75,75,75,75,75,75,75,75,75,75,75,75,75,71,71,71,71,71,71,71,71,71,78,78,78,78,78],"relic_stats":{"Inserter":[45],"counters":[24,119],"Gambling Chip":[53],"Pen Nib":[1],"Orichalcum":[168],"Cursed Key":1,"obtain_stats":[{"Girya":20,"Inserter":17,"Pen Nib":48,"Orichalcum":7,"Frozen Egg 2":43,"Cursed Key":34,"Mercury Hourglass":25,"HornCleat":10,"Gambling Chip":2,"Strawberry":46,"Molten Egg 2":13,"Toxic Egg 2":9,"Cracked Core":0,"Unceasing Top":23,"InkBottle":41,"Meat on the Bone":26},{"Girya":10,"Inserter":8,"Pen Nib":23,"Orichalcum":5,"Frozen Egg 2":20,"Cursed Key":16,"Mercury Hourglass":12,"HornCleat":6,"Gambling Chip":1,"Strawberry":22,"Molten Egg 2":6,"Toxic Egg 2":5,"Cracked Core":0,"Unceasing Top":11,"InkBottle":20,"Meat on the Bone":12},{"Girya":37,"Inserter":30,"Pen Nib":111,"Orichalcum":14,"Frozen Egg 2":93,"Cursed Key":72,"Mercury Hourglass":48,"HornCleat":18,"Gambling Chip":3,"Strawberry":104,"Molten Egg 2":18,"Toxic Egg 2":14,"Cracked Core":0,"Unceasing Top":42,"InkBottle":93,"Meat on the Bone":48}],"Unceasing Top":[16],"InkBottle":[12],"Mercury Hourglass":[243],"Meat on the Bone":48},"card_choices":[{"not_picked":["Glacier","Storm"],"picked":"Streamline","floor":1.0},{"not_picked":["Redo","Streamline"],"picked":"BootSequence","floor":3.0},{"not_picked":["Melter","Redo"],"picked":"Coolheaded","floor":4.0},{"not_picked":["Turbo","Streamline"],"picked":"Compile Driver","floor":5.0},{"not_picked":["Hologram","Rebound"],"picked":"Biased Cognition","floor":7},{"not_picked":["Steam+1","Capacitor"],"picked":"Buffer","floor":10},{"not_picked":["Hologram+1","Sweeping Beam+1"],"picked":"Coolheaded+1","floor":14},{"not_picked":["Core Surge+1","Thunder Strike+1"],"picked":"Echo Form","floor":16},{"not_picked":["Ball Lightning+1","Beam Cell+1"],"picked":"Conserve Battery+1","floor":18},{"not_picked":["Force Field+1","Compile Driver+1"],"picked":"Doom and Gloom+1","floor":19},{"not_picked":["Go for the Eyes+1","Rebound+1"],"picked":"Aggregate+1","floor":23},{"not_picked":["Redo+1","Storm"],"picked":"Coolheaded+1","floor":25},{"not_picked":["Rebound+1","Cold Snap+1"],"picked":"Undo+1","floor":29},{"not_picked":["Leap+1","Steam Power+1"],"picked":"Barrage+1","floor":31},{"not_picked":["Meteor Strike+1","Amplify+1"],"picked":"Seek+1","floor":33},{"not_picked":["Gash+1","Ball Lightning+1"],"picked":"Barrage+1","floor":35},{"not_picked":["Consume+1","Streamline+1"],"picked":"Hologram+1","floor":36},{"not_picked":["Genetic Algorithm+1","Stack+1"],"picked":"Barrage+1","floor":39},{"not_picked":["Genetic Algorithm+1","Blizzard+1","Thunder Strike+1"],"picked":"SKIP","floor":41},{"not_picked":["Streamline+1","Force Field+1"],"picked":"Redo+1","floor":45},{"not_picked":["Streamline+1","Meteor Strike+1"],"picked":"Hologram+1","floor":46},{"not_picked":["BootSequence+1","Leap+1"],"picked":"Redo+1","floor":48}],"player_experience":216904,"relics_obtained":[{"floor":7,"key":"Orichalcum"},{"floor":9,"key":"Toxic Egg 2"},{"floor":10,"key":"HornCleat"},{"floor":23,"key":"Unceasing Top"},{"floor":25,"key":"Mercury Hourglass"},{"floor":26,"key":"Meat on the Bone"},{"floor":41,"key":"InkBottle"},{"floor":43,"key":"Frozen Egg 2"},{"floor":46,"key":"Strawberry"},{"floor":48,"key":"Pen Nib"}],"event_choices":[{"damage_healed":0.0,"max_hp_gain":0.0,"max_hp_loss":0.0,"gold_gain":0.0,"event_name":"Scrap Ooze","player_choice":"Success","floor":2.0,"gold_loss":0.0,"damage_taken":7.0,"relics_obtained":["Gambling Chip"]},{"damage_healed":0,"gold_gain":100,"player_choice":"Gold","damage_taken":0,"max_hp_gain":0,"max_hp_loss":0,"event_name":"Wheel of Change","floor":12,"gold_loss":0},{"damage_healed":0,"gold_gain":0,"player_choice":"Obtained Relic","damage_taken":0,"relics_obtained":["Girya"],"max_hp_gain":0,"max_hp_loss":0,"event_name":"Addict","floor":20,"gold_loss":85},{"damage_healed":0,"gold_gain":0,"player_choice":"Ignored","damage_taken":0,"max_hp_gain":0,"max_hp_loss":0,"event_name":"Vampires","floor":21,"gold_loss":0},{"damage_healed":0,"gold_gain":0,"player_choice":"Max HP","damage_taken":0,"max_hp_gain":0,"max_hp_loss":4,"event_name":"Winding Halls","floor":37,"gold_loss":0},{"damage_healed":0,"gold_gain":0,"player_choice":"Got Potions","damage_taken":0,"max_hp_gain":0,"max_hp_loss":0,"event_name":"Lab","floor":38,"gold_loss":0}],"is_beta":false,"boss_relics":[{"not_picked":["Nuclear Battery","Ectoplasm"],"picked":"Inserter"},{"not_picked":["Coffee Dripper","Tiny House"],"picked":"Cursed Key"}],"items_purged_floors":[44],"is_endless":false,"potions_floor_spawned":[4,7,10,14,23,25,31,33,41,48],"ascension_level":2}}