{"host":"j5shy70asow5koz5","time":1613211870,"event":{"mods":["2.2 Compatiblity","Act Like it!","Arknights","BaseMod","Colored Map","Marisa£¨Ùöéë¡¡Øª×âÞÞ£©","Minty Spire (QoL Compilation)","Prisma Mod","StSLib","SuperFastMode","Td1madao Mod","The Disciple","The Gatherer","The Servant 0.9.4","Waifu the Spire"],"gold_per_floor":[110,110,110,123,134,134,164,183,183,197,197,212,212,65,65,167,167,167,184,184,195,195,195,110,110,135,135,135,170,23,43,43,43,43],"floor_reached":33,"language":"KOR","playtime":689,"items_purged":[],"score":265,"play_id":"3d581f87-7188-4772-b4d5-ff626d300ea4","local_time":"20210213192430","is_ascension_mode":false,"campfire_choices":[{"data":"PathToVictory","floor":6.0,"key":"SMITH"},{"floor":11.0,"key":"REST"},{"data":"EmptyBody","floor":13.0,"key":"SMITH"},{"floor":15,"key":"REST"},{"data":"Protect","floor":23,"key":"SMITH"},{"data":"EmptyFist","floor":25,"key":"SMITH"},{"data":"Vigilance","floor":27,"key":"SMITH"},{"data":"Ragnarok","floor":28,"key":"SMITH"},{"data":"JustLucky","floor":32,"key":"SMITH"}],"circlet_count":0,"master_deck":["Strike_P","Defend_P","Defend_P","Defend_P","Defend_P","Eruption+1","Vigilance+1","Consecrate","PathToVictory+1","EmptyBody+1","PathToVictory+1","EmptyFist+1","CurseOfTheBell","Protect+1","Ragnarok+1","Weave","JustLucky+1"],"relics":["PureWater","NeowsBlessing","Juzu Bracelet","Dream Catcher","DollysMirror","Calling Bell","Happy Flower","Meat on the Bone","WingedGreaves","Eternal Feather","Oddly Smooth Stone","Pantograph","Membership Card"],"acts_visited":["Exordium","TheCity"],"potions_floor_usage":[18,29,29,33],"damage_taken":[{"damage":0.0,"enemies":"Small Slimes","floor":1.0,"turns":1.0},{"damage":0.0,"enemies":"Jaw Worm","floor":4.0,"turns":1.0},{"damage":0.0,"enemies":"Cultist","floor":5.0,"turns":1.0},{"damage":29.0,"enemies":"3 Sentries","floor":7.0,"turns":10.0},{"damage":0.0,"enemies":"Looter","floor":8.0,"turns":4.0},{"damage":7.0,"enemies":"Blue Slaver","floor":10.0,"turns":3.0},{"damage":0.0,"enemies":"2 Fungi Beasts","floor":12.0,"turns":3.0},{"damage":33,"enemies":"Slime Boss","floor":16,"turns":10},{"damage":0,"enemies":"3 Byrds","floor":18,"turns":1},{"damage":26,"enemies":"2 Thieves","floor":19,"turns":5},{"damage":2,"enemies":"Cultist and Chosen","floor":21,"turns":6},{"damage":37,"enemies":"Slavers","floor":29,"turns":6},{"damage":0,"enemies":"Snake Plant","floor":31,"turns":4},{"damage":49,"enemies":"Collector","floor":33,"turns":7}],"seed_played":"304438688619308053","potions_obtained":[{"floor":4.0,"key":"SmokeBomb"},{"floor":5.0,"key":"Ancient Potion"},{"floor":7.0,"key":"Regen Potion"},{"floor":31,"key":"StancePotion"}],"is_trial":false,"path_per_floor":["M","?","?","M","M","R","E","M","T","M","R","M","R","$","R","B",null,"M","M","?","M","?","R","?","R","T","R","R","E","$","M","R","B"],"character_chosen":"WATCHER","items_purchased":["DollysMirror","Membership Card"],"campfire_rested":2,"item_purchase_floors":[14,30],"current_hp_per_floor":[72,77,77,77,77,77,48,48,48,41,64,64,64,64,77,44,77,77,51,51,49,49,49,49,58,58,67,76,50,50,50,59,28,28],"gold":43,"neow_bonus":"THREE_ENEMY_KILL","is_daily":false,"chose_seed":false,"campfire_upgraded":7,"win_rate":0.0,"timestamp":1613211870,"path_taken":["M","?","?","?","M","R","E","M","T","M","R","M","R","$","R","BOSS","M","M","?","M","?","R","?","R","T","R","R","E","$","M","R","BOSS"],"items_purchased_type":["Relic","Relic"],"build_version":"2020-12-22","purchased_purges":0,"victory":false,"max_hp_per_floor":[72,77,77,77,77,77,77,77,77,77,77,77,77,77,77,77,77,77,77,77,77,77,77,77,77,77,77,77,77,77,77,77,77,77],"card_choices":[{"not_picked":["Halt","JustLucky"],"picked":"Consecrate","floor":1.0},{"not_picked":["Protect","Vengeance"],"picked":"PathToVictory","floor":4.0},{"not_picked":["FlyingSleeves","WreathOfFlame"],"picked":"EmptyBody","floor":5.0},{"not_picked":["ThirdEye","FlyingSleeves","BattleHymn"],"picked":"SKIP","floor":7.0},{"not_picked":["EmptyBody","Worship","Fasting2"],"picked":"SKIP","floor":8.0},{"not_picked":["CrushJoints","JustLucky","Evaluate"],"picked":"SKIP","floor":10.0},{"not_picked":["ClearTheMind","JustLucky","WreathOfFlame"],"picked":"SKIP","floor":12.0},{"not_picked":["Evaluate","FlurryOfBlows"],"picked":"EmptyFist","floor":15},{"not_picked":["ThirdEye+1","BattleHymn","LikeWater"],"picked":"SKIP","floor":19},{"not_picked":["FlyingSleeves","LikeWater+1"],"picked":"Protect","floor":21},{"not_picked":["Vault","Devotion","Evaluate"],"picked":"SKIP","floor":29},{"not_picked":["Halt","FearNoEvil"],"picked":"JustLucky","floor":31}],"player_experience":108546,"relics_obtained":[{"floor":7.0,"key":"Juzu Bracelet"},{"floor":9.0,"key":"Dream Catcher"},{"floor":17,"key":"Happy Flower"},{"floor":17,"key":"Meat on the Bone"},{"floor":17,"key":"WingedGreaves"},{"floor":26,"key":"Oddly Smooth Stone"},{"floor":29,"key":"Pantograph"}],"event_choices":[{"damage_healed":0.0,"max_hp_gain":5.0,"max_hp_loss":0.0,"gold_gain":0.0,"event_name":"Big Fish","player_choice":"Donut","floor":2.0,"gold_loss":0.0,"damage_taken":0.0},{"damage_healed":0.0,"max_hp_gain":0.0,"max_hp_loss":0.0,"gold_gain":0.0,"event_name":"Upgrade Shrine","player_choice":"Upgraded","floor":3.0,"gold_loss":0.0,"damage_taken":0.0,"cards_upgraded":["Eruption"]},{"cards_removed":["Strike_P"],"damage_healed":0,"gold_gain":0,"player_choice":"Elegance","damage_taken":0,"max_hp_gain":0,"max_hp_loss":0,"event_name":"Back to Basics","floor":20,"gold_loss":0},{"damage_healed":0,"gold_gain":0,"cards_transformed":["Strike_P","Strike_P"],"player_choice":"Became Test Subject","damage_taken":0,"max_hp_gain":0,"max_hp_loss":0,"event_name":"Drug Dealer","floor":22,"gold_loss":0,"cards_obtained":["Ragnarok","Weave"]},{"damage_healed":0,"gold_gain":0,"player_choice":"Obtained Relic","damage_taken":0,"relics_obtained":["Eternal Feather"],"max_hp_gain":0,"max_hp_loss":0,"event_name":"Addict","floor":24,"gold_loss":85}],"is_beta":false,"boss_relics":[{"not_picked":["Snecko Eye","Pandora\u0027s Box"],"picked":"Calling Bell"}],"items_purged_floors":[],"is_endless":false,"potions_floor_spawned":[4,5,7,8,10,18,31],"killed_by":"Collector","ascension_level":0}}