{"host":"dg9bmj64xsaxvoc5","time":1613198360,"event":{"mods":["AchievementEnabler","BaseMod","Highlight Path","Minty Spire (QoL Compilation)","Quick Restart","Relic Stats"],"gold_per_floor":[117,117,117,117,132,132,42,42,42,42,56,82,100,119,119,239,239,259,259,283,304,219,219,219,232,255,255,255,291,307,12,12,12,12],"floor_reached":33,"language":"ENG","playtime":840,"items_purged":["Strike_R"],"score":255,"play_id":"07ed1302-45af-4272-b2ef-e7b011d36508","local_time":"20210213013920","is_ascension_mode":false,"campfire_choices":[{"data":"Defend_R","floor":6,"key":"SMITH"},{"data":"Clash","floor":8,"key":"SMITH"},{"data":"Defend_R","floor":15,"key":"SMITH"},{"data":"Inflame","floor":23,"key":"SMITH"},{"data":"Flame Barrier","floor":27,"key":"SMITH"},{"floor":32,"key":"REST"}],"circlet_count":0,"master_deck":["Strike_R","Strike_R","Strike_R","Defend_R","Defend_R","Defend_R+1","Defend_R+1","Bash","Clash+1","Thunderclap","Flex","Intimidate","Pommel Strike","Bludgeon+1","Clash","Inflame+1","Flex","Flame Barrier+1","Cleave","Flame Barrier","Magnetism"],"relics":["Burning Blood","NeowsBlessing","Golden Idol","TungstenRod","InkBottle","Centennial Puzzle","Philosopher\u0027s Stone","HornCleat","Bronze Scales","Bag of Preparation"],"acts_visited":["Exordium","TheCity"],"potions_floor_usage":[16,21,25,33],"damage_taken":[{"damage":0,"enemies":"2 Louse","floor":1,"turns":1},{"damage":0,"enemies":"Small Slimes","floor":5,"turns":1},{"damage":0,"enemies":"Jaw Worm","floor":11,"turns":1},{"damage":0,"enemies":"2 Fungi Beasts","floor":13,"turns":3},{"damage":16,"enemies":"Large Slime","floor":14,"turns":5},{"damage":41,"enemies":"Slime Boss","floor":16,"turns":12},{"damage":5,"enemies":"Spheric Guardian","floor":18,"turns":3},{"damage":6,"enemies":"3 Byrds","floor":20,"turns":5},{"damage":0,"enemies":"Snake Plant","floor":21,"turns":2},{"damage":2,"enemies":"Cultist and Chosen","floor":25,"turns":4},{"damage":17,"enemies":"Book of Stabbing","floor":29,"turns":5},{"damage":6,"enemies":"3 Cultists","floor":30,"turns":4},{"damage":109,"enemies":"Collector","floor":33,"turns":9}],"seed_played":"7946168227490039669","potions_obtained":[{"floor":11,"key":"SteroidPotion"},{"floor":14,"key":"LiquidMemories"},{"floor":21,"key":"Swift Potion"},{"floor":30,"key":"EssenceOfSteel"}],"is_trial":false,"path_per_floor":["M","?","?","T","M","R","$","R","T","?","M","T","M","M","R","B",null,"M","?","M","M","?","R","?","M","T","R","?","E","M","$","R","B"],"character_chosen":"IRONCLAD","items_purchased":["Flex","Intimidate","Flame Barrier","Magnetism"],"campfire_rested":1,"item_purchase_floors":[7,7,31,31],"current_hp_per_floor":[80,85,64,64,70,70,70,70,70,70,76,76,82,72,72,37,85,85,85,85,85,85,85,70,74,74,74,74,63,63,63,90,0,0],"gold":12,"neow_bonus":"THREE_ENEMY_KILL","is_daily":false,"chose_seed":false,"campfire_upgraded":5,"win_rate":0.0,"timestamp":1613198360,"path_taken":["M","?","?","?","M","R","$","R","T","?","M","?","M","M","R","BOSS","M","?","?","M","?","R","?","M","T","R","?","E","M","$","R","BOSS"],"items_purchased_type":["Card","Card","Card","Card"],"build_version":"2020-12-22","purchased_purges":1,"victory":false,"max_hp_per_floor":[80,85,85,85,85,85,85,85,85,85,85,85,85,85,85,85,85,85,85,85,85,85,85,90,90,90,90,90,90,90,90,90,90,90],"relic_stats":{"Centennial Puzzle":[24],"counters":[13,55],"Golden Idol":64,"Bronze Scales":[72],"Bag of Preparation":[4],"obtain_stats":[{"Centennial Puzzle":12,"HornCleat":22,"NeowsBlessing":0,"Golden Idol":3,"Bronze Scales":26,"Philosopher\u0027s Stone":17,"Bag of Preparation":29,"Burning Blood":0,"TungstenRod":4,"InkBottle":9},{"Centennial Puzzle":3,"HornCleat":9,"NeowsBlessing":0,"Golden Idol":1,"Bronze Scales":10,"Philosopher\u0027s Stone":6,"Bag of Preparation":11,"Burning Blood":0,"TungstenRod":1,"InkBottle":2},{"Centennial Puzzle":3,"HornCleat":33,"NeowsBlessing":0,"Golden Idol":1,"Bronze Scales":37,"Philosopher\u0027s Stone":23,"Bag of Preparation":42,"Burning Blood":0,"TungstenRod":1,"InkBottle":2}],"Burning Blood":59,"TungstenRod":29,"InkBottle":[18]},"card_choices":[{"not_picked":["Wild Strike","Body Slam"],"picked":"Clash","floor":1},{"not_picked":["Armaments","Juggernaut"],"picked":"Thunderclap","floor":5},{"not_picked":["Armaments","Evolve","Dark Embrace"],"picked":"SKIP","floor":11},{"not_picked":["Warcry","Perfected Strike","Clothesline"],"picked":"SKIP","floor":13},{"not_picked":["Reckless Charge","Clothesline"],"picked":"Pommel Strike","floor":14},{"not_picked":["Brutality","Barricade"],"picked":"Bludgeon","floor":16},{"not_picked":["Feel No Pain","Inflame"],"picked":"Clash","floor":18},{"not_picked":["Body Slam","Hemokinesis"],"picked":"Inflame","floor":20},{"not_picked":["Dropkick","Whirlwind"],"picked":"Flex","floor":21},{"not_picked":["Blood for Blood","Whirlwind"],"picked":"Flame Barrier","floor":25},{"not_picked":["Corruption","Wild Strike","Metallicize+1"],"picked":"SKIP","floor":29},{"not_picked":["Heavy Blade+1","Feel No Pain"],"picked":"Cleave","floor":30}],"player_experience":6327,"relics_obtained":[{"floor":4,"key":"TungstenRod"},{"floor":9,"key":"InkBottle"},{"floor":12,"key":"Centennial Puzzle"},{"floor":26,"key":"Bronze Scales"},{"floor":29,"key":"Bag of Preparation"}],"event_choices":[{"damage_healed":0,"gold_gain":0,"player_choice":"Donut","damage_taken":0,"max_hp_gain":5,"max_hp_loss":0,"event_name":"Big Fish","floor":2,"gold_loss":0},{"damage_healed":0,"gold_gain":0,"player_choice":"Take Damage","damage_taken":21,"relics_obtained":["Golden Idol"],"max_hp_gain":0,"max_hp_loss":0,"event_name":"Golden Idol","floor":3,"gold_loss":0},{"damage_healed":0,"gold_gain":0,"player_choice":"Leave","damage_taken":0,"max_hp_gain":0,"max_hp_loss":0,"event_name":"The Cleric","floor":10,"gold_loss":0},{"damage_healed":0,"gold_gain":0,"player_choice":"Upgraded","damage_taken":0,"max_hp_gain":0,"max_hp_loss":0,"event_name":"Upgrade Shrine","floor":19,"gold_loss":0,"cards_upgraded":["Bludgeon"]},{"damage_healed":0,"gold_gain":0,"player_choice":"Obtained Relic","damage_taken":0,"relics_obtained":["HornCleat"],"max_hp_gain":0,"max_hp_loss":0,"event_name":"Addict","floor":22,"gold_loss":85},{"damage_healed":0,"gold_gain":0,"player_choice":"Shed Blood","damage_taken":21,"max_hp_gain":5,"max_hp_loss":0,"event_name":"Forgotten Altar","floor":24,"gold_loss":0},{"cards_removed":["Strike_R"],"damage_healed":0,"gold_gain":0,"player_choice":"Purged","damage_taken":0,"max_hp_gain":0,"max_hp_loss":0,"event_name":"Purifier","floor":28,"gold_loss":0}],"is_beta":false,"boss_relics":[{"not_picked":["Runic Dome","Runic Pyramid"],"picked":"Philosopher\u0027s Stone"}],"items_purged_floors":[31],"is_endless":false,"potions_floor_spawned":[11,14,21,30],"killed_by":"Collector","ascension_level":0}}