{"host":"k7udt7atmcuzf6l0","time":1613212514,"event":{"mods":["AchievementEnabler","BaseMod","BetterRewards","Colored Map","Colored Powertips","Highlight Path","Minty Spire (QoL Compilation)","Quick Restart","Rare Cards Sparkle","StSLib","UnlockEverythingMod"],"gold_per_floor":[113,133,87,162,179,179,213,213,267,292,292,302,302,316,316,417,417,434,445,445,55,70,70,101,101,127,52,232,252,252,284,284,386,386,405,1404,739,750,148,148,180,180,180,199,199,228,450,479,479,479],"floor_reached":51,"language":"ZHS","playtime":1269,"items_purged":["Strike_R","Normality","Normality"],"score":834,"play_id":"6dae01be-7928-4fed-865f-554eade414b2","local_time":"20210213183514","is_ascension_mode":false,"campfire_choices":[{"data":"Body Slam","floor":6.0,"key":"SMITH"},{"data":"Whirlwind","floor":11.0,"key":"SMITH"},{"data":"Armaments","floor":13.0,"key":"SMITH"},{"data":"Anger","floor":15.0,"key":"SMITH"},{"data":"Flame Barrier","floor":23,"key":"SMITH"},{"data":"Sword Boomerang","floor":25,"key":"SMITH"},{"floor":30,"key":"REST"},{"data":"Seeing Red","floor":32,"key":"SMITH"},{"data":"Secret Weapon","floor":40,"key":"SMITH"},{"floor":42,"key":"REST"},{"data":"Jack Of All Trades","floor":45,"key":"SMITH"},{"data":"Cleave","floor":49,"key":"SMITH"}],"circlet_count":0,"master_deck":["Bash+1","Flame Barrier+1","Body Slam+1","Anger+1","Whirlwind+1","Armaments+1","Seeing Red+1","Feed+1","CurseOfTheBell","Thunderclap+1","Metallicize+1","Havoc+1","Sword Boomerang+1","Body Slam+1","Juggernaut+1","Rupture+1","Exhume","Inflame+1","Reaper","Searing Blow","Exhume","Cleave+1","Sword Boomerang","Rampage+1","Infernal Blade","Secret Weapon+1","Sword Boomerang+1","Jack Of All Trades+1","Brutality+1","Cleave+1","Anger+1","Intimidate+1"],"relics":["Burning Blood","NeowsBlessing","Regal Pillow","Bag of Preparation","Shuriken","Calling Bell","Bag of Marbles","Frozen Egg 2","Champion Belt","Whetstone","Bronze Scales","Akabeko","Juzu Bracelet","Red Mask","Pandora\u0027s Box","Ancient Tea Set","OrangePellets","Chemical X","Eternal Feather","White Beast Statue","Question Card","MealTicket","Dead Branch"],"acts_visited":["Exordium","TheCity","TheBeyond"],"potions_floor_usage":[18,22,22,24,24,38,50,50,50],"damage_taken":[{"damage":0.0,"enemies":"Small Slimes","floor":1.0,"turns":1.0},{"damage":0.0,"enemies":"Cultist","floor":2.0,"turns":1.0},{"damage":0.0,"enemies":"2 Louse","floor":5.0,"turns":1.0},{"damage":20.0,"enemies":"3 Sentries","floor":7.0,"turns":6.0},{"damage":21.0,"enemies":"Gremlin Nob","floor":10.0,"turns":4.0},{"damage":16.0,"enemies":"Exordium Wildlife","floor":12.0,"turns":4.0},{"damage":0.0,"enemies":"Large Slime","floor":14.0,"turns":6.0},{"damage":35.0,"enemies":"The Guardian","floor":16.0,"turns":9.0},{"damage":7,"enemies":"2 Thieves","floor":18,"turns":4},{"damage":30,"enemies":"Spheric Guardian","floor":19,"turns":7},{"damage":6,"enemies":"Snake Plant","floor":22,"turns":2},{"damage":31,"enemies":"Slavers","floor":24,"turns":4},{"damage":21,"enemies":"Centurion and Healer","floor":29,"turns":4},{"damage":0,"enemies":"Masked Bandits","floor":31,"turns":2},{"damage":67,"enemies":"Collector","floor":33,"turns":8},{"damage":0,"enemies":"3 Shapes","floor":35,"turns":2},{"damage":0,"enemies":"Orb Walker","floor":38,"turns":1},{"damage":89,"enemies":"Giant Head","floor":41,"turns":8},{"damage":1,"enemies":"3 Darklings","floor":44,"turns":2},{"damage":14,"enemies":"Nemesis","floor":46,"turns":3},{"damage":23,"enemies":"Giant Head","floor":48,"turns":6},{"damage":78,"enemies":"Time Eater","floor":50,"turns":8}],"seed_played":"3704301657632989338","potions_obtained":[{"floor":2.0,"key":"Swift Potion"},{"floor":5.0,"key":"Dexterity Potion"},{"floor":10.0,"key":"Fire Potion"},{"floor":14.0,"key":"Dexterity Potion"},{"floor":16.0,"key":"Strength Potion"},{"floor":18,"key":"EssenceOfSteel"},{"floor":19,"key":"Regen Potion"},{"floor":22,"key":"DuplicationPotion"},{"floor":35,"key":"EssenceOfSteel"},{"floor":44,"key":"BloodPotion"},{"floor":46,"key":"LiquidMemories"},{"floor":48,"key":"DistilledChaos"}],"is_trial":false,"path_per_floor":["M","M","$","?","M","R","E","?","T","E","R","M","R","M","R","B",null,"M","M","?","$","M","R","E","R","T","$","?","M","R","?","R","B",null,"M","?","$","M","$","R","E","R","T","M","R","E","?","E","R","B",null],"character_chosen":"IRONCLAD","items_purchased":["Anger","Whetstone","Bronze Scales","Metallicize+1","Ancient Tea Set","OrangePellets","Infernal Blade","Secret Weapon","Chemical X","Eternal Feather","Jack Of All Trades"],"campfire_rested":2,"item_purchase_floors":[3,21,21,21,37,37,37,37,39,39,39],"current_hp_per_floor":[80,80,80,72,78,78,64,69,69,54,54,44,44,50,50,21,85,87,63,63,63,72,72,51,51,51,51,32,21,64,74,74,13,100,100,100,100,104,104,104,37,98,98,107,108,100,100,83,101,50],"gold":479,"neow_bonus":"THREE_ENEMY_KILL","is_daily":false,"chose_seed":false,"campfire_upgraded":10,"win_rate":0.0,"timestamp":1613212514,"path_taken":["M","M","$","?","?","R","E","?","T","E","R","M","R","M","R","BOSS","M","M","?","$","M","R","E","R","T","$","?","M","R","?","R","BOSS","M","?","$","M","$","R","E","R","T","M","R","E","?","E","R","BOSS"],"items_purchased_type":["Card","Relic","Relic","Card","Relic","Relic","Card","Card","Relic","Relic","Card"],"build_version":"2020-12-22","purchased_purges":3,"victory":true,"max_hp_per_floor":[80,80,80,80,80,80,80,85,85,85,85,85,85,85,85,85,85,88,88,88,88,88,88,92,92,92,92,92,96,96,100,100,100,100,100,100,100,104,104,104,104,104,104,108,108,108,108,108,108,108],"card_choices":[{"not_picked":["Perfected Strike","Twin Strike"],"picked":"Flame Barrier","floor":1.0},{"not_picked":["Blood for Blood","Anger"],"picked":"Body Slam","floor":2.0},{"not_picked":["Havoc","Entrench"],"picked":"Whirlwind","floor":5.0},{"not_picked":["Cleave","Warcry","Entrench"],"picked":"SKIP","floor":7.0},{"not_picked":["Perfected Strike","Clothesline","Blood for Blood"],"picked":"SKIP","floor":10.0},{"not_picked":["Bludgeon","Thunderclap"],"picked":"Armaments","floor":12.0},{"not_picked":["Warcry","Shrug It Off"],"picked":"Seeing Red","floor":14.0},{"not_picked":["Limit Break","Demon Form"],"picked":"Feed","floor":16.0},{"not_picked":["Hemokinesis","Iron Wave","Twin Strike"],"picked":"SKIP","floor":18},{"not_picked":["Rage","Heavy Blade+1"],"picked":"Thunderclap+1","floor":19},{"not_picked":["Body Slam","Pommel Strike"],"picked":"Havoc+1","floor":22},{"not_picked":["Heavy Blade","Intimidate"],"picked":"Sword Boomerang","floor":24},{"not_picked":["Body Slam","Sword Boomerang","Heavy Blade"],"picked":"SKIP","floor":29},{"not_picked":["Impervious","Heavy Blade"],"picked":"Body Slam+1","floor":31},{"not_picked":["Double Tap","Limit Break"],"picked":"Juggernaut+1","floor":33},{"not_picked":["Thunderclap+1","Feel No Pain+1"],"picked":"Rampage+1","floor":35},{"not_picked":["Headbutt","Shrug It Off"],"picked":"Sword Boomerang+1","floor":38},{"not_picked":["Body Slam+1","Infernal Blade"],"picked":"Brutality+1","floor":41},{"not_picked":["Burning Pact","Feel No Pain+1","Body Slam+1"],"picked":"Cleave+1","floor":44},{"not_picked":["True Grit","Clash","Searing Blow+1"],"picked":"Anger+1","floor":46},{"not_picked":["Perfected Strike+1","Headbutt","Twin Strike"],"picked":"Intimidate+1","floor":48}],"player_experience":116397,"relics_obtained":[{"floor":7.0,"key":"Regal Pillow"},{"floor":9.0,"key":"Bag of Preparation"},{"floor":10.0,"key":"Shuriken"},{"floor":17.0,"key":"Bag of Marbles"},{"floor":17.0,"key":"Frozen Egg 2"},{"floor":17.0,"key":"Champion Belt"},{"floor":24,"key":"Akabeko"},{"floor":26,"key":"Juzu Bracelet"},{"floor":31,"key":"Red Mask"},{"floor":41,"key":"White Beast Statue"},{"floor":43,"key":"Question Card"},{"floor":46,"key":"MealTicket"},{"floor":48,"key":"Dead Branch"}],"event_choices":[{"damage_healed":0.0,"max_hp_gain":0.0,"max_hp_loss":0.0,"gold_gain":75.0,"event_name":"FaceTrader","player_choice":"Touch","floor":4.0,"gold_loss":0.0,"damage_taken":8.0},{"damage_healed":0.0,"max_hp_gain":5.0,"max_hp_loss":0.0,"gold_gain":0.0,"event_name":"Big Fish","player_choice":"Donut","floor":8.0,"gold_loss":0.0,"damage_taken":0.0},{"damage_healed":0,"gold_gain":0,"player_choice":"Ignored","damage_taken":0,"max_hp_gain":0,"max_hp_loss":0,"event_name":"Vampires","floor":20,"gold_loss":0},{"damage_healed":0,"gold_gain":180,"player_choice":"GOLD GOLD ","damage_taken":19,"max_hp_gain":0,"max_hp_loss":0,"event_name":"Knowing Skull","floor":28,"potions_obtained":[],"gold_loss":0,"cards_obtained":[]},{"damage_healed":0,"gold_gain":0,"player_choice":"Fought Bandits","damage_taken":0,"max_hp_gain":0,"max_hp_loss":0,"event_name":"Masked Bandits","floor":31,"gold_loss":0},{"damage_healed":0,"gold_gain":999,"player_choice":"Gold","damage_taken":0,"max_hp_gain":0,"max_hp_loss":0,"event_name":"MindBloom","floor":36,"gold_loss":0,"cards_obtained":["Normality","Normality"]},{"damage_healed":0,"gold_gain":222,"player_choice":"Wore Mask","damage_taken":0,"max_hp_gain":0,"max_hp_loss":0,"event_name":"Tomb of Lord Red Mask","floor":47,"gold_loss":0}],"is_beta":false,"boss_relics":[{"not_picked":["Coffee Dripper","Astrolabe"],"picked":"Calling Bell"},{"not_picked":["Mark of Pain","Busted Crown"],"picked":"Pandora\u0027s Box"}],"items_purged_floors":[27,37,39],"is_endless":false,"potions_floor_spawned":[2,5,10,14,16,18,19,22,35,44,46,48],"ascension_level":0}}