{"host":"5zhjtp2pgwgfdund","time":1613195229,"event":{"mods":["2.2 Compatiblity","AchievementEnabler","Act Like it!","BaseMod","Colored Map","Colored Powertips","Downfall","Gensokyo","Infinite Spire","Minty Spire (QoL Compilation)","Replay The Spire","Shop Mod","StSLib","The Bug Knight","The Jungle"],"gold_per_floor":[99,114,114,17,37,37,62,62,96,115,126,36,36,52,72,170,170,70,88,104,117,67,167,167,53,67,67,67,26,26,36,55,55,55,55],"floor_reached":33,"language":"ENG","playtime":3109,"items_purged":[],"score":311,"play_id":"3d0e579c-771e-4232-b8ef-1ceafda21e8e","local_time":"20210213004709","is_ascension_mode":true,"campfire_choices":[{"floor":1.0,"key":"RECALL"},{"floor":6,"key":"REST"},{"floor":8,"key":"REST"},{"floor":13,"key":"REST"},{"floor":28,"key":"REST"},{"floor":30,"key":"REST"}],"circlet_count":0,"master_deck":["bronze:Strike","bronze:Strike","bronze:Strike+1","bronze:Strike","bronze:Defend","bronze:Defend","bronze:Defend","bronze:Defend","bronze:Replicate","bronze:Goto","bronze:BurnOut","bronze:BuggyMess","bronze:Spike+1","bronze:Safeguard","bronze:Flail","bronze:DigitalCarnage","bronze:Boost","bronze:Branch+1","bronze:WhirlingStrike","bronze:Frontload","bronze:Separator","bronze:Iterate","bronze:WildBeam","bronze:Branch","bronze:ChildClass","bronze:AlphaBuild","bronze:OilSpill","bronze:BuggyMess+1","bronze:Backtrace","bronze:InfiniteBeams+1","bronze:Mutator","bronze:Shield","bronze:DigitalCarnage","bronze:BronzeOrb+1","bronze:Turbo","bronze:Constructor","bronze:Repair","bronze:BronzeOrb"],"relics":["bronze:BronzeCore","Whetstone","SlaversCollar","downfall:HeartBlessingBlue","Replay:Arrowhead","Shuriken","Pear","Replay:Bottled Flurry"],"acts_visited":["Exordium","TheCity"],"potions_floor_usage":[16,20,23,32,33,33,33],"damage_taken":[{"damage":0.0,"enemies":"Small Slimes","floor":2.0,"turns":3.0},{"damage":51,"enemies":"Small Slimes","floor":3,"turns":5},{"damage":13,"enemies":"downfall:FleeingMerchant","floor":4,"turns":4},{"damage":1,"enemies":"Cultist","floor":5,"turns":3},{"damage":18,"enemies":"3 Sentries","floor":9,"turns":6},{"damage":0,"enemies":"Jaw Worm","floor":10,"turns":3},{"damage":2,"enemies":"Blue Slaver","floor":11,"turns":3},{"damage":0,"enemies":"downfall:FleeingMerchant","floor":12,"turns":4},{"damage":0,"enemies":"Exordium Wildlife","floor":14,"turns":3},{"damage":0,"enemies":"Blue Slaver","floor":15,"turns":3},{"damage":33,"enemies":"WA_ARCHETYPE_RETAIN","floor":16,"turns":8},{"damage":12,"enemies":"Shell Parasite","floor":19,"turns":4},{"damage":28,"enemies":"Centurion and Healer","floor":20,"turns":9},{"damage":20,"enemies":"Snake Plant","floor":21,"turns":4},{"damage":16,"enemies":"SI_SHIV_ARCHETYPE","floor":23,"turns":8},{"damage":7,"enemies":"downfall:FleeingMerchant","floor":25,"turns":4},{"damage":17,"enemies":"Shelled Parasite and Fungi","floor":26,"turns":5},{"damage":5,"enemies":"downfall:FleeingMerchant","floor":29,"turns":4},{"damage":6,"enemies":"Centurion and Healer","floor":31,"turns":5},{"damage":23,"enemies":"Snake Plant","floor":32,"turns":4},{"damage":56,"enemies":"DF_ARCHETYPE_CLAW","floor":33,"turns":7}],"seed_played":"-5259848696771977352","potions_obtained":[{"floor":5,"key":"Block Potion"},{"floor":11,"key":"Energy Potion"},{"floor":14,"key":"Weak Potion"},{"floor":15,"key":"ColorlessPotion"},{"floor":16,"key":"champ:CounterPotion"},{"floor":21,"key":"champ:CounterPotion"},{"floor":26,"key":"sneckomod:MuddlingPotion"},{"floor":31,"key":"Adrenaline Potion"},{"floor":32,"key":"Swift Potion"}],"is_trial":false,"path_per_floor":["R","M","?","$","M","R","T","R","E","M","M","$","R","M","M","B",null,"R_BF","M","M","M","?","?","T","$","M","?","R","$","R","M","M","B"],"character_chosen":"THE_AUTOMATON","items_purchased":["bronze:DigitalCarnage","bronze:Iterate","bronze:WildBeam","bronze:Shield","bronze:DigitalCarnage","bronze:Constructor"],"campfire_rested":5,"item_purchase_floors":[4,12,12,25,25,29],"current_hp_per_floor":[70,70,19,6,5,26,26,47,29,29,27,27,48,48,48,15,70,80,68,42,22,52,36,46,39,22,22,49,44,71,65,49,0,0,0],"gold":55,"neow_bonus":"ONE_RANDOM_RARE_CARD","is_daily":false,"chose_seed":false,"campfire_upgraded":0,"win_rate":0.0,"timestamp":1613195229,"path_taken":["R","M","?","?","?","R","T","R","E","M","M","$","R","M","M","BOSS","R_BF","M","M","M","?","?","T","?","M","?","R","?","R","?","M","BOSS"],"items_purchased_type":["Card","Card","Card","Card","Card","Card"],"build_version":"2020-12-22","purchased_purges":0,"victory":false,"max_hp_per_floor":[70,70,70,70,70,70,70,70,70,70,70,70,70,70,70,70,70,80,80,80,80,80,80,90,90,90,90,90,90,90,90,90,90,90,90],"card_choices":[{"not_picked":["bronze:ForceShield","bronze:Invalidate"],"picked":"bronze:BuggyMess","floor":2.0},{"not_picked":[],"picked":"bronze:Spike","floor":3},{"not_picked":["bronze:BitShift","bronze:Deprecate"],"picked":"bronze:Safeguard","floor":3},{"not_picked":["bronze:CloningBeam","bronze:WildBeam"],"picked":"bronze:Flail","floor":4},{"not_picked":["bronze:BuggyMess","bronze:Flail"],"picked":"bronze:Boost","floor":5},{"not_picked":["bronze:Backtrace","bronze:SpaghettiCode"],"picked":"bronze:Branch","floor":9},{"not_picked":["bronze:Safeguard","bronze:Shield"],"picked":"bronze:WhirlingStrike","floor":10},{"not_picked":["bronze:FineTuning","bronze:Shield"],"picked":"bronze:Frontload","floor":11},{"not_picked":["bronze:WildBeam","bronze:DelayedSlice"],"picked":"bronze:Separator","floor":12},{"not_picked":["bronze:HardenedForm","bronze:DelayedSlice"],"picked":"bronze:Branch","floor":14},{"not_picked":["bronze:CutThrough","bronze:Allocate"],"picked":"bronze:ChildClass","floor":15},{"not_picked":["bronze:FindAndReplace","bronze:BurnOut"],"picked":"bronze:AlphaBuild","floor":16},{"not_picked":["bronze:Turbo","bronze:BuggyMess"],"picked":"bronze:OilSpill","floor":19},{"not_picked":["bronze:BronzeArmor","bronze:BitShift"],"picked":"bronze:BuggyMess+1","floor":20},{"not_picked":["bronze:DelayedGuard+1","bronze:WildBeam"],"picked":"bronze:Backtrace","floor":21},{"not_picked":["bronze:OilSpill","bronze:BronzeArmor+1"],"picked":"bronze:InfiniteBeams+1","floor":23},{"not_picked":["bronze:Frontload","bronze:DelayedGuard+1"],"picked":"bronze:Mutator","floor":25},{"not_picked":["bronze:Shell","bronze:Frontload"],"picked":"bronze:BronzeOrb+1","floor":26},{"not_picked":["bronze:Shield","bronze:WildBeam"],"picked":"bronze:Turbo","floor":29},{"not_picked":["bronze:Constructor","bronze:Flail+1"],"picked":"bronze:Repair","floor":31},{"not_picked":["bronze:CloningBeam","bronze:Return"],"picked":"bronze:BronzeOrb","floor":32}],"player_experience":155008,"relics_obtained":[{"floor":9,"key":"Whetstone"},{"floor":23,"key":"Replay:Arrowhead"},{"floor":23,"key":"Shuriken"},{"floor":24,"key":"Pear"}],"event_choices":[],"is_beta":false,"boss_relics":[{"not_picked":["Honey Jar","Calling Bell"],"picked":"SlaversCollar"}],"items_purged_floors":[],"is_endless":false,"potions_floor_spawned":[5,11,14,15,16,21,26,31,32],"killed_by":"DF_ARCHETYPE_CLAW","ascension_level":1}}