{"host":"ELF","time":1613224215,"event":{"mods":["BaseMod","Bestiary","Minty Spire (QoL Compilation)","Relic Stats","Slay the Relics Exporter"],"gold_per_floor":[109,109,109,121,22,22,52,76,101,113,141,22,39,50,50,124,124,143,161,161,161],"floor_reached":20,"language":"ENG","playtime":720,"items_purged":["Defend_R"],"score":359,"play_id":"3c61d7dd-8664-45af-a47e-b7da40ed321b","local_time":"20210213075015","is_ascension_mode":true,"campfire_choices":[{"data":"Panacea","floor":6,"key":"SMITH"},{"floor":15,"key":"REST"}],"circlet_count":0,"master_deck":["AscendersBane","Bash","Perfected Strike","Anger","Feel No Pain","Panacea+1","Rage+1","Cleave+1","Twin Strike","Inflame","Flame Barrier","Pommel Strike","Wild Strike","Feed","Dark Embrace","Metallicize"],"relics":["Burning Blood","PreservedInsect","Odd Mushroom","War Paint","Whetstone","Pandora\u0027s Box"],"acts_visited":["Exordium","TheCity"],"potions_floor_usage":[8,16,18],"damage_taken":[{"damage":7,"enemies":"Jaw Worm","floor":1,"turns":3},{"damage":3,"enemies":"Small Slimes","floor":4,"turns":3},{"damage":34,"enemies":"Lagavulin","floor":7,"turns":6},{"damage":0,"enemies":"The Mushroom Lair","floor":8,"turns":5},{"damage":4,"enemies":"2 Louse","floor":10,"turns":3},{"damage":16,"enemies":"3 Sentries","floor":11,"turns":6},{"damage":0,"enemies":"Looter","floor":13,"turns":2},{"damage":12,"enemies":"Exordium Wildlife","floor":14,"turns":4},{"damage":27,"enemies":"Slime Boss","floor":16,"turns":7},{"damage":16,"enemies":"2 Thieves","floor":18,"turns":4},{"damage":22,"enemies":"Spheric Guardian","floor":19,"turns":5},{"damage":47,"enemies":"Shelled Parasite and Fungi","floor":20,"turns":3}],"seed_played":"-7316515928888541600","potions_obtained":[{"floor":4,"key":"BlessingOfTheForge"},{"floor":8,"key":"Swift Potion"},{"floor":11,"key":"Explosive Potion"},{"floor":13,"key":"Weak Potion"},{"floor":19,"key":"SpeedPotion"}],"is_trial":false,"path_per_floor":["M","?","?","M","$","R","E","?","T","M","E","$","M","M","R","B",null,"M","M","M"],"character_chosen":"IRONCLAD","items_purchased":["Panacea","Flame Barrier"],"campfire_rested":1,"item_purchase_floors":[5,12],"current_hp_per_floor":[67,44,44,47,47,47,19,25,25,27,17,17,23,17,39,18,61,54,38,0,0],"gold":161,"neow_bonus":"THREE_CARDS","is_daily":false,"chose_seed":false,"campfire_upgraded":1,"win_rate":0.0,"timestamp":1613224215,"path_taken":["M","?","?","M","?","R","E","?","T","M","E","?","M","M","R","BOSS","M","M","M"],"items_purchased_type":["Card","Card"],"build_version":"2020-12-18","purchased_purges":1,"victory":false,"max_hp_per_floor":[75,75,75,75,75,75,75,75,75,75,75,75,75,75,75,75,75,78,78,78,78],"relic_stats":{"counters":[12,51],"Pandora\u0027s Box":["Sentinel","Pummel","Havoc","Dual Wield","Reckless Charge","Spot Weakness","Body Slam","Shockwave"],"PreservedInsect":32,"Whetstone":["Cleave","Strike_R"],"War Paint":["Defend_R","Rage"],"obtain_stats":[{"Pandora\u0027s Box":17,"PreservedInsect":7,"Whetstone":11,"Odd Mushroom":8,"War Paint":9,"Burning Blood":0},{"Pandora\u0027s Box":9,"PreservedInsect":3,"Whetstone":6,"Odd Mushroom":4,"War Paint":4,"Burning Blood":0},{"Pandora\u0027s Box":39,"PreservedInsect":12,"Whetstone":26,"Odd Mushroom":17,"War Paint":17,"Burning Blood":0}],"Burning Blood":66},"card_choices":[{"not_picked":["Warcry","Iron Wave"],"picked":"Perfected Strike","floor":0},{"not_picked":["Thunderclap","Uppercut"],"picked":"Anger","floor":1},{"not_picked":["Warcry","True Grit"],"picked":"Feel No Pain","floor":4},{"not_picked":["Heavy Blade","Flex"],"picked":"Rage","floor":7},{"not_picked":["Flex","Thunderclap"],"picked":"Cleave","floor":8},{"not_picked":["Pommel Strike","Clothesline"],"picked":"Twin Strike","floor":10},{"not_picked":["Flex","Iron Wave"],"picked":"Inflame","floor":11},{"not_picked":["Flex","Intimidate"],"picked":"Pommel Strike","floor":13},{"not_picked":["Thunderclap","Rampage"],"picked":"Wild Strike","floor":14},{"not_picked":["Reaper","Double Tap"],"picked":"Feed","floor":16},{"not_picked":["Blood for Blood","True Grit"],"picked":"Dark Embrace","floor":18},{"not_picked":["Bloodletting","Anger"],"picked":"Metallicize","floor":19}],"player_experience":3440949,"relics_obtained":[{"floor":7,"key":"PreservedInsect"},{"floor":8,"key":"Odd Mushroom"},{"floor":9,"key":"War Paint"},{"floor":11,"key":"Whetstone"}],"event_choices":[{"damage_healed":0,"gold_gain":0,"player_choice":"Entered Light","damage_taken":23,"max_hp_gain":0,"max_hp_loss":0,"event_name":"Shining Light","floor":2,"gold_loss":0,"cards_upgraded":["Defend_R","Strike_R"]},{"damage_healed":0,"gold_gain":0,"player_choice":"Ignored","damage_taken":0,"max_hp_gain":0,"max_hp_loss":0,"event_name":"Liars Game","floor":3,"gold_loss":0},{"damage_healed":0,"gold_gain":0,"player_choice":"Fought Mushrooms","damage_taken":0,"max_hp_gain":0,"max_hp_loss":0,"event_name":"Mushrooms","floor":8,"gold_loss":0}],"is_beta":true,"boss_relics":[{"not_picked":["Busted Crown","Runic Cube"],"picked":"Pandora\u0027s Box"}],"items_purged_floors":[12],"is_endless":false,"potions_floor_spawned":[4,8,11,13,19],"killed_by":"Shelled Parasite and Fungi","ascension_level":19}}