{"host":"18wi9kpcl4eah7pe","time":1613230390,"event":{"mods":["BaseMod","Colored Powertips","Downfall","Minty Spire (QoL Compilation)","StSLib"],"gold_per_floor":[99,117,134,134,154,186,186,205,35,135,162,62,78,93,110,110,110,110],"floor_reached":16,"language":"ENG","playtime":647,"items_purged":[],"score":181,"play_id":"7e80920f-7cb9-4f53-882e-e9da3f53d991","local_time":"20210213093310","is_ascension_mode":true,"campfire_choices":[{"floor":1,"key":"RECALL"},{"floor":12,"key":"REST"}],"circlet_count":0,"master_deck":["bronze:Strike","bronze:Strike","bronze:Strike","bronze:Strike","bronze:Defend","bronze:Defend","bronze:Defend","bronze:Defend","bronze:Replicate","bronze:Goto","bronze:Frontload+1","bronze:Separator","bronze:ClassDefault","bronze:GetLatest","bronze:Repulsor","bronze:WhirlingStrike","bronze:BuggyMess","bronze:Verify","bronze:Optimize","bronze:Boost","bronze:Constructor"],"relics":["bronze:BronzeCore","hexamod:CandleOfCauterizing","hexamod:BolsterEngine","downfall:CloakOfManyFaces","CultistMask","FaceOfCleric","NlothsMask","GremlinMask","SsserpentHead","Mummified Hand","downfall:HeartBlessingBlue"],"acts_visited":["Exordium"],"potions_floor_usage":[6,6,10,11,15,16],"damage_taken":[{"damage":4,"enemies":"Small Slimes","floor":2,"turns":4},{"damage":2,"enemies":"Cultist","floor":3,"turns":5},{"damage":1,"enemies":"2 Louse","floor":5,"turns":3},{"damage":5,"enemies":"3 Sentries","floor":6,"turns":3},{"damage":17,"enemies":"Gremlin Gang","floor":8,"turns":6},{"damage":0,"enemies":"downfall:FleeingMerchant","floor":9,"turns":4},{"damage":18,"enemies":"downfall:FaceTrader","floor":10,"turns":7},{"damage":0,"enemies":"Gremlin Nob","floor":11,"turns":2},{"damage":11,"enemies":"2 Fungi Beasts","floor":13,"turns":3},{"damage":12,"enemies":"Large Slime","floor":14,"turns":4},{"damage":6,"enemies":"Lots of Slimes","floor":15,"turns":2},{"damage":25,"enemies":"DF_ARCHETYPE_STREAMLINE","floor":16,"turns":4}],"seed_played":"-4945673267647188895","potions_obtained":[{"floor":0,"key":"ColorlessPotion"},{"floor":0,"key":"CultistPotion"},{"floor":3,"key":"SpeedPotion"},{"floor":5,"key":"BlessingOfTheForge"},{"floor":10,"key":"LiquidMemories"},{"floor":11,"key":"SpeedPotion"},{"floor":13,"key":"AttackPotion"}],"is_trial":false,"path_per_floor":["R","M","M","?","M","E","T","M","$","?","E","R","M","M","M","B"],"character_chosen":"THE_AUTOMATON","items_purchased":["hexamod:BolsterEngine"],"campfire_rested":1,"item_purchase_floors":[9],"current_hp_per_floor":[63,59,57,57,56,51,51,34,34,16,17,51,41,30,25,0,0,0],"gold":110,"neow_bonus":"THREE_SMALL_POTIONS","is_daily":false,"chose_seed":false,"campfire_upgraded":0,"win_rate":0.0,"timestamp":1613230390,"path_taken":["R","M","M","?","M","E","T","M","?","?","E","R","M","M","M","BOSS"],"items_purchased_type":["Relic"],"build_version":"2020-12-22","purchased_purges":0,"victory":false,"max_hp_per_floor":[70,70,70,70,70,70,70,70,70,70,71,81,82,83,84,84,84,84],"card_choices":[{"not_picked":["bronze:ForLoop","bronze:Turbo"],"picked":"bronze:Frontload","floor":2},{"not_picked":["bronze:Invalidate","bronze:OilSpill"],"picked":"bronze:Separator","floor":3},{"not_picked":["bronze:OilSpill","bronze:Turbo"],"picked":"bronze:ClassDefault","floor":5},{"not_picked":["bronze:DelayedGuard","bronze:Deprecate"],"picked":"bronze:GetLatest","floor":6},{"not_picked":["bronze:BitShift","bronze:Overload"],"picked":"bronze:Repulsor","floor":8},{"not_picked":["bronze:Backtrace","bronze:Turbo"],"picked":"bronze:WhirlingStrike","floor":9},{"not_picked":["bronze:Iterate","bronze:DelayedSlice"],"picked":"bronze:BuggyMess","floor":10},{"not_picked":["bronze:Frontload","bronze:HyperBeam"],"picked":"bronze:Verify","floor":11},{"not_picked":["bronze:WhirlingStrike","bronze:Separator"],"picked":"bronze:Optimize","floor":13},{"not_picked":["bronze:Branch","bronze:ForLoop"],"picked":"bronze:Boost","floor":14},{"not_picked":["bronze:ClassDefault","bronze:Invalidate"],"picked":"bronze:Constructor","floor":15}],"player_experience":1027947,"relics_obtained":[{"floor":6,"key":"hexamod:CandleOfCauterizing"},{"floor":10,"key":"downfall:CloakOfManyFaces"},{"floor":11,"key":"Mummified Hand"}],"event_choices":[],"is_beta":false,"boss_relics":[],"items_purged_floors":[],"is_endless":false,"potions_floor_spawned":[3,5,10,11,13],"killed_by":"DF_ARCHETYPE_STREAMLINE","ascension_level":6}}