{"host":"h2hvhmnr6sxj7mkx","time":1613231153,"event":{"mods":["BaseMod","Marisa????????","Minty Spire (QoL Compilation)","Replay The Spire","StSLib"],"gold_per_floor":[118,138,138,138,155,174,203,220,295,306,326,50,50,66,66,169,169,184,184,196,156,167,179,179,104,130,157,6,26,58,1,1,1,1],"floor_reached":33,"language":"ENG","playtime":2823,"items_purged":["Pain"],"score":491,"play_id":"029c3737-4d37-4ba4-9046-5ab0bbcecf43","local_time":"20210213094553","is_ascension_mode":false,"campfire_choices":[],"circlet_count":0,"master_deck":["Strike_G+1","Strike_G+1","Strike_G+1","Strike_G+1","Strike_G+1","Defend_G","Defend_G","Defend_G","Defend_G","Survivor","Neutralize","Dagger Spray","Backstab","Sneak Up","Outmaneuver","Slice","Outmaneuver","Underhanded Strike","Backstab","Slice","Die Die Die+1","Masterful Stab","Replay:Bag of Tricks+1","Blade Dance+1","ReplayTheSpireMod:Shiv Toss+1","Skewer+1","Regret","Noxious Fumes+1","ReplayTheSpireMod:IOU","ReplayTheSpireMod:IOU","Sickly","CommonCold","Dagger Spray","Riddle With Holes+1","ReplayTheSpireMod:IOU","Doubt"],"relics":["Ring of the Snake","ReplayTheSpireMod:Ring of Collecting","ReplayTheSpireMod:Ring of Addiction","Chameleon Ring","SacredBark","Mirror","Ring of Greed","Bag of Marbles","MealTicket","Golden Egg","Orichalcum","HoveringKite","ReplayTheSpireMod:TigerMarble","Ring of Fangs","Pet Ghost","Replay:Wax Seal","Replay:Bottled Eggs","Mummified Hand","Toolbox"],"acts_visited":["Exordium","TheCity"],"potions_floor_usage":[27,27,29,30,33,33,33],"damage_taken":[{"damage":4.0,"enemies":"Cultist","floor":1.0,"turns":3.0},{"damage":0.0,"enemies":"2 Louse","floor":2.0,"turns":2.0},{"damage":0.0,"enemies":"Small Slimes","floor":5.0,"turns":1.0},{"damage":9.0,"enemies":"Red Slaver","floor":6.0,"turns":2.0},{"damage":35.0,"enemies":"3 Sentries","floor":7.0,"turns":8.0},{"damage":8.0,"enemies":"Large Slime","floor":8.0,"turns":7.0},{"damage":0.0,"enemies":"Looter","floor":10.0,"turns":1.0},{"damage":0.0,"enemies":"Exordium Wildlife","floor":11.0,"turns":4.0},{"damage":0.0,"enemies":"Red Slaver","floor":14.0,"turns":1.0},{"damage":0.0,"enemies":"Slime Boss","floor":16.0,"turns":3.0},{"damage":4.0,"enemies":"3 Byrds","floor":18.0,"turns":4.0},{"damage":0.0,"enemies":"Chosen","floor":20.0,"turns":2.0},{"damage":11.0,"enemies":"Shelled Parasite and Fungi","floor":22.0,"turns":4.0},{"damage":26.0,"enemies":"Cultist and Chosen","floor":23.0,"turns":6.0},{"damage":4,"enemies":"Gremlin Leader","floor":27,"turns":4},{"damage":11,"enemies":"Centurion and Healer","floor":29,"turns":6},{"damage":25,"enemies":"Slavers","floor":30,"turns":4},{"damage":54,"enemies":"Automaton","floor":33,"turns":6}],"seed_played":"-2046462334700480077","potions_obtained":[{"floor":1.0,"key":"Explosive Potion"},{"floor":2.0,"key":"Languid Potion"},{"floor":3.0,"key":"SteroidPotion"},{"floor":5.0,"key":"LiquidMemories"},{"floor":8.0,"key":"SteroidPotion"},{"floor":15.0,"key":"Strength Potion"},{"floor":16.0,"key":"Reflective Coating"},{"floor":18.0,"key":"Energy Potion"},{"floor":23.0,"key":"PowerPotion"},{"floor":24.0,"key":"BlessingOfTheForge"},{"floor":27,"key":"GamblersBrew"},{"floor":30,"key":"Strength Potion"},{"floor":32,"key":"Ancient Potion"}],"is_trial":false,"path_per_floor":["M","M","?","?","M","M","E","M","T","M","M","$","?","M","R","B",null,"M","?","M","?","M","M","R","$","T","E","$","M","E","$","R","B"],"character_chosen":"THE_SILENT","items_purchased":["Block Potion","Reflective Coating","Orichalcum","Replay:Bottled Eggs","PowerPotion","ColorlessPotion","Toolbox"],"campfire_rested":0,"item_purchase_floors":[12,12,12,28,28,28,31],"current_hp_per_floor":[66,66,66,66,66,57,22,14,14,14,14,29,29,29,29,29,68,64,64,64,64,53,27,27,42,42,38,53,42,17,32,32,0,0],"gold":1,"neow_bonus":"THREE_CARDS","is_daily":false,"chose_seed":false,"campfire_upgraded":0,"win_rate":0.0,"timestamp":1613231153,"path_taken":["M","?","?","?","M","M","E","?","T","M","?","$","?","?","R","BOSS","M","?","M","?","?","M","R","?","T","E","$","M","E","$","R","BOSS"],"items_purchased_type":["Potion","Potion","Relic","Relic","Potion","Potion","Relic"],"build_version":"2020-12-22","purchased_purges":1,"victory":false,"max_hp_per_floor":[70,70,70,70,70,70,70,70,70,70,70,70,70,68,68,68,68,68,68,68,68,66,66,66,66,66,64,64,64,64,64,64,64,64],"card_choices":[{"not_picked":["Quick Slash","ReplayTheSpireMod:Tripwire"],"picked":"Dagger Spray","floor":0.0},{"not_picked":["Quick Slash","Poisoned Stab"],"picked":"Backstab","floor":1.0},{"not_picked":["ReplayTheSpireMod:Tripwire","Backflip"],"picked":"Sneak Up","floor":2.0},{"not_picked":["Dagger Throw","Riddle With Holes"],"picked":"Outmaneuver","floor":5.0},{"not_picked":["Escape Plan","Poisoned Stab"],"picked":"Slice","floor":6.0},{"not_picked":["Deadly Poison","Sneak Up"],"picked":"Outmaneuver","floor":7.0},{"not_picked":["Atom Bomb","Deadly Poison"],"picked":"Underhanded Strike","floor":8.0},{"not_picked":["Deflect","Flying Knee"],"picked":"Backstab","floor":10.0},{"not_picked":["PiercingWail","Footwork"],"picked":"Slice","floor":11.0},{"not_picked":["Slice","Poison Darts"],"picked":"Masterful Stab","floor":14.0},{"not_picked":["Unload","Corpse Explosion"],"picked":"Replay:Bag of Tricks","floor":16.0},{"not_picked":["Bane","ReplayTheSpireMod:The Works+1"],"picked":"Blade Dance+1","floor":18.0},{"not_picked":["Predator","Poisoned Stab"],"picked":"ReplayTheSpireMod:Shiv Toss","floor":20.0},{"not_picked":["ReplayTheSpireMod:The Works","Sucker Punch","ReplayTheSpireMod:Speed Training"],"picked":"SKIP","floor":22.0},{"not_picked":["Dagger Throw","Deadly Poison"],"picked":"Skewer+1","floor":23.0},{"not_picked":["Eviscerate","Crippling Poison"],"picked":"Noxious Fumes+1","floor":27},{"not_picked":["Terror+1","Deadly Poison"],"picked":"Dagger Spray","floor":29},{"not_picked":["Flechettes","Glass Knife"],"picked":"Riddle With Holes+1","floor":30}],"player_experience":60253,"relics_obtained":[{"floor":3.0,"key":"ReplayTheSpireMod:Ring of Collecting"},{"floor":3.0,"key":"ReplayTheSpireMod:Ring of Addiction"},{"floor":3.0,"key":"Chameleon Ring"},{"floor":3.0,"key":"SacredBark"},{"floor":7.0,"key":"Mirror"},{"floor":9.0,"key":"Ring of Greed"},{"floor":9.0,"key":"Bag of Marbles"},{"floor":9.0,"key":"MealTicket"},{"floor":9.0,"key":"Golden Egg"},{"floor":26,"key":"Ring of Fangs"},{"floor":26,"key":"Pet Ghost"},{"floor":27,"key":"Replay:Wax Seal"},{"floor":30,"key":"Mummified Hand"}],"event_choices":[{"cards_removed":["Spreading Infection"],"damage_healed":0.0,"max_hp_gain":0.0,"max_hp_loss":0.0,"gold_gain":0.0,"event_name":"Purifier","player_choice":"Purged","floor":4.0,"gold_loss":0.0,"damage_taken":0.0},{"damage_healed":0.0,"max_hp_gain":0.0,"max_hp_loss":0.0,"gold_gain":0.0,"cards_transformed":["Defend_G"],"event_name":"Transmorgrifier","player_choice":"Transformed","floor":13.0,"gold_loss":0.0,"damage_taken":0.0,"cards_obtained":["Die Die Die"]},{"damage_healed":0.0,"max_hp_gain":0.0,"max_hp_loss":0.0,"gold_gain":0.0,"event_name":"The Mausoleum","player_choice":"Opened","floor":19.0,"gold_loss":0.0,"damage_taken":0.0,"relics_obtained":["ReplayTheSpireMod:TigerMarble"]},{"damage_healed":0.0,"max_hp_gain":0.0,"max_hp_loss":0.0,"gold_gain":0.0,"event_name":"Designer","player_choice":"Upgrade","floor":21.0,"gold_loss":40.0,"damage_taken":0.0,"cards_upgraded":["ReplayTheSpireMod:Shiv Toss"]}],"is_beta":false,"boss_relics":[{"not_picked":["Busted Crown","ChewingGum"],"picked":"HoveringKite"}],"items_purged_floors":[25],"is_endless":false,"potions_floor_spawned":[1,2,5,8,16,18,23,27,30],"killed_by":"Automaton","ascension_level":0}}