{"host":"wigzp3lx6ef0oefy","time":1613240912,"event":{"mods":["AchievementEnabler","BaseMod","Card Forge","Colored Map","Colored Powertips","GifTheSpireLib","HexUI Lib","Highlight Path","Minty Spire (QoL Compilation)","Permanent Neow","Quick Restart","Shop Mod","StSLib","Weighted Paths"],"gold_per_floor":[117,67,67,13,13,45,45,77,104,124,124,135,154,2,2,102,102,114,130,45,45,45,74,74,74],"floor_reached":24,"language":"ENG","playtime":781,"items_purged":[],"score":272,"play_id":"d915706c-3505-4d76-b68d-27b20f0cb815","local_time":"20210213182832","is_ascension_mode":false,"campfire_choices":[{"data":"Barrage","floor":7,"key":"SMITH"},{"floor":15,"key":"REST"}],"circlet_count":0,"master_deck":["Strike_B","Strike_B","Strike_B","Defend_B","Defend_B","Defend_B","Defend_B","Zap+1","Dualcast+1","Ball Lightning+1","Barrage+1","Static Discharge","Loop","Redo","Darkness","Electrodynamics","Tempest","Thunder Strike","Coolheaded","Fission","Coolheaded","Beam Cell","Fusion"],"relics":["Cracked Core","Hammer of Thor","Seething Fire","Anvil of the Gods","NeowsBlessing","Anchor","Tiny Chest","Ancient Tea Set","Gambling Chip","Dream Catcher","Inserter","Kunai","Matryoshka","WarpedTongs","HornCleat"],"acts_visited":["Exordium","TheCity"],"potions_floor_usage":[18,23,23],"damage_taken":[{"damage":0,"enemies":"2 Louse","floor":1,"turns":1},{"damage":0,"enemies":"Lagavulin","floor":6,"turns":1},{"damage":0,"enemies":"Gremlin Nob","floor":8,"turns":1},{"damage":0,"enemies":"Small Slimes","floor":10,"turns":3},{"damage":0,"enemies":"Cultist","floor":12,"turns":2},{"damage":0,"enemies":"Large Slime","floor":13,"turns":4},{"damage":11,"enemies":"Slime Boss","floor":16,"turns":5},{"damage":25,"enemies":"3 Byrds","floor":18,"turns":3},{"damage":29,"enemies":"Shell Parasite","floor":19,"turns":5},{"damage":15,"enemies":"Gremlin Leader","floor":23,"turns":4},{"damage":12,"enemies":"Centurion and Healer","floor":24,"turns":4}],"seed_played":"-5271044083167826440","potions_obtained":[{"floor":10,"key":"Ancient Potion"},{"floor":13,"key":"SpeedPotion"},{"floor":16,"key":"PowerPotion"},{"floor":19,"key":"SpeedPotion"}],"is_trial":false,"path_per_floor":["M","?","?","$","?","E","R","E","T","M","?","M","M","$","R","B",null,"M","M","?","T","?","E","M"],"character_chosen":"DEFECT","items_purchased":["Barrage","Dream Catcher"],"campfire_rested":1,"item_purchase_floors":[4,14],"current_hp_per_floor":[75,75,60,60,60,60,60,60,60,60,60,60,60,60,75,64,75,50,21,21,21,21,6,0,0],"gold":74,"neow_bonus":"THREE_ENEMY_KILL","is_daily":false,"chose_seed":false,"campfire_upgraded":1,"win_rate":0.0,"timestamp":1613240912,"path_taken":["M","?","?","$","?","E","R","E","T","M","?","M","M","?","R","BOSS","M","M","?","?","?","E","M"],"items_purchased_type":["Card","Relic"],"build_version":"2020-12-22","purchased_purges":0,"victory":false,"max_hp_per_floor":[75,75,75,75,75,75,75,75,75,75,75,75,75,75,75,75,75,75,75,75,75,75,75,75,75],"card_choices":[{"not_picked":["Compile Driver","Sweeping Beam"],"picked":"Ball Lightning","floor":1},{"not_picked":["Steam","Rebound","Barrage"],"picked":"SKIP","floor":6},{"not_picked":["Machine Learning","Undo"],"picked":"Static Discharge","floor":8},{"not_picked":["Rebound","Gash"],"picked":"Loop","floor":10},{"not_picked":["Barrage","Tempest","Leap"],"picked":"SKIP","floor":12},{"not_picked":["Go for the Eyes","Loop"],"picked":"Redo","floor":13},{"not_picked":["Hologram","Gash"],"picked":"Coolheaded","floor":15},{"not_picked":["Thunder Strike","All For One"],"picked":"Fission","floor":16},{"not_picked":["Gash","Scrape"],"picked":"Coolheaded","floor":18},{"not_picked":["Blizzard","Gash"],"picked":"Beam Cell","floor":19},{"not_picked":["Streamline","Chill+1"],"picked":"Fusion","floor":23}],"player_experience":58645,"relics_obtained":[{"floor":6,"key":"Anchor"},{"floor":8,"key":"Tiny Chest"},{"floor":9,"key":"Ancient Tea Set"},{"floor":21,"key":"Matryoshka"},{"floor":23,"key":"HornCleat"}],"event_choices":[{"cards_removed":["Strike_B"],"damage_healed":0,"gold_gain":0,"player_choice":"Card Removal","damage_taken":0,"max_hp_gain":0,"max_hp_loss":0,"event_name":"The Cleric","floor":2,"gold_loss":50},{"damage_healed":0,"gold_gain":0,"player_choice":"Entered Light","damage_taken":15,"max_hp_gain":0,"max_hp_loss":0,"event_name":"Shining Light","floor":3,"gold_loss":0,"cards_upgraded":["Dualcast","Zap"]},{"damage_healed":0,"gold_gain":0,"player_choice":"Grow","damage_taken":0,"max_hp_gain":0,"max_hp_loss":0,"event_name":"Living Wall","floor":5,"gold_loss":0,"cards_upgraded":["Ball Lightning"]},{"damage_healed":0,"gold_gain":0,"player_choice":"Box","damage_taken":0,"relics_obtained":["Gambling Chip"],"max_hp_gain":0,"max_hp_loss":0,"event_name":"Big Fish","floor":11,"gold_loss":0,"cards_obtained":["Regret"]},{"damage_healed":0,"gold_gain":0,"player_choice":"Obtained Relic","damage_taken":0,"relics_obtained":["Kunai"],"max_hp_gain":0,"max_hp_loss":0,"event_name":"Addict","floor":20,"gold_loss":85},{"damage_healed":0,"gold_gain":0,"player_choice":"Rummage","damage_taken":0,"relics_obtained":["WarpedTongs"],"max_hp_gain":0,"max_hp_loss":0,"event_name":"Accursed Blacksmith","floor":22,"gold_loss":0,"cards_obtained":["Pain"]}],"is_beta":false,"boss_relics":[{"not_picked":["Coffee Dripper","SacredBark"],"picked":"Inserter"}],"items_purged_floors":[],"is_endless":false,"potions_floor_spawned":[10,13,16,19],"killed_by":"Centurion and Healer","ascension_level":0}}