{"host":"snn1c4qsf0fj7fzf","time":1613234476,"event":{"mods":["AchievementEnabler","Act Like it!","Aspiration","Astrologer","BaseMod","Colored Powertips","Downfall","Gensokyo","Hermit","Infinite Spire","Lobotomy","Minty Spire (QoL Compilation)","Random Character Button","Rare Cards Sparkle","Reimu??????","Reliquary","Replay The Spire","Shop Mod","Spire Arcade","StSLib","The Administrix","The Cursed","The Gatherer","The Hierophant","The Poker Player","The Runesmith"],"gold_per_floor":[118,71,71,71,84,84,116,634,634,634,634,164,191,191,191,292,292,308,14,14,33,48,83,8,38,86,186,186,204,215,232,232,328,328,338,338,338,338,338,338,370,370,370,385,413,435,469,488,488,498],"floor_reached":51,"language":"ENG","playtime":2373,"items_purged":["Injury","Strike_P","Strike_P"],"score":1081,"play_id":"8c46d017-7366-4e90-a8d5-3883f290c545","local_time":"20210214004116","is_ascension_mode":false,"campfire_choices":[{"data":"Phantasmal Killer","floor":6,"key":"SMITH"},{"data":"TalkToTheHand","floor":10,"key":"SMITH"},{"data":"Blade Dance","floor":15,"key":"SMITH"},{"data":"1","floor":32,"key":"LIFT"},{"data":"2","floor":40,"key":"LIFT"},{"data":"3","floor":42,"key":"LIFT"},{"data":"Devotion","floor":49,"key":"SMITH"}],"circlet_count":0,"master_deck":["Eruption+1","Vigilance","Halt+1","Phantasmal Killer+1","Blade Dance+1","TalkToTheHand+1","Flash of Steel","ReachHeaven","Brilliance","Pray+1","Prostrate","Devotion+1","CarveReality+1","Halt+1","Brilliance","Consecrate+1","Trip","Die Die Die","Prepared","m_BronzeAgony"],"relics":["Ring of Chaos","Blood Vial","Replay:Bottled Flurry","Question Card","Guide Book","MealTicket","Garlic","Black Star","ReplayTheSpireMod:Lightbulb","reliquary:BoilingFlask","reliquary:Knoch","aspiration:TomeofQuesting","War Paint","Girya","Sundial","Blue Candle","SacredBark","Lizard Tail","bronze:MakeshiftBattery","Singing Bowl","infinitespire:Midas Blood","Snack Pack","infinitespire:FocusingShard","reliquary:NewFriend","Thread and Needle","Pear"],"acts_visited":["Gensokyo:Gensokyo","TheCity","TheBeyond"],"potions_floor_usage":[5,16,27,27,50,50,50],"damage_taken":[{"damage":0,"enemies":"Gensokyo:Python","floor":1,"turns":4},{"damage":1,"enemies":"Gensokyo:2_Kodama","floor":5,"turns":2},{"damage":0,"enemies":"Gensokyo:Mamizou","floor":7,"turns":6},{"damage":13,"enemies":"Gensokyo:Gryphon","floor":8,"turns":5},{"damage":0,"enemies":"Gensokyo:Aya","floor":13,"turns":2},{"damage":0,"enemies":"Gensokyo:Kokoro","floor":16,"turns":6},{"damage":0,"enemies":"Shell Parasite","floor":18,"turns":3},{"damage":0,"enemies":"3 Byrds","floor":21,"turns":3},{"damage":3,"enemies":"Cultist and Chosen","floor":22,"turns":3},{"damage":1,"enemies":"Book of Stabbing","floor":23,"turns":4},{"damage":0,"enemies":"Replay:Snechameleon","floor":25,"turns":5},{"damage":10,"enemies":"Colosseum Slavers","floor":27,"turns":3},{"damage":11,"enemies":"Colosseum Nobs","floor":27,"turns":4},{"damage":0,"enemies":"3 Cultists","floor":29,"turns":3},{"damage":12,"enemies":"Snecko","floor":30,"turns":5},{"damage":6,"enemies":"Snake Plant","floor":31,"turns":2},{"damage":13,"enemies":"Collector","floor":33,"turns":6},{"damage":0,"enemies":"Orb Walker","floor":35,"turns":3},{"damage":0,"enemies":"R_Hoarder","floor":41,"turns":2},{"damage":0,"enemies":"3 Shapes","floor":44,"turns":3},{"damage":14,"enemies":"Giant Head","floor":45,"turns":4},{"damage":6,"enemies":"Jaw Worm Horde","floor":46,"turns":2},{"damage":9,"enemies":"Nemesis","floor":47,"turns":3},{"damage":0,"enemies":"Spire Growth","floor":48,"turns":2},{"damage":33,"enemies":"Donu and Deca","floor":50,"turns":5},{"damage":117,"enemies":"Malkuth","floor":51,"turns":6},{"damage":81,"enemies":"Hod","floor":51,"turns":8}],"seed_played":"4778704764332739802","potions_obtained":[{"floor":1,"key":"AttackPotion"},{"floor":8,"key":"bronze:BurnAndBuffPotion"},{"floor":13,"key":"SkillPotion"},{"floor":22,"key":"Regen Potion"},{"floor":30,"key":"sneckomod:MuddlingPotion"},{"floor":31,"key":"Fruit Juice"},{"floor":46,"key":"ZuzhouPotion:ReiMu"},{"floor":47,"key":"Regen Potion"},{"floor":48,"key":"Adrenaline Potion"}],"is_trial":false,"path_per_floor":["M","COS","?","?","M","R","E","M","T","R","?","$","E","?","R","B",null,"M","$","?","M","M","E","?","E","T","?","T","M","M","M","R","B",null,"M","?","AVR","?","?","R","E","R","T","M","E","M","E","M","R","B",null],"character_chosen":"WATCHER","items_purchased":["Guide Book","MealTicket","Flash of Steel","ReplayTheSpireMod:Lightbulb"],"campfire_rested":0,"item_purchase_floors":[12,12,12,19],"current_hp_per_floor":[72,72,72,72,71,71,72,59,59,59,59,59,61,61,61,63,72,72,72,72,72,69,70,70,72,72,65,65,67,57,53,53,42,72,72,72,72,68,68,68,70,70,70,72,62,62,75,85,85,84],"gold":536,"neow_bonus":"BOSS_RELIC","is_daily":false,"chose_seed":false,"campfire_upgraded":4,"win_rate":0.0,"timestamp":1613234476,"path_taken":["M","COS","?","?","M","R","E","?","T","R","?","$","E","?","R","BOSS","M","$","?","M","M","E","?","E","T","?","?","?","M","M","R","BOSS","M","?","AVR","?","?","R","E","R","T","M","E","?","E","M","R","BOSS"],"items_purchased_type":["Relic","Relic","Card","Relic"],"build_version":"2020-12-22","purchased_purges":3,"victory":true,"max_hp_per_floor":[72,72,72,72,72,72,72,72,72,72,72,72,72,72,72,72,72,72,72,72,72,72,72,72,72,72,72,72,72,72,72,72,72,72,72,72,72,68,68,68,70,70,70,72,74,76,90,92,92,102],"card_choices":[{"not_picked":["JustLucky","EmptyFist"],"picked":"Halt","floor":1},{"not_picked":["SashWhip","CrushJoints","FollowUp"],"picked":"SKIP","floor":5},{"not_picked":["TalkToTheHand","CrushJoints","FollowUp"],"picked":"SKIP","floor":7},{"not_picked":["ThirdEye","WreathOfFlame"],"picked":"TalkToTheHand","floor":8},{"not_picked":["EmptyFist","Replay:BluntJabs","Indignation"],"picked":"ReachHeaven","floor":13},{"not_picked":["MasterReality","Replay:AllIn","Establishment"],"picked":"Brilliance","floor":16},{"not_picked":["Replay:Cycle","BowlingBash+1","EmptyBody+1"],"picked":"Pray","floor":18},{"not_picked":["Swivel","Consecrate","EmptyBody"],"picked":"Prostrate","floor":21},{"not_picked":["BowlingBash","Replay:Vibes","JustLucky+1"],"picked":"Devotion","floor":22},{"not_picked":["InnerPeace","BattleHymn","Replay:ManipulateFuture","Replay:Vibes"],"picked":"SKIP","floor":23},{"not_picked":["WaveOfTheHand+1","Nirvana+1","Collect"],"picked":"CarveReality+1","floor":25},{"not_picked":["CarveReality","Indignation","Adaptation+1"],"picked":"Halt+1","floor":29},{"not_picked":["Replay:BluntJabs","BattleHymn","SashWhip","FollowUp"],"picked":"SKIP","floor":30},{"not_picked":["Replay:DivineShield","ThirdEye","Perseverance","LikeWater"],"picked":"SKIP","floor":31},{"not_picked":["MasterReality","Judgement","LessonLearned"],"picked":"Brilliance","floor":33},{"not_picked":["BattleHymn+1","Fasting2+1","ReachHeaven"],"picked":"Consecrate+1","floor":35},{"not_picked":["Dramatic Entrance","ReplayTheSpireMod:Uncanny Aura","Forethought"],"picked":"Trip","floor":36},{"not_picked":["Protect+1","Wallop+1","BowlingBash+1","DeceiveReality+1"],"picked":"Singing Bowl","floor":41},{"not_picked":["Adaptation+1","WaveOfTheHand+1","Replay:Hum","LikeWater+1"],"picked":"Singing Bowl","floor":44},{"not_picked":["SashWhip+1","Replay:Vibes","FlurryOfBlows","Replay:ManipulateFuture+1"],"picked":"Singing Bowl","floor":45},{"not_picked":["EmptyBody+1","ClearTheMind+1","CutThroughFate","SashWhip"],"picked":"Singing Bowl","floor":46},{"not_picked":["CarveReality","Pray+1","WindmillStrike","EmptyFist+1"],"picked":"Singing Bowl","floor":47},{"not_picked":["Replay:AtTheReady","SandsOfTime+1","BowlingBash","CrushJoints"],"picked":"Singing Bowl","floor":48}],"player_experience":392131,"relics_obtained":[{"floor":7,"key":"Replay:Bottled Flurry"},{"floor":9,"key":"Question Card"},{"floor":13,"key":"Garlic"},{"floor":23,"key":"reliquary:BoilingFlask"},{"floor":23,"key":"reliquary:Knoch"},{"floor":25,"key":"aspiration:TomeofQuesting"},{"floor":25,"key":"War Paint"},{"floor":27,"key":"Girya"},{"floor":27,"key":"Sundial"},{"floor":28,"key":"Blue Candle"},{"floor":41,"key":"Singing Bowl"},{"floor":41,"key":"infinitespire:Midas Blood"},{"floor":43,"key":"Snack Pack"},{"floor":45,"key":"infinitespire:FocusingShard"},{"floor":45,"key":"reliquary:NewFriend"},{"floor":47,"key":"Thread and Needle"},{"floor":47,"key":"Pear"}],"event_choices":[{"cards_removed":["Defend_P"],"damage_healed":0,"gold_gain":0,"player_choice":"Gave Gold","damage_taken":0,"max_hp_gain":0,"max_hp_loss":0,"event_name":"Beggar","floor":24,"gold_loss":75},{"damage_healed":0,"gold_gain":0,"player_choice":"Fight","damage_taken":0,"max_hp_gain":0,"max_hp_loss":0,"event_name":"Colosseum","floor":27,"gold_loss":0},{"damage_healed":0,"gold_gain":0,"player_choice":"Fought Nobs","damage_taken":0,"max_hp_gain":0,"max_hp_loss":0,"event_name":"Colosseum","floor":27,"gold_loss":0},{"damage_healed":0,"gold_gain":0,"player_choice":"Memory 1","damage_taken":0,"max_hp_gain":0,"max_hp_loss":0,"event_name":"SensoryStone","floor":36,"gold_loss":0},{"damage_healed":0,"gold_gain":0,"player_choice":"Max HP","damage_taken":0,"max_hp_gain":0,"max_hp_loss":4,"event_name":"Winding Halls","floor":38,"gold_loss":0}],"is_beta":false,"boss_relics":[{"not_picked":["infinitespire:Cupcake","Painkiller Herb"],"picked":"Black Star"},{"not_picked":["Kintsugi","Fusion Hammer"],"picked":"SacredBark"}],"items_purged_floors":[12,19,37],"is_endless":false,"potions_floor_spawned":[1,8,13,22,27,30,31,46,47,48],"ascension_level":0}}