{"host":"lyo9h96uobfb5wm4","time":1613188745,"event":{"mods":["Aspiration","BaseMod","Beaked The Cultist","Colored Powertips","Conspire","DeckTracker","Downfall","Googly Eyes","Highlight Path","Minty Spire (QoL Compilation)","Quick Restart","StSLib","SuperFastMode","The Mystic"],"gold_per_floor":[99,114,114,128,38,50,120,151,51,64,64,76,91,166,185,185,185,185],"floor_reached":16,"language":"ENG","playtime":1163,"items_purged":["Pain"],"score":129,"play_id":"e357ee02-1b6c-4bfd-92f2-7a3649c063d5","local_time":"20210212215905","is_ascension_mode":false,"campfire_choices":[{"floor":1,"key":"RECALL"},{"floor":9,"key":"REST"}],"circlet_count":0,"master_deck":["Guardian:Strike_Guardian","Guardian:Strike_Guardian","Guardian:Strike_Guardian","Guardian:Strike_Guardian","Guardian:Defend_Guardian","Guardian:Defend_Guardian","Guardian:Defend_Guardian","Guardian:Defend_Guardian","Guardian:CurlUp","Guardian:TwinSlam","Guardian:GuardianWhirl","Guardian:TimeBomb","Guardian:DecasProtection","Guardian:Harden","Guardian:ShieldCharger","Guardian:Gem_Blue","Guardian:Gem_Cyan","Guardian:Gem_Fragmented"],"relics":["Guardian:ModeShifter","WarpedTongs","Blood Vial","downfall:HeartBlessingBlue","Pantograph"],"acts_visited":["Exordium"],"potions_floor_usage":[16,16],"damage_taken":[{"damage":2,"enemies":"2 Louse","floor":2,"turns":4},{"damage":11,"enemies":"conspire:RoseBush","floor":4,"turns":2},{"damage":6,"enemies":"downfall:FleeingMerchant","floor":5,"turns":4},{"damage":6,"enemies":"Cultist","floor":6,"turns":5},{"damage":42,"enemies":"Lagavulin","floor":8,"turns":8},{"damage":11,"enemies":"Lots of Slimes","floor":10,"turns":5},{"damage":16,"enemies":"Exordium Wildlife","floor":12,"turns":4},{"damage":8,"enemies":"Red Slaver","floor":13,"turns":5},{"damage":22,"enemies":"Exordium Thugs","floor":15,"turns":8},{"damage":41,"enemies":"WA_ARCHETYPE_RETAIN","floor":16,"turns":13}],"seed_played":"-8678710967688697715","potions_obtained":[{"floor":10,"key":"DuplicationPotion"},{"floor":11,"key":"Swift Potion"},{"floor":11,"key":"BlessingOfTheForge"}],"is_trial":false,"path_per_floor":["R","M","?","M","$","M","T","E","R","M","?","M","M","T","M","B"],"character_chosen":"GUARDIAN","items_purchased":[],"campfire_rested":1,"item_purchase_floors":[],"current_hp_per_floor":[88,86,86,75,69,63,63,21,60,51,51,37,31,31,11,0,0,0],"gold":185,"neow_bonus":"TEN_PERCENT_HP_BONUS","is_daily":false,"chose_seed":false,"campfire_upgraded":0,"win_rate":0.0,"timestamp":1613188745,"path_taken":["R","M","?","?","?","M","T","E","R","?","?","?","M","?","M","BOSS"],"items_purchased_type":[],"build_version":"2020-12-22","purchased_purges":1,"victory":false,"max_hp_per_floor":[88,88,88,88,88,88,88,88,98,98,98,98,98,98,98,98,98,98],"card_choices":[{"not_picked":["Guardian:Incinerate","Guardian:PrismaticBeam"],"picked":"Guardian:GuardianWhirl","floor":2},{"not_picked":["Guardian:Suspension","Guardian:Planning"],"picked":"Guardian:TimeBomb","floor":4},{"not_picked":["Guardian:WalkerClaw","Guardian:TemporalStrike"],"picked":"Guardian:Gem_White","floor":5},{"not_picked":["Guardian:CrystalBeam","Guardian:WalkerClaw"],"picked":"Guardian:DecasProtection","floor":6},{"not_picked":["Guardian:BronzeOrb","Guardian:TemporalStrike"],"picked":"Guardian:Harden","floor":8},{"not_picked":["Guardian:PiercingHide","Guardian:Clone"],"picked":"Guardian:ShieldCharger","floor":10},{"not_picked":["Guardian:Clone","Guardian:Gem_Yellow"],"picked":"Guardian:Gem_Blue","floor":12},{"not_picked":["Guardian:GuardianWhirl","Guardian:Planning"],"picked":"Guardian:Gem_Cyan","floor":13},{"not_picked":["Guardian:PiercingHide","Guardian:EvasiveProtocol"],"picked":"Guardian:Gem_Fragmented","floor":15}],"player_experience":9091,"relics_obtained":[{"floor":8,"key":"Blood Vial"},{"floor":14,"key":"Pantograph"}],"event_choices":[{"damage_healed":0,"gold_gain":0,"player_choice":"Got Potions","damage_taken":0,"max_hp_gain":0,"max_hp_loss":0,"event_name":"Lab","floor":11,"gold_loss":0}],"is_beta":false,"boss_relics":[],"items_purged_floors":[5],"is_endless":false,"potions_floor_spawned":[10,12,13],"killed_by":"WA_ARCHETYPE_RETAIN","ascension_level":0}}