{"host":"njruw0b0uprlitpx","time":1613199300,"event":{"mods":["2.2 Compatiblity","Act Like it!","Aspiration","Bartender","BaseMod","Better Altar","Better Match","Better Note","Better Sensory Stone","Better Skull","Better Third Choice","BetterRewards","Block Reminder","Colored Map","Colored Powertips","Curses Come First","Energized Spire","Hallownest","Jedi Mod","Keyboard Shortcuts","Minty Spire (QoL Compilation)","Quick Restart","Rare Cards Sparkle","Relic Stats","Replay The Spire","SacredBarkPlus","Spicy Shops","StSLib","SuperFastMode","The Blackbeard","The Mystic"],"gold_per_floor":[136,136,187,187,29,83,2,2,2,2,63,101,101,126,126,241,241,300,300,374,374,374,430,4,90,90,190,259,329,390,390,454,454,454,630,630,690,713,772,772,772,772,881,952,952,1036,1132,664,792,364,364,364,364],"floor_reached":54,"language":"ENG","playtime":2152,"items_purged":["Defend_Bartender","Defend_Bartender","ReplayTheSpireMod:Splinters","Injury","ReplayTheSpireMod:Doomed","Hallownest:curseDreamersLament","Replay:Hysterical Blindness"],"score":3127,"play_id":"87ada699-e9c6-4088-a151-473843a1806c","local_time":"20210213005500","is_ascension_mode":true,"campfire_choices":[{"data":"Momentum","floor":8,"key":"SMITH"},{"data":"Alacrity","floor":10,"key":"SMITH"},{"data":"OpoOpo_Form","floor":15,"key":"SMITH"},{"floor":26,"key":"REST"},{"data":"Dolphin_Blow","floor":31,"key":"SMITH"},{"data":"High_Tide","floor":33,"key":"SMITH"},{"data":"Cold_Blooded","floor":34,"key":"SMITH"},{"data":"Alacrity","floor":42,"key":"SMITH"},{"data":"Breathe_Deep","floor":51,"key":"SMITH"}],"circlet_count":0,"master_deck":["AscendersBane","Strike_Bartender","Strike_Bartender+1","Strike_Bartender","Strike_Bartender","Defend_Bartender","Defend_Bartender","Somersault","Momentum+1","Wall_of_Ice","Raptor_Form+1","Waterkick","Perfect_Balance","Alacrity+1","Power_Up_Punch","Insight_B","Hook+1","Windup","Ripple","Hook","OpoOpo_Form+1","Dolphin_Blow+1","Cross","Discovery","Bitters","Cold_Blooded+1","Cold_Blooded","Meteodrive","Greased_Lightning","Alacrity+1","Scowl","High_Tide+1","Wall_of_Ice","Combo_Master","Insight_B+1","Alacrity+1","Patience","Power_Up_Punch+1","Breathe_Deep+1","Power_Up_Punch+1","Wall_of_Ice","Stick_and_Move","jedi:forcepull","Metamorphosis","Perfect_Balance","Perfect_Balance"],"relics":["Sneakers","jedi:Pinwheel","Replay:Kaleidoscope","Potion Belt","Lee\u0027s Waffle","BargainBundle","Replay:Bandana","Ginger","Question Card","ReplayTheSpireMod:CursedCoin","Orrery","Golden Idol","aspiration:Lifesprig","Pet Ghost","Protect_Vest","jedi:arcanewood","Strawberry","Cursed Key","DollysMirror","Orichalcum","Bird Faced Urn","Bottled Flame","aspiration:SeaSaltIceCream","Membership Card","ChewingGum","Lantern","Whetstone","Blue Candle","Pocketwatch","Ornamental Fan","Anchor","Happy Flower","Cauldron","jedi:ominousloannote","Pondfish Scales","StrikeDummy","HandDrill"],"acts_visited":["Exordium","TheCity","TheBeyond"],"potions_floor_usage":[12,25,25,27,35,44,52,53,53,53],"damage_taken":[{"damage":10,"enemies":"Jaw Worm","floor":1,"turns":4},{"damage":13,"enemies":"Small Slimes","floor":3,"turns":3},{"damage":6,"enemies":"Lagavulin","floor":6,"turns":6},{"damage":0,"enemies":"Cultist","floor":11,"turns":3},{"damage":2,"enemies":"Lots of Slimes","floor":12,"turns":4},{"damage":26,"enemies":"Hexaghost","floor":16,"turns":7},{"damage":0,"enemies":"Spheric Guardian","floor":18,"turns":3},{"damage":6,"enemies":"2 Thieves","floor":20,"turns":3},{"damage":0,"enemies":"Snecko","floor":23,"turns":3},{"damage":19,"enemies":"Slavers","floor":25,"turns":3},{"damage":0,"enemies":"Gremlin Leader","floor":27,"turns":3},{"damage":4,"enemies":"Book of Stabbing","floor":29,"turns":4},{"damage":8,"enemies":"Centurion and Healer","floor":30,"turns":4},{"damage":0,"enemies":"Snake Plant","floor":32,"turns":3},{"damage":0,"enemies":"Automaton","floor":35,"turns":4},{"damage":15,"enemies":"3 Shapes","floor":37,"turns":3},{"damage":0,"enemies":"Orb Walker","floor":39,"turns":3},{"damage":0,"enemies":"Reptomancer","floor":43,"turns":3},{"damage":12,"enemies":"Jaw Worm Horde","floor":44,"turns":3},{"damage":6,"enemies":"3 Darklings","floor":46,"turns":3},{"damage":1,"enemies":"R_Hoarder","floor":47,"turns":4},{"damage":0,"enemies":"Donu and Deca","floor":52,"turns":4},{"damage":0,"enemies":"Time Eater","floor":53,"turns":4}],"seed_played":"-6547831757191524924","potions_obtained":[{"floor":1,"key":"Fire Potion"},{"floor":16,"key":"LiquidMemories"},{"floor":23,"key":"SkillPotion"},{"floor":25,"key":"ColorlessPotion"},{"floor":27,"key":"Dexterity Potion"},{"floor":29,"key":"PowerPotion"},{"floor":32,"key":"LifebloodPotion"},{"floor":35,"key":"Adrenaline Potion"},{"floor":43,"key":"AttackPotion"},{"floor":46,"key":"jedi:StrikingPotion"},{"floor":48,"key":"FairyPotion"}],"is_trial":false,"path_per_floor":["M","?","M","?","$","E","$","R","T","R","M","M","?","T","R","B",null,"M","?","M","PTL","PTL","M","$","E","R","E","T","E","M","R","M","R","R","B",null,"M","T","M","?","?","R","E","M","T","M","E","$","?","$","R","B","B",null],"character_chosen":"BARTENDER","items_purchased":["jedi:Pinwheel","Momentum","Potion Belt","Lee\u0027s Waffle","BargainBundle","Replay:Bandana","Ginger","Question Card","Wall_of_Ice","ReplayTheSpireMod:CursedCoin","Raptor_Form+1","Orrery","aspiration:Lifesprig","DuplicationPotion","DollysMirror","Meteodrive","Greased_Lightning","Ornamental Fan","Anchor","Happy Flower","Cauldron","jedi:ominousloannote","Pondfish Scales","StrikeDummy","HandDrill","jedi:forcepull","Metamorphosis","Perfect_Balance","FearPotion"],"campfire_rested":1,"item_purchase_floors":[0,0,0,0,0,0,0,0,0,0,0,0,5,7,24,24,24,48,48,48,48,50,50,50,50,50,50,50,50],"current_hp_per_floor":[62,62,49,72,72,66,66,66,66,66,66,64,59,66,66,40,69,69,69,63,63,63,63,63,44,67,67,67,73,71,71,79,79,79,79,79,64,64,74,74,74,74,79,69,69,71,79,79,79,79,79,79,79],"gold":364,"neow_bonus":"","is_daily":false,"chose_seed":false,"campfire_upgraded":8,"win_rate":0.0,"timestamp":1613199300,"path_taken":["M","?","M","?","?","E","$","R","T","R","M","M","?","?","R","BOSS","M","?","M","PTL","PTL","M","$","E","R","E","T","E","M","R","M","?","R","BOSS","M","?","M","?","?","R","E","M","T","?","E","$","?","$","R","BOSS","BOSS"],"items_purchased_type":["Relic","Card","Relic","Relic","Relic","Relic","Relic","Relic","Card","Relic","Card","Relic","Relic","Potion","Relic","Card","Card","Relic","Relic","Relic","Relic","Relic","Relic","Relic","Relic","Card","Card","Card","Potion"],"build_version":"2020-12-22","purchased_purges":7,"victory":true,"max_hp_per_floor":[72,72,72,72,72,72,72,72,72,72,72,72,72,79,79,79,79,79,79,79,79,79,79,79,79,79,79,79,79,79,79,79,79,79,79,79,79,79,79,79,79,79,79,79,79,79,79,79,79,79,79,79,79],"relic_stats":{"Lee\u0027s Waffle":13,"Happy Flower":[2],"counters":[144,446],"Golden Idol":197,"Blue Candle":[1],"Ginger":[7],"Whetstone":["Hook","Strike_Bartender"],"Orichalcum":[144],"Question Card":30,"Cursed Key":7,"Ornamental Fan":[140],"Bird Faced Urn":[58],"HandDrill":[6],"obtain_stats":[{"Golden Egg":0,"Replay:Accelerometer":9,"Whetstone":29,"Ginger":0,"jedi:shrinkray":45,"Blood Vial":29,"Replay:Ringing Soul":26,"jedi:firstaidkit":5,"Fusion Hammer":34,"Replay:Bottled Flurry":29,"HandDrill":50,"Replay:Wax Seal":0,"aspiration:StickyExplosives":7,"Sneakers":0,"Blue Candle":45,"Akabeko":45,"Bird Faced Urn":27,"Kintsugi":34,"StrikeDummy":50,"Unceasing Top":10,"aspiration:Lifesprig":0,"Regal Pillow":25,"Lantern":0,"Singing Bowl":6,"Blue Doll":9,"GremlinMask":19,"Replay:Multitool":0,"Bag of Preparation":47,"Cursed Key":17,"White_Cape":20,"Power_Wrist":0,"Hallownest:GodTamersBeastRelic":38,"Pet Ghost":43,"Cleaning_Rag":26,"Replay:Rubber Ducky":45,"Silver_Glasses":34,"aspiration:ChemicalBlood":9,"Potion Belt":12,"Lee\u0027s Waffle":0,"Golden Idol":5,"Circlet":45,"jedi:gremlinknob":43,"The Courier":20,"Omamori":21,"Protect_Vest":9,"jedi:crownofsimplicity":26,"Frozen Egg 2":9,"MawBank":23,"Busted Crown":17,"Ornamental Fan":3,"Orrery":8,"Garlic":20,"Bottled Lightning":36,"Toy Ornithopter":12,"Tiny House":34,"Calipers":41,"HornCleat":38,"jedi:paperlyon":17,"DollysMirror":47,"Strawberry":14,"Philosopher\u0027s Stone":17,"Prayer Wheel":3,"Toxic Egg 2":5,"Girya":0,"Happy Flower":48,"aspiration:Nostalgia":11,"ReplayTheSpireMod:CursedCoin":12,"Replay:Grab Bag":17,"Dead Branch":0,"Oddly Smooth Stone":13,"aspiration:SeaSaltIceCream":45,"Replay:Kaleidoscope":0,"Question Card":0,"OrangePellets":0,"jedi:heavyjacket":0,"Replay:Baseball":43,"Bottled Flame":28,"jedi:hotpepper":17,"Shuriken":0,"Onion Ring":27,"ReplayTheSpireMod:TigerMarble":24,"aspiration:HatOfInfinitePower":0,"ReplayTheSpireMod:DimensionalGlitch":34,"Mirror":39,"Pocketwatch":47,"Replay:PocketPolymizer":37,"Piano_Music":25,"Mango":29,"Sizzling Blood":11,"jedi:Pinwheel":0,"ClockworkSouvenir":45,"Replay:Bandana":0,"Chameleon Ring":11,"Replay:Bottled Snecko":26,"Cracked Core":0,"BargainBundle":0,"Guide Book":45,"Quantum Egg":0,"Orichalcum":8,"Odd Mushroom":14,"White Beast Statue":26,"jedi:fakemustache":13,"Cauldron":48,"Anchor":23,"CaptainsWheel":48,"Pondfish Scales":20,"jedi:kaleidoscope":37,"jedi:ominousloannote":5,"ChewingGum":36,"Bag of Marbles":48,"Membership Card":0,"Gem_Box":17,"PureWater":44,"jedi:arcanewood":28,"ReplayTheSpireMod:ShopPack":5},{"Golden Egg":97,"Replay:Accelerometer":102,"Whetstone":89,"Ginger":121,"jedi:shrinkray":69,"Blood Vial":35,"Replay:Ringing Soul":13,"jedi:firstaidkit":3,"Fusion Hammer":114,"Replay:Bottled Flurry":111,"HandDrill":142,"Replay:Wax Seal":97,"aspiration:StickyExplosives":25,"Sneakers":0,"Blue Candle":140,"Akabeko":118,"Bird Faced Urn":132,"Kintsugi":59,"StrikeDummy":142,"Unceasing Top":78,"aspiration:Lifesprig":21,"Regal Pillow":56,"Lantern":72,"Singing Bowl":100,"Blue Doll":25,"GremlinMask":32,"Replay:Multitool":21,"Bag of Preparation":96,"Cursed Key":9,"White_Cape":32,"Power_Wrist":44,"Hallownest:GodTamersBeastRelic":65,"Pet Ghost":68,"Cleaning_Rag":56,"Replay:Rubber Ducky":69,"Silver_Glasses":91,"aspiration:ChemicalBlood":77,"Potion Belt":6,"Lee\u0027s Waffle":121,"Golden Idol":76,"Circlet":69,"jedi:gremlinknob":94,"The Courier":107,"Omamori":53,"Protect_Vest":124,"jedi:crownofsimplicity":86,"Frozen Egg 2":5,"MawBank":86,"Busted Crown":106,"Ornamental Fan":99,"Orrery":25,"Garlic":53,"Bottled Lightning":92,"Toy Ornithopter":80,"Tiny House":36,"Calipers":39,"HornCleat":38,"jedi:paperlyon":82,"DollysMirror":96,"Strawberry":126,"Philosopher\u0027s Stone":51,"Prayer Wheel":99,"Toxic Egg 2":46,"Girya":44,"Happy Flower":142,"aspiration:Nostalgia":6,"ReplayTheSpireMod:CursedCoin":6,"Replay:Grab Bag":51,"Dead Branch":72,"Oddly Smooth Stone":29,"aspiration:SeaSaltIceCream":69,"Replay:Kaleidoscope":121,"Question Card":121,"OrangePellets":21,"jedi:heavyjacket":44,"Replay:Baseball":117,"Bottled Flame":132,"jedi:hotpepper":51,"Shuriken":97,"Onion Ring":87,"ReplayTheSpireMod:TigerMarble":34,"aspiration:HatOfInfinitePower":0,"ReplayTheSpireMod:DimensionalGlitch":17,"Mirror":38,"Pocketwatch":142,"Replay:PocketPolymizer":93,"Piano_Music":34,"Mango":15,"Sizzling Blood":6,"jedi:Pinwheel":121,"ClockworkSouvenir":69,"Replay:Bandana":121,"Chameleon Ring":27,"Replay:Bottled Snecko":34,"Cracked Core":97,"BargainBundle":44,"Guide Book":69,"Quantum Egg":72,"Orichalcum":5,"Odd Mushroom":105,"White Beast Statue":109,"jedi:fakemustache":80,"Cauldron":142,"Anchor":55,"CaptainsWheel":71,"Pondfish Scales":84,"jedi:kaleidoscope":38,"jedi:ominousloannote":3,"ChewingGum":136,"Bag of Marbles":43,"Membership Card":44,"Gem_Box":51,"PureWater":69,"jedi:arcanewood":34,"ReplayTheSpireMod:ShopPack":3},{"Golden Egg":299,"Replay:Accelerometer":311,"Whetstone":286,"Ginger":362,"jedi:shrinkray":233,"Blood Vial":108,"Replay:Ringing Soul":34,"jedi:firstaidkit":6,"Fusion Hammer":342,"Replay:Bottled Flurry":333,"HandDrill":438,"Replay:Wax Seal":299,"aspiration:StickyExplosives":67,"Sneakers":0,"Blue Candle":431,"Akabeko":353,"Bird Faced Urn":404,"Kintsugi":204,"StrikeDummy":438,"Unceasing Top":257,"aspiration:Lifesprig":57,"Regal Pillow":193,"Lantern":242,"Singing Bowl":307,"Blue Doll":67,"GremlinMask":97,"Replay:Multitool":57,"Bag of Preparation":298,"Cursed Key":21,"White_Cape":97,"Power_Wrist":140,"Hallownest:GodTamersBeastRelic":222,"Pet Ghost":230,"Cleaning_Rag":193,"Replay:Rubber Ducky":233,"Silver_Glasses":291,"aspiration:ChemicalBlood":255,"Potion Belt":14,"Lee\u0027s Waffle":362,"Golden Idol":251,"Circlet":233,"jedi:gremlinknob":295,"The Courier":325,"Omamori":179,"Protect_Vest":375,"jedi:crownofsimplicity":280,"Frozen Egg 2":11,"MawBank":280,"Busted Crown":323,"Ornamental Fan":303,"Orrery":67,"Garlic":179,"Bottled Lightning":292,"Toy Ornithopter":263,"Tiny House":113,"Calipers":124,"HornCleat":121,"jedi:paperlyon":270,"DollysMirror":298,"Strawberry":382,"Philosopher\u0027s Stone":170,"Prayer Wheel":303,"Toxic Egg 2":146,"Girya":140,"Happy Flower":438,"aspiration:Nostalgia":14,"ReplayTheSpireMod:CursedCoin":14,"Replay:Grab Bag":170,"Dead Branch":242,"Oddly Smooth Stone":83,"aspiration:SeaSaltIceCream":233,"Replay:Kaleidoscope":362,"Question Card":362,"OrangePellets":57,"jedi:heavyjacket":140,"Replay:Baseball":350,"Bottled Flame":404,"jedi:hotpepper":170,"Shuriken":299,"Onion Ring":282,"ReplayTheSpireMod:TigerMarble":105,"aspiration:HatOfInfinitePower":0,"ReplayTheSpireMod:DimensionalGlitch":46,"Mirror":121,"Pocketwatch":438,"Replay:PocketPolymizer":294,"Piano_Music":105,"Mango":40,"Sizzling Blood":14,"jedi:Pinwheel":362,"ClockworkSouvenir":233,"Replay:Bandana":362,"Chameleon Ring":76,"Replay:Bottled Snecko":105,"Cracked Core":299,"BargainBundle":140,"Guide Book":233,"Quantum Egg":242,"Orichalcum":11,"Odd Mushroom":319,"White Beast Statue":330,"jedi:fakemustache":263,"Cauldron":438,"Anchor":186,"CaptainsWheel":238,"Pondfish Scales":275,"jedi:kaleidoscope":121,"jedi:ominousloannote":6,"ChewingGum":419,"Bag of Marbles":134,"Membership Card":140,"Gem_Box":170,"PureWater":233,"jedi:arcanewood":105,"ReplayTheSpireMod:ShopPack":6}],"Pocketwatch":[3]},"card_choices":[{"not_picked":["Hook","Feint","Press_Forward"],"picked":"Waterkick","floor":0},{"not_picked":["Step_Of_The_Wind","Cross","Dragonkick"],"picked":"Perfect_Balance","floor":0},{"not_picked":["Training_Dummy","Pony_Shot","Foot_Thrust"],"picked":"Alacrity","floor":0},{"not_picked":["Free_Pour","Scowl","Blizzard_Spikes"],"picked":"Power_Up_Punch","floor":0},{"not_picked":["Meditate","Cross","Raptor_Form"],"picked":"Insight_B","floor":0},{"not_picked":["Center_Self","Foot_Thrust","Raptor_Form"],"picked":"Hook","floor":1},{"not_picked":["Perfect_Balance","Ripple","Snap_Punch"],"picked":"Windup","floor":3},{"not_picked":["Waterkick","Alacrity","Foot_Thrust"],"picked":"Ripple","floor":6},{"not_picked":["Bicycle_Kick","Center_Self","Dragonkick"],"picked":"Hook","floor":11},{"not_picked":["Cross","Ball_Of_Ice","Free_Pour"],"picked":"OpoOpo_Form","floor":12},{"not_picked":["Butterfly_Float","High_Tide","Beat_Rush"],"picked":"Dolphin_Blow","floor":16},{"not_picked":["Torment+1","Power_Up_Punch","Foot_Thrust+1"],"picked":"Cross","floor":18},{"not_picked":["Elbow_Slash+1","Well_Drinks+1","Fading_Blow"],"picked":"Bitters","floor":20},{"not_picked":["Dragonkick","Snap_Punch","Pony_Shot"],"picked":"Cold_Blooded","floor":23},{"not_picked":["With_A_Twist","Bicycle_Kick","Insight_B"],"picked":"Alacrity","floor":25},{"not_picked":["Raptor_Form","Greased_Lightning","Spirits_Within"],"picked":"Scowl","floor":27},{"not_picked":["Ripple+1","Spirits_Within","Axe_Heel_Kick"],"picked":"High_Tide","floor":29},{"not_picked":["Meditate","Dragonkick","Feint","Snap_Punch"],"picked":"SKIP","floor":30},{"not_picked":["Foot_Thrust","Dragonkick","Bitters"],"picked":"Wall_of_Ice","floor":32},{"not_picked":["Patience","Liquid_Armor","Spirits_Within"],"picked":"Combo_Master","floor":35},{"not_picked":["Greased_Lightning","Press_Forward","Snap_Punch"],"picked":"Insight_B+1","floor":37},{"not_picked":["Tornado_Kick+1","Press_Forward","Bouncer+1","Mirage"],"picked":"SKIP","floor":39},{"not_picked":["Bitters","Ripple","Training_Dummy"],"picked":"Patience","floor":43},{"not_picked":["Scoop+1","Rope_A_Dope","Fading_Blow+1"],"picked":"Power_Up_Punch+1","floor":44},{"not_picked":["Press_Forward+1","Greased_Lightning","Scoop","ThreeSidedStar"],"picked":"SKIP","floor":46},{"not_picked":["Step_Of_The_Wind+1","OpoOpo_Form+1","Rising_Crane"],"picked":"Breathe_Deep","floor":47},{"not_picked":["Pony_Shot+1","Bouncer","Snap_Punch"],"picked":"Power_Up_Punch+1","floor":49},{"not_picked":["Fading_Blow","Power_Up_Punch","Scoop"],"picked":"Wall_of_Ice","floor":49},{"not_picked":["Free_Pour","Snap_Punch","Center_Self"],"picked":"Stick_and_Move","floor":49}],"player_experience":1363597,"relics_obtained":[{"floor":6,"key":"Pet Ghost"},{"floor":9,"key":"Protect_Vest"},{"floor":14,"key":"Strawberry"},{"floor":25,"key":"Orichalcum"},{"floor":27,"key":"Bird Faced Urn"},{"floor":28,"key":"Bottled Flame"},{"floor":29,"key":"aspiration:SeaSaltIceCream"},{"floor":38,"key":"Lantern"},{"floor":43,"key":"Whetstone"},{"floor":45,"key":"Blue Candle"},{"floor":47,"key":"Pocketwatch"}],"event_choices":[{"damage_healed":0,"gold_gain":0,"player_choice":"Take Wound","damage_taken":0,"relics_obtained":["Golden Idol"],"max_hp_gain":0,"max_hp_loss":0,"event_name":"Golden Idol","floor":2,"gold_loss":0,"cards_obtained":["Injury"]},{"damage_healed":24,"gold_gain":0,"player_choice":"Banana","damage_taken":0,"max_hp_gain":0,"max_hp_loss":0,"event_name":"Big Fish","floor":4,"gold_loss":0},{"damage_healed":0,"gold_gain":0,"player_choice":"Relic ","damage_taken":5,"max_hp_gain":0,"max_hp_loss":0,"event_name":"betterThird:BetterScrap","floor":13,"gold_loss":0,"cards_obtained":["jedi:spotbugs"]},{"cards_removed":["Alacrity"],"damage_healed":0,"gold_gain":0,"player_choice":"Take \u0026 Give","damage_taken":0,"max_hp_gain":0,"max_hp_loss":0,"event_name":"betterNote:BetterNote","floor":19,"gold_loss":0,"cards_obtained":["Discovery"]},{"damage_healed":0,"gold_gain":3,"player_choice":"4","damage_taken":0,"max_hp_gain":0,"max_hp_loss":0,"event_name":"betterStone:BetterStone","floor":40,"gold_loss":0,"cards_obtained":["Alacrity"]}],"is_beta":false,"boss_relics":[{"not_picked":["aspiration:RitualDagger","jedi:battlestandard"],"picked":"Cursed Key"},{"not_picked":["Snecko Eye","Replay:Ancient Bell"],"picked":"ChewingGum"}],"items_purged_floors":[0,0,0,24,48,50,50],"is_endless":false,"potions_floor_spawned":[1,16,23,25,27,29,32,35,37,43,46,47],"ascension_level":20}}