{"host":"e1hsr9gtjq2d74pi","time":1613178873,"event":{"mods":["Act Like it!","BaseMod","Beaked The Cultist","Bestiary","BetterRewards","Clockwork Mod","Conspire","Downfall","Duelist Mod","Hermit","Hero for Fun","Hubris","Jorbs\u0027s Wanderer Trilogy","Marisa????????","Minty Spire (QoL Compilation)","Robot Space Explorer","Shop Mod","Spicy Shops","Spire Arcade","StSLib","The Animator","The Bug Knight","The Construct","The Cursed","The Poker Player","The Runesmith","The Saiyan","The Servant 0.9.4","UnlockEverythingMod"],"gold_per_floor":[114,125,2,13,28,28,47,75,75,94,121,121,135,160,160,256,256,275,275,291,52,64,64,64,98,123,223,253,253,203,215,215,313,313,330,330,330,280,280,280,311,361,361,381,381,392,406,426,426,426,426,426,88,117,117,117],"floor_reached":55,"language":"ENG","playtime":3591,"items_purged":["Strike_P","Strike_P","Strike_P","Strike_P","FlyingSleeves"],"score":832,"play_id":"c85abd77-2f30-4069-b5c9-1f40d2e5ceda","local_time":"20210212171433","is_ascension_mode":false,"campfire_choices":[{"data":"PathToVictory","floor":6.0,"key":"SMITH"},{"data":"DeceiveReality","floor":12.0,"key":"SMITH"},{"data":"Protect","floor":15.0,"key":"SMITH"},{"data":"Vault","floor":32,"key":"SMITH"},{"data":"Vault","floor":40,"key":"SMITH"},{"floor":45,"key":"RECALL"},{"data":"ThirdEye","floor":49,"key":"SMITH"},{"data":"ThirdEye","floor":52,"key":"SMITH"}],"circlet_count":0,"master_deck":["Defend_P","Defend_P","Defend_P","Defend_P+1","Eruption","Vigilance","DeceiveReality+1","PathToVictory+1","JustLucky","BowlingBash","PathToVictory+1","Protect+1","Vault+1","ThirdEye+1","Thinking Ahead+1","PathToVictory+1","ThirdEye+1","Vault+1","LikeWater+1","PathToVictory+1"],"relics":["PureWater","NeowsBlessing","Dead Branch","Orichalcum","War Paint","Smiling Mask","construct:WeddingRing","hubris:GlazedTorus","Juzu Bracelet","hubris:CuriousFeather","Bottled Flame","Runesmith:Nanobots","Frozen Egg 2","Sozu","Blue Candle","hubris:BottledRain","hubris:Potato","hubris:SphereOfDissonance","hubris:TenFootPole"],"acts_visited":["Exordium","TheCity","TheBeyond","TheEnding"],"potions_floor_usage":[41],"damage_taken":[{"damage":0.0,"enemies":"Cultist","floor":1.0,"turns":1.0},{"damage":0.0,"enemies":"Small Slimes","floor":2.0,"turns":1.0},{"damage":0.0,"enemies":"Jaw Worm","floor":4.0,"turns":1.0},{"damage":0.0,"enemies":"Looter","floor":5.0,"turns":4.0},{"damage":0.0,"enemies":"Large Slime","floor":7.0,"turns":3.0},{"damage":5.0,"enemies":"Lagavulin","floor":8.0,"turns":5.0},{"damage":7.0,"enemies":"3 Louse","floor":10.0,"turns":3.0},{"damage":4.0,"enemies":"Gremlin Nob","floor":11.0,"turns":3.0},{"damage":0.0,"enemies":"Blue Slaver","floor":13.0,"turns":3.0},{"damage":6.0,"enemies":"Lagavulin","floor":14.0,"turns":6.0},{"damage":6.0,"enemies":"Hexaghost","floor":16.0,"turns":6.0},{"damage":2.0,"enemies":"conspire:FuzzyDice","floor":18.0,"turns":8.0},{"damage":8.0,"enemies":"Spheric Guardian","floor":20.0,"turns":6.0},{"damage":0.0,"enemies":"Snecko","floor":22.0,"turns":3.0},{"damage":13.0,"enemies":"theDuelist:KaibaA2","floor":25.0,"turns":6.0},{"damage":4.0,"enemies":"Colosseum Slavers","floor":27.0,"turns":4.0},{"damage":1.0,"enemies":"Colosseum Nobs","floor":27.0,"turns":5.0},{"damage":9.0,"enemies":"conspire:Head Lice","floor":28.0,"turns":5.0},{"damage":0,"enemies":"Snake Plant","floor":31,"turns":2},{"damage":21,"enemies":"hubris:MusketHawk","floor":33,"turns":7},{"damage":0,"enemies":"3 Darklings","floor":35,"turns":7},{"damage":0,"enemies":"Nemesis","floor":41,"turns":5},{"damage":7,"enemies":"2 Orb Walkers","floor":42,"turns":4},{"damage":0,"enemies":"3 Shapes","floor":44,"turns":3},{"damage":0,"enemies":"Sphere and 2 Shapes","floor":46,"turns":5},{"damage":0,"enemies":"Transient","floor":47,"turns":7},{"damage":0,"enemies":"Writhing Mass","floor":48,"turns":4},{"damage":43,"enemies":"Awakened One","floor":50,"turns":12},{"damage":34,"enemies":"Shield and Spear","floor":54,"turns":7},{"damage":38,"enemies":"The Heart","floor":55,"turns":3}],"seed_played":"1268191096711212187","potions_obtained":[{"floor":4.0,"key":"Dexterity Potion"},{"floor":5.0,"key":"construct:ShiftPotion"},{"floor":7.0,"key":"Swift Potion"},{"floor":10.0,"key":"SkillPotion"},{"floor":20.0,"key":"bronze:BurnAndBuffPotion"},{"floor":25.0,"key":"SteroidPotion"},{"floor":31,"key":"Weak Potion"}],"is_trial":false,"path_per_floor":["M","M","$","M","M","R","M","E","T","M","E","R","M","E","R","B",null,"M","?","M","$","M","?","?","E","T","?","E","?","$","M","R","B",null,"M","?","?","$","?","R","E","?","T","M","R","M","M","M","R","B",null,"R","$","E","B"],"character_chosen":"WATCHER","items_purchased":["PathToVictory","Thinking Ahead","LikeWater+1","hubris:SphereOfDissonance"],"campfire_rested":0,"item_purchase_floors":[3,21,53,53],"current_hp_per_floor":[72,72,72,72,72,72,72,67,67,60,56,56,56,50,50,44,72,70,70,62,62,62,62,62,49,49,44,35,35,35,35,35,14,72,72,72,67,67,67,67,67,60,60,60,60,60,60,60,60,17,72,72,72,38,0,0],"gold":117,"neow_bonus":"THREE_ENEMY_KILL","is_daily":false,"chose_seed":false,"campfire_upgraded":7,"win_rate":0.0,"timestamp":1613178873,"path_taken":["M","?","$","M","M","R","M","E","T","M","E","R","?","E","R","BOSS","M","?","M","$","M","?","?","E","T","?","E","?","$","M","R","BOSS","M","?","?","$","?","R","E","?","T","M","R","M","M","M","R","BOSS","R","$","E","BOSS"],"items_purchased_type":["Card","Card","Card","Relic"],"build_version":"2020-12-22","purchased_purges":5,"victory":false,"max_hp_per_floor":[72,72,72,72,72,72,72,72,72,72,72,72,72,72,72,72,72,72,72,72,72,72,72,72,72,72,72,72,72,72,72,72,72,72,72,72,72,72,72,72,72,72,72,72,72,72,72,72,72,72,72,72,72,72,72,72],"card_choices":[{"not_picked":["Sanctity","ThirdEye"],"picked":"FlyingSleeves","floor":1.0},{"not_picked":["SashWhip","Vengeance"],"picked":"DeceiveReality","floor":2.0},{"not_picked":["Ragnarok","FlurryOfBlows"],"picked":"JustLucky","floor":4.0},{"not_picked":["FlurryOfBlows","Consecrate"],"picked":"BowlingBash","floor":5.0},{"not_picked":["InnerPeace","Protect"],"picked":"PathToVictory","floor":7.0},{"not_picked":["ConjureBlade","Conclude","BowlingBash"],"picked":"SKIP","floor":8.0},{"not_picked":["Wallop","BattleHymn","EmptyFist"],"picked":"SKIP","floor":10.0},{"not_picked":["Consecrate","Evaluate"],"picked":"Protect","floor":11.0},{"not_picked":["Evaluate","CrushJoints","Wallop"],"picked":"SKIP","floor":13.0},{"not_picked":["CutThroughFate","EmptyBody","SignatureMove"],"picked":"SKIP","floor":14.0},{"not_picked":["MasterReality","Ragnarok"],"picked":"Vault","floor":16.0},{"not_picked":["Consecrate","JustLucky","PathToVictory"],"picked":"SKIP","floor":18.0},{"not_picked":["Halt","CrushJoints+1","SashWhip"],"picked":"SKIP","floor":20.0},{"not_picked":["FlurryOfBlows+1","Prostrate"],"picked":"PathToVictory+1","floor":22.0},{"not_picked":["EmptyBody+1","SashWhip","Swivel+1"],"picked":"SKIP","floor":25.0},{"not_picked":["FlurryOfBlows","Omniscience"],"picked":"ThirdEye","floor":27.0},{"not_picked":["EmptyBody","Sanctity","ClearTheMind"],"picked":"SKIP","floor":28.0},{"not_picked":["Swivel+1","Collect","ForeignInfluence"],"picked":"SKIP","floor":31},{"not_picked":["Blasphemy","Scrawl"],"picked":"Vault","floor":33},{"not_picked":["BattleHymn+1","DeceiveReality","FlurryOfBlows+1"],"picked":"SKIP","floor":35},{"not_picked":["InnerPeace","ForeignInfluence","Halt+1"],"picked":"SKIP","floor":41},{"not_picked":["InnerPeace","ForeignInfluence","Halt+1"],"picked":"SKIP","floor":41},{"not_picked":["FollowUp","Evaluate+1","ThirdEye"],"picked":"SKIP","floor":44},{"not_picked":["Indignation+1","ReachHeaven+1","EmptyFist"],"picked":"SKIP","floor":46},{"not_picked":["JustLucky","FlurryOfBlows","Protect+1"],"picked":"SKIP","floor":47},{"not_picked":["Fasting2+1","ThirdEye","ClearTheMind"],"picked":"SKIP","floor":48},{"not_picked":["ForeignInfluence","Indignation+1"],"picked":"PathToVictory+1","floor":54}],"player_experience":480834,"relics_obtained":[{"floor":8.0,"key":"Dead Branch"},{"floor":9.0,"key":"Orichalcum"},{"floor":11.0,"key":"War Paint"},{"floor":14.0,"key":"Smiling Mask"},{"floor":25.0,"key":"hubris:GlazedTorus"},{"floor":26.0,"key":"Juzu Bracelet"},{"floor":27.0,"key":"hubris:CuriousFeather"},{"floor":27.0,"key":"Bottled Flame"},{"floor":28.0,"key":"Runesmith:Nanobots"},{"floor":41,"key":"hubris:BottledRain"},{"floor":42,"key":"hubris:Potato"},{"floor":54,"key":"hubris:TenFootPole"}],"event_choices":[{"damage_healed":0.0,"max_hp_gain":0.0,"max_hp_loss":0.0,"gold_gain":0.0,"event_name":"The Library","player_choice":"Read","floor":19.0,"gold_loss":0.0,"damage_taken":0.0,"cards_obtained":["ThirdEye"]},{"damage_healed":0.0,"max_hp_gain":0.0,"max_hp_loss":0.0,"gold_gain":0.0,"event_name":"Cursed Tome","player_choice":"Ignored","floor":23.0,"gold_loss":0.0,"damage_taken":0.0},{"damage_healed":0.0,"max_hp_gain":0.0,"max_hp_loss":0.0,"gold_gain":0.0,"event_name":"Colosseum","player_choice":"Fight","floor":27.0,"gold_loss":0.0,"damage_taken":0.0},{"damage_healed":0.0,"max_hp_gain":0.0,"max_hp_loss":0.0,"gold_gain":0.0,"event_name":"Colosseum","player_choice":"Fought Nobs","floor":27.0,"gold_loss":0.0,"damage_taken":0.0},{"damage_healed":0.0,"max_hp_gain":0.0,"max_hp_loss":0.0,"gold_gain":0.0,"event_name":"The Mausoleum","player_choice":"Opened","floor":29.0,"gold_loss":0.0,"damage_taken":0.0,"relics_obtained":["Frozen Egg 2"]},{"damage_healed":0,"gold_gain":0,"player_choice":"Leave","damage_taken":0,"max_hp_gain":0,"max_hp_loss":0,"event_name":"conspire:Investor","floor":36,"gold_loss":0},{"damage_healed":0,"gold_gain":0,"player_choice":"Ignored","damage_taken":0,"max_hp_gain":0,"max_hp_loss":0,"event_name":"Duplicator","floor":39,"gold_loss":0},{"damage_healed":0,"gold_gain":0,"player_choice":"Fight","damage_taken":0,"max_hp_gain":0,"max_hp_loss":0,"event_name":"Mysterious Sphere","floor":42,"gold_loss":0}],"is_beta":false,"boss_relics":[{"not_picked":["hubris:Backtick","hubris:ScarierMask"],"picked":"construct:WeddingRing"},{"not_picked":["conspire:SlowCooker","hubris:Stopwatch"],"picked":"Sozu"}],"items_purged_floors":[3,21,30,38,53],"is_endless":false,"potions_floor_spawned":[4,5,7,10,20,25,31,33,35,44,46],"killed_by":"The Heart","ascension_level":0}}