{"host":"zq15pup7vna0uxo1","time":1613240870,"event":{"mods":["BaseMod","Bestiary","Colored Map","Downfall","Minty Spire (QoL Compilation)","Replay The Spire","StSLib","The Cursed","The Marked","The Servant 0.9.4"],"gold_per_floor":[118,293,293,306,35,35,63,139,165,204,216,216,237,257,257,363,363,376,376,203,203,203,203,236,254,308,308,308,310,310],"floor_reached":29,"language":"ENG","playtime":1259,"items_purged":["ReplayTheSpireMod:Restless Dread","Doubt"],"score":274,"play_id":"30d51e3f-7ceb-4342-927a-8b809809a09f","local_time":"20210213192750","is_ascension_mode":true,"campfire_choices":[{"data":"Zap","floor":6,"key":"SMITH"},{"floor":15,"key":"REST"},{"data":"FIFO Queue","floor":23,"key":"SMITH"},{"floor":27,"key":"REST"}],"circlet_count":0,"master_deck":["Strike_B","Strike_B","Strike_B","Defend_B","Defend_B","Defend_B","Defend_B","Zap+1","Dualcast","Panic Button","Self Repair","Redo+1","Storm","Tempest","Darkness+1","Darkness","Doom and Gloom","Electrodynamics","Heatsinks","Conserve Battery","FIFO Queue+1","Chill"],"relics":["Cracked Core","Vajra","Replay:Wax Seal","ReplayTheSpireMod:Ninjato","Replay:Baseball","Replay:Bandana","Replay:Bottled Snecko","Black Star","Meat on the Bone","Replay:Antivirus Software","Replay:Mystery Machine"],"acts_visited":["Exordium","TheCity"],"potions_floor_usage":[16,24,29],"damage_taken":[{"damage":0,"enemies":"2 Louse","floor":1,"turns":2},{"damage":0,"enemies":"Small Slimes","floor":4,"turns":2},{"damage":34,"enemies":"Gremlin Nob","floor":7,"turns":4},{"damage":55,"enemies":"3 Sentries","floor":10,"turns":9},{"damage":0,"enemies":"Cultist","floor":11,"turns":2},{"damage":7,"enemies":"Large Slime","floor":13,"turns":6},{"damage":7,"enemies":"Looter","floor":14,"turns":3},{"damage":54,"enemies":"Fading Forest","floor":16,"turns":11},{"damage":0,"enemies":"3 Byrds","floor":18,"turns":1},{"damage":48,"enemies":"Replay:Snechameleon","floor":24,"turns":6},{"damage":25,"enemies":"Chosen","floor":25,"turns":5},{"damage":47,"enemies":"Gremlin Leader","floor":29,"turns":3}],"seed_played":"8037302399270446466","potions_obtained":[{"floor":4,"key":"FairyPotion"},{"floor":8,"key":"SpeedPotion"},{"floor":10,"key":"champ:CounterPotion"},{"floor":14,"key":"bronze:BurnAndBuffPotion"},{"floor":18,"key":"CultistPotion"}],"is_trial":false,"path_per_floor":["M","?","?","M","$","R","E","?","T","E","M","?","M","M","R","B",null,"M","?","$","?","?","R","E","M","T","R","?","E"],"character_chosen":"DEFECT","items_purchased":["Replay:Wax Seal","Redo+1","Storm","FIFO Queue"],"campfire_rested":2,"item_purchase_floors":[5,5,5,20],"current_hp_per_floor":[75,75,75,75,75,75,48,48,48,25,32,32,32,32,54,27,75,75,75,75,75,75,75,27,21,21,43,43,0,0],"gold":310,"neow_bonus":"RANDOM_COMMON_RELIC","is_daily":false,"chose_seed":false,"campfire_upgraded":2,"win_rate":0.0,"timestamp":1613240870,"path_taken":["M","?","?","?","$","R","E","?","T","E","M","?","M","M","R","BOSS","M","?","$","?","?","R","E","M","T","R","?","E"],"items_purchased_type":["Relic","Card","Card","Card"],"build_version":"2020-12-22","purchased_purges":2,"victory":false,"max_hp_per_floor":[75,75,75,75,75,75,75,75,75,75,75,75,75,75,75,75,75,75,75,75,75,75,75,75,75,75,75,75,75,75],"card_choices":[{"not_picked":["BasicCrystalCard","Consume"],"picked":"Panic Button","floor":1},{"not_picked":["Compile Driver","Turbo"],"picked":"Self Repair","floor":4},{"not_picked":["Consume","Go for the Eyes","Reboot"],"picked":"SKIP","floor":7},{"not_picked":["Coolheaded","Crystallizer"],"picked":"Tempest","floor":8},{"not_picked":["Skim","Go for the Eyes","Steam"],"picked":"SKIP","floor":10},{"not_picked":["Fusion","ReplayTheSpireMod:System Scan","Recycle"],"picked":"SKIP","floor":11},{"not_picked":["Gash","Coolheaded"],"picked":"Darkness","floor":13},{"not_picked":["ReplayTheSpireMod:GoodbyeWorld","Streamline"],"picked":"Doom and Gloom","floor":14},{"not_picked":["ReplayTheSpireMod:Fabricate Wheel","Rainbow"],"picked":"Electrodynamics","floor":16},{"not_picked":["Conserve Battery","Cold Snap"],"picked":"Heatsinks","floor":18},{"not_picked":["Gash","Rebound"],"picked":"Chill","floor":24},{"not_picked":["Coolheaded","FTL","Tempest"],"picked":"SKIP","floor":25}],"player_experience":1196860,"relics_obtained":[{"floor":7,"key":"ReplayTheSpireMod:Ninjato"},{"floor":8,"key":"Replay:Baseball"},{"floor":9,"key":"Replay:Bandana"},{"floor":10,"key":"Replay:Bottled Snecko"},{"floor":24,"key":"Meat on the Bone"},{"floor":24,"key":"Replay:Antivirus Software"},{"floor":26,"key":"Replay:Mystery Machine"}],"event_choices":[{"damage_healed":0,"gold_gain":175,"player_choice":"AGREE","damage_taken":0,"max_hp_gain":0,"max_hp_loss":0,"event_name":"Liars Game","floor":2,"gold_loss":0,"cards_obtained":["Doubt"]},{"damage_healed":0,"gold_gain":0,"player_choice":"1 cards matched","damage_taken":0,"max_hp_gain":0,"max_hp_loss":0,"event_name":"Match and Keep!","floor":3,"gold_loss":0,"cards_obtained":["ReplayTheSpireMod:Restless Dread"]},{"damage_healed":0,"gold_gain":0,"player_choice":"Read","damage_taken":0,"max_hp_gain":0,"max_hp_loss":0,"event_name":"The Library","floor":19,"gold_loss":0,"cards_obtained":["Conserve Battery"]},{"damage_healed":0,"gold_gain":0,"player_choice":"Ignored","damage_taken":0,"max_hp_gain":0,"max_hp_loss":0,"event_name":"Cursed Tome","floor":21,"gold_loss":0},{"damage_healed":0,"gold_gain":0,"player_choice":"Ignored","damage_taken":0,"max_hp_gain":0,"max_hp_loss":0,"event_name":"Vampires","floor":22,"gold_loss":0}],"is_beta":false,"boss_relics":[{"not_picked":["Pandora\u0027s Box","Sozu"],"picked":"Black Star"}],"items_purged_floors":[5,20],"is_endless":false,"potions_floor_spawned":[4,10,14,18],"killed_by":"Gremlin Leader","ascension_level":2}}