{"host":"f9ztaq6figs4snwj","time":1613234667,"event":{"mods":["BaseMod","Bestiary","Colored Map","Colored Powertips","Curses Come First","DeckTracker","Minty Spire (QoL Compilation)","Quick Restart","StSLib"],"gold_per_floor":[217,237,257,257,33,67,67,142,189,203,203,217,228,290,290,392,442,460,460,445,461,472,472,215,215,242,242,258,73,83,100,100,100,100],"floor_reached":33,"language":"ENG","playtime":1671,"items_purged":["Strike_P"],"score":315,"play_id":"3a7178f7-89ad-49b0-8761-2f67e505dffb","local_time":"20210213174427","is_ascension_mode":true,"campfire_choices":[{"data":"Establishment","floor":7,"key":"SMITH"},{"floor":11,"key":"REST"},{"floor":15,"key":"REST"},{"floor":23,"key":"REST"},{"data":"BattleHymn","floor":25,"key":"SMITH"},{"floor":32,"key":"REST"}],"circlet_count":0,"master_deck":["Strike_P","Strike_P+1","Strike_P+1","Defend_P","Defend_P","Defend_P","Defend_P+1","Eruption","Vigilance","Consecrate+1","BattleHymn","Establishment+1","Pray","Establishment","Pray+1","ConjureBlade","Ghostly","Ghostly","Ghostly","Ghostly","Ghostly","FlurryOfBlows+1","BattleHymn+1","Worship+1","BattleHymn+1","Protect"],"relics":["PureWater","Potion Belt","Nunchaku","Whetstone","Tiny House","Frozen Egg 2","Anchor"],"acts_visited":["Exordium","TheCity"],"potions_floor_usage":[14,16,16,22,30],"damage_taken":[{"damage":0,"enemies":"2 Louse","floor":1,"turns":2},{"damage":6,"enemies":"Jaw Worm","floor":2,"turns":3},{"damage":4,"enemies":"Cultist","floor":3,"turns":3},{"damage":0,"enemies":"Lagavulin","floor":6,"turns":6},{"damage":19,"enemies":"3 Louse","floor":10,"turns":4},{"damage":7,"enemies":"2 Fungi Beasts","floor":12,"turns":3},{"damage":2,"enemies":"Looter","floor":13,"turns":4},{"damage":18,"enemies":"Lagavulin Event","floor":14,"turns":5},{"damage":16,"enemies":"Hexaghost","floor":16,"turns":6},{"damage":24,"enemies":"Chosen","floor":18,"turns":6},{"damage":17,"enemies":"2 Thieves","floor":20,"turns":4},{"damage":4,"enemies":"Shelled Parasite and Fungi","floor":21,"turns":5},{"damage":6,"enemies":"Centurion and Healer","floor":22,"turns":6},{"damage":1,"enemies":"Snecko","floor":28,"turns":6},{"damage":2,"enemies":"Sentry and Sphere","floor":30,"turns":4},{"damage":0,"enemies":"3 Cultists","floor":31,"turns":3},{"damage":45,"enemies":"Collector","floor":33,"turns":5}],"seed_played":"5802171424116815219","potions_obtained":[{"floor":2,"key":"Energy Potion"},{"floor":3,"key":"Strength Potion"},{"floor":10,"key":"LiquidMemories"},{"floor":14,"key":"Regen Potion"},{"floor":16,"key":"DuplicationPotion"},{"floor":17,"key":"SpeedPotion"},{"floor":20,"key":"BottledMiracle"},{"floor":21,"key":"Fruit Juice"},{"floor":30,"key":"BlessingOfTheForge"},{"floor":31,"key":"BottledMiracle"}],"is_trial":false,"path_per_floor":["M","M","M","?","$","E","R","?","T","M","R","M","M","?","R","B",null,"M","?","M","M","M","R","$","R","T","?","M","$","M","M","R","B"],"character_chosen":"WATCHER","items_purchased":["Establishment","Pray","Frozen Egg 2","BattleHymn+1","Anchor"],"campfire_rested":4,"item_purchase_floors":[5,5,24,29,29],"current_hp_per_floor":[72,66,62,48,48,48,48,37,37,18,39,32,30,12,33,32,77,53,38,21,17,16,28,28,28,28,28,27,27,25,25,37,0,0],"gold":100,"neow_bonus":"HUNDRED_GOLD","is_daily":false,"chose_seed":false,"campfire_upgraded":2,"win_rate":0.0,"timestamp":1613234667,"path_taken":["M","M","M","?","$","E","R","?","T","M","R","?","M","?","R","BOSS","M","?","M","M","M","R","$","R","T","?","M","$","M","?","R","BOSS"],"items_purchased_type":["Card","Card","Relic","Card","Relic"],"build_version":"2020-12-22","purchased_purges":1,"victory":false,"max_hp_per_floor":[72,72,72,72,72,72,72,72,72,72,72,72,72,72,72,72,77,77,38,38,38,43,43,43,43,43,43,43,43,43,43,43,43,43],"card_choices":[{"not_picked":["Halt","Crescendo"],"picked":"Consecrate","floor":1},{"not_picked":["Nirvana","CutThroughFate"],"picked":"BattleHymn","floor":2},{"not_picked":["CrushJoints","CutThroughFate","BowlingBash"],"picked":"SKIP","floor":3},{"not_picked":["Weave","JustLucky","TalkToTheHand"],"picked":"SKIP","floor":6},{"not_picked":["ClearTheMind","SashWhip"],"picked":"Establishment","floor":10},{"not_picked":["SashWhip","TalkToTheHand","CrushJoints"],"picked":"SKIP","floor":12},{"not_picked":["TalkToTheHand","CrushJoints","Tantrum"],"picked":"SKIP","floor":13},{"not_picked":["SashWhip","CrushJoints"],"picked":"Pray","floor":14},{"not_picked":["SpiritShield","Brilliance"],"picked":"ConjureBlade","floor":16},{"not_picked":["PathToVictory","Protect"],"picked":"Fasting2","floor":17},{"not_picked":["SashWhip","Collect","Study"],"picked":"SKIP","floor":18},{"not_picked":["Nirvana","SashWhip","CrushJoints"],"picked":"SKIP","floor":20},{"not_picked":["EmptyFist","EmptyMind"],"picked":"FlurryOfBlows+1","floor":21},{"not_picked":["JustLucky","Study"],"picked":"BattleHymn","floor":22},{"not_picked":["DeceiveReality+1","Brilliance"],"picked":"Worship+1","floor":28},{"not_picked":["CrushJoints+1","Crescendo","JustLucky"],"picked":"SKIP","floor":30},{"not_picked":["EmptyBody","WaveOfTheHand"],"picked":"Protect","floor":31}],"player_experience":404761,"relics_obtained":[{"floor":6,"key":"Potion Belt"},{"floor":9,"key":"Nunchaku"},{"floor":14,"key":"Whetstone"}],"event_choices":[{"damage_healed":0,"gold_gain":0,"player_choice":"Entered Light","damage_taken":14,"max_hp_gain":0,"max_hp_loss":0,"event_name":"Shining Light","floor":4,"gold_loss":0,"cards_upgraded":["Defend_P","Strike_P"]},{"damage_healed":0,"gold_gain":75,"player_choice":"Gather Gold","damage_taken":11,"max_hp_gain":0,"max_hp_loss":0,"event_name":"World of Goop","floor":8,"gold_loss":0},{"damage_healed":0,"gold_gain":0,"player_choice":"Searched \u00272\u0027 times","damage_taken":0,"max_hp_gain":0,"max_hp_loss":0,"event_name":"Dead Adventurer","floor":14,"gold_loss":0},{"damage_healed":0,"gold_gain":0,"player_choice":"Became a Ghost","damage_taken":0,"max_hp_gain":0,"max_hp_loss":39,"event_name":"Ghosts","floor":19,"gold_loss":0,"cards_obtained":["Ghostly","Ghostly","Ghostly","Ghostly","Ghostly"]},{"cards_removed":["Fasting2"],"damage_healed":0,"gold_gain":0,"player_choice":"Purged","damage_taken":0,"max_hp_gain":0,"max_hp_loss":0,"event_name":"Purifier","floor":27,"gold_loss":0}],"is_beta":false,"boss_relics":[{"not_picked":["Runic Pyramid","Ectoplasm"],"picked":"Tiny House"}],"items_purged_floors":[5],"is_endless":false,"potions_floor_spawned":[2,3,10,14,16,20,21,30,31],"killed_by":"Collector","ascension_level":1}}