{"host":"f2zkc2gsfwbibc34","time":1613210144,"event":{"mods":["AchievementEnabler","BaseMod","Better Note","Colored Map","Colored Powertips","Defuse TimeMaze Blight","Minty Spire (QoL Compilation)","Permanent Neow","StSLib","SuperFastMode","The Servant 0.9.4"],"gold_per_floor":[117,117,134,145,162,197,197,212,212,212,238,238,250,284,284,384,384,401,421,421,434,449,482,482,482,482,499,532,547,547,574,574,672,722,741,1041,1061,704,723,723,322,353,353,353,353,399,399,399,399,399],"floor_reached":51,"language":"ENG","playtime":1956,"items_purged":["Strike_S"],"score":970,"play_id":"a0e74443-36af-4fa2-ac39-9b5f152c01fd","local_time":"20210213105544","is_ascension_mode":true,"campfire_choices":[{"data":"BestPractice","floor":7,"key":"SMITH"},{"data":"MoonPhase","floor":10,"key":"SMITH"},{"data":"Exchange","floor":12,"key":"SMITH"},{"floor":15,"key":"REST"},{"data":"FlawlessForm","floor":24,"key":"SMITH"},{"data":"Barrier","floor":30,"key":"SMITH"},{"floor":32,"key":"REST"},{"data":"KillingDoll","floor":40,"key":"SMITH"},{"floor":45,"key":"REST"},{"floor":47,"key":"REST"},{"floor":49,"key":"REST"}],"circlet_count":0,"master_deck":["Strike_S","Strike_S+1","Defend_S","Defend_S","Defend_S","KidneyShot+1","Exchange+1","BestPractice+1","Barrier+1","Rewind","SpecialFormula","MoonPhase+1","Rearm","Defy","Sunlight","MurderousAura","SurpressingFire","Sadistic Nature","FlawlessForm+1","SilverBlades","Spin","KillingDoll+1","Luminosity+1","SilverBlades","MoonPhase+1","Madness","Madness"],"relics":["Uniform","Bottled Tornado","Mercury Hourglass","Darkstone Periapt","Letter Opener","SacredBark","Singing Bowl","Anchor","Mango","KneeBrace","Tiny House","Lee\u0027s Waffle","Mummified Hand","Orrery","Omamori","The Courier","Calipers"],"acts_visited":["Exordium","TheCity","TheBeyond"],"potions_floor_usage":[3,6,16,16,23,31,31,39,39,42,42,50,50,50],"damage_taken":[{"damage":0,"enemies":"Small Slimes","floor":1,"turns":3},{"damage":0,"enemies":"Cultist","floor":3,"turns":4},{"damage":1,"enemies":"2 Louse","floor":4,"turns":4},{"damage":11,"enemies":"Lots of Slimes","floor":5,"turns":7},{"damage":0,"enemies":"Lagavulin","floor":6,"turns":14},{"damage":6,"enemies":"Red Slaver","floor":8,"turns":5},{"damage":0,"enemies":"3 Sentries","floor":11,"turns":8},{"damage":19,"enemies":"Gremlin Gang","floor":13,"turns":4},{"damage":4,"enemies":"Lagavulin","floor":14,"turns":13},{"damage":23,"enemies":"Slime Boss","floor":16,"turns":10},{"damage":0,"enemies":"Shell Parasite","floor":18,"turns":9},{"damage":20,"enemies":"2 Thieves","floor":19,"turns":3},{"damage":0,"enemies":"Sentry and Sphere","floor":21,"turns":6},{"damage":0,"enemies":"Centurion and Healer","floor":22,"turns":6},{"damage":45,"enemies":"Gremlin Leader","floor":23,"turns":8},{"damage":10,"enemies":"3 Cultists","floor":27,"turns":4},{"damage":10,"enemies":"Book of Stabbing","floor":28,"turns":8},{"damage":0,"enemies":"Snake Plant","floor":29,"turns":5},{"damage":50,"enemies":"Slavers","floor":31,"turns":5},{"damage":0,"enemies":"Champ","floor":33,"turns":14},{"damage":0,"enemies":"3 Shapes","floor":35,"turns":8},{"damage":4,"enemies":"Orb Walker","floor":37,"turns":5},{"damage":18,"enemies":"4 Shapes","floor":39,"turns":4},{"damage":48,"enemies":"Reptomancer","floor":42,"turns":7},{"damage":45,"enemies":"2 Orb Walkers","floor":46,"turns":6},{"damage":55,"enemies":"Donu and Deca","floor":50,"turns":9}],"seed_played":"-2985844817592381551","potions_obtained":[{"floor":1,"key":"DuplicationPotion"},{"floor":3,"key":"Fruit Juice"},{"floor":8,"key":"Energy Potion"},{"floor":14,"key":"EssenceOfSteel"},{"floor":19,"key":"Regen Potion"},{"floor":23,"key":"Swift Potion"},{"floor":25,"key":"EntropicBrew"},{"floor":25,"key":"SpeedPotion"},{"floor":28,"key":"PowerPotion"},{"floor":33,"key":"SkillPotion"},{"floor":34,"key":"PowerPotion"},{"floor":42,"key":"Fire Potion"}],"is_trial":false,"path_per_floor":["M","?","M","M","M","E","R","M","T","R","E","R","M","E","R","B",null,"M","M","?","M","M","E","R","?","T","M","E","M","R","E","R","B",null,"M","?","M","$","M","R","$","E","T","?","R","?","R","?","R","B",null],"character_chosen":"THE_SERVANT","items_purchased":["KillingDoll","Lee\u0027s Waffle","Mummified Hand","Orrery"],"campfire_rested":5,"item_purchase_floors":[38,38,41,41],"current_hp_per_floor":[65,65,70,69,58,58,58,60,60,60,65,65,51,55,70,47,70,70,50,50,50,55,62,62,62,62,54,68,73,73,25,52,59,101,103,103,99,110,92,92,98,52,52,37,72,34,70,70,106,56],"gold":399,"neow_bonus":"UPGRADE_CARD","is_daily":false,"chose_seed":false,"campfire_upgraded":6,"win_rate":0.0,"timestamp":1613210144,"path_taken":["M","?","M","M","?","E","R","M","T","R","E","R","?","E","R","BOSS","M","M","?","M","M","E","R","?","T","M","E","?","R","E","R","BOSS","M","?","?","$","M","R","$","E","T","?","R","?","R","?","R","BOSS"],"items_purchased_type":["Card","Relic","Relic","Relic"],"build_version":"2020-12-22","purchased_purges":1,"victory":true,"max_hp_per_floor":[65,65,70,70,70,70,70,70,70,70,70,70,70,70,70,70,70,70,70,70,70,70,72,72,72,72,74,90,90,90,92,92,94,101,103,103,103,110,110,110,116,118,118,118,118,120,120,120,120,120],"card_choices":[{"not_picked":["Moonlight","DoubleEdge"],"picked":"BestPractice","floor":1},{"not_picked":["Defy","Ricochet"],"picked":"Barrier","floor":3},{"not_picked":["FastForward","Revamp"],"picked":"Rewind","floor":4},{"not_picked":["FastForward","Spin","DoubleEdge"],"picked":"SKIP","floor":5},{"not_picked":["FastForward","Rearm"],"picked":"SpecialFormula","floor":6},{"not_picked":["Defy","ReturningBlade"],"picked":"MoonPhase","floor":8},{"not_picked":["Starlight","Reset"],"picked":"Rearm","floor":11},{"not_picked":["Manipulate","FastForward"],"picked":"Defy","floor":13},{"not_picked":["Rearm","Potential"],"picked":"Sunlight","floor":14},{"not_picked":["Solidify","Sunlight"],"picked":"MurderousAura","floor":16},{"not_picked":["Revamp","Alleviate","Moondial"],"picked":"SKIP","floor":18},{"not_picked":["FanOfKnives","Replace"],"picked":"SurpressingFire","floor":19},{"not_picked":["Alleviate","DoubleEdge","Rearm"],"picked":"SKIP","floor":21},{"not_picked":["ReturningBlade","Contraction"],"picked":"FlawlessForm","floor":22},{"not_picked":["InstantArmor","Embodiment","FlawlessForm"],"picked":"Singing Bowl","floor":23},{"not_picked":["Sabotage","Replace","Hightail"],"picked":"Singing Bowl","floor":27},{"not_picked":["Rewind","Starlight","Alleviate"],"picked":"Singing Bowl","floor":28},{"not_picked":["ShatteredReality","Desolation"],"picked":"SilverBlades","floor":29},{"not_picked":["ShatteredReality","Gouge+1","Revamp"],"picked":"Singing Bowl","floor":31},{"not_picked":["Duplication","FloweringNight","Solidify"],"picked":"Singing Bowl","floor":33},{"not_picked":["ShatteredReality","Unruled","Alleviate"],"picked":"Singing Bowl","floor":34},{"not_picked":["Alleviate+1","Rewind","Ricochet+1"],"picked":"Singing Bowl","floor":35},{"not_picked":["TimeWarp","TimeTheft+1"],"picked":"Spin","floor":37},{"not_picked":["Misdirection+1","Rearm"],"picked":"Luminosity+1","floor":39},{"not_picked":["Alleviate+1","BottledTime+1"],"picked":"SilverBlades","floor":41},{"not_picked":["FloweringNight","BottledTime","Snipe+1"],"picked":"Singing Bowl","floor":41},{"not_picked":["Desolation","WasteNot","ReturningBlade"],"picked":"Singing Bowl","floor":41},{"not_picked":["Manipulate","Rewind+1"],"picked":"MoonPhase+1","floor":41},{"not_picked":["FastForward","Desolation+1","BottledTime+1"],"picked":"Singing Bowl","floor":41},{"not_picked":["KillingDoll","Rearm+1","Snipe"],"picked":"Singing Bowl","floor":42},{"not_picked":["Revamp+1","Ricochet","Replace"],"picked":"Singing Bowl","floor":46}],"player_experience":103951,"relics_obtained":[{"floor":6,"key":"Bottled Tornado"},{"floor":9,"key":"Mercury Hourglass"},{"floor":11,"key":"Darkstone Periapt"},{"floor":14,"key":"Letter Opener"},{"floor":23,"key":"Singing Bowl"},{"floor":26,"key":"Anchor"},{"floor":28,"key":"Mango"},{"floor":31,"key":"KneeBrace"},{"floor":42,"key":"Omamori"},{"floor":43,"key":"The Courier"},{"floor":46,"key":"Calipers"}],"event_choices":[{"cards_removed":["Defend_S"],"damage_healed":0,"gold_gain":0,"player_choice":"Offered Basic","damage_taken":0,"max_hp_gain":0,"max_hp_loss":0,"event_name":"Bonfire Elementals","floor":2,"gold_loss":0},{"cards_removed":["Sadistic Nature"],"damage_healed":0,"gold_gain":0,"player_choice":"Take \u0026 Give","damage_taken":0,"max_hp_gain":0,"max_hp_loss":0,"event_name":"betterNote:BetterNote","floor":20,"gold_loss":0,"cards_obtained":["Sadistic Nature"]},{"damage_healed":0,"gold_gain":0,"player_choice":"Got Potions","damage_taken":0,"max_hp_gain":0,"max_hp_loss":0,"event_name":"Lab","floor":25,"gold_loss":0},{"damage_healed":0,"gold_gain":300,"player_choice":"Gold","damage_taken":0,"max_hp_gain":0,"max_hp_loss":0,"event_name":"Wheel of Change","floor":36,"gold_loss":0},{"damage_healed":0,"gold_gain":0,"player_choice":"Embrace Madness","damage_taken":15,"max_hp_gain":0,"max_hp_loss":0,"event_name":"Winding Halls","floor":44,"gold_loss":0,"cards_obtained":["Madness","Madness"]},{"damage_healed":0,"gold_gain":0,"player_choice":"Fight","damage_taken":0,"max_hp_gain":0,"max_hp_loss":0,"event_name":"Mysterious Sphere","floor":46,"gold_loss":0},{"cards_removed":["Strike_S"],"damage_healed":0,"gold_gain":0,"player_choice":"Purged","damage_taken":0,"max_hp_gain":0,"max_hp_loss":0,"event_name":"Purifier","floor":48,"gold_loss":0}],"is_beta":false,"boss_relics":[{"not_picked":["Snecko Eye","Astrolabe"],"picked":"SacredBark"},{"not_picked":["Runic Dome","Pandora\u0027s Box"],"picked":"Tiny House"}],"items_purged_floors":[38],"is_endless":false,"potions_floor_spawned":[1,3,8,14,19,23,27,28,29,33,35,42],"ascension_level":1}}