{"host":"yml0ux6c8lqydjlc","time":1613254793,"event":{"mods":["Aspiration","BaseMod","Conspire","Downfall","Hermit","Jedi Mod","Minty Spire (QoL Compilation)","Robot Space Explorer","StSLib"],"gold_per_floor":[119,38,38,113,128,128,128,144,144,156,156,173,189,200,200,296,296,306,55,71,71,71,71,91,91,91,110,110,110],"floor_reached":28,"language":"ENG","playtime":2234,"items_purged":["Strike_G"],"score":212,"play_id":"0e3dc89d-7e81-4d03-88b8-598df280446a","local_time":"20210213171953","is_ascension_mode":false,"campfire_choices":[{"floor":6,"key":"REST"},{"data":"Terror","floor":11,"key":"SMITH"},{"data":"Backflip","floor":15,"key":"SMITH"},{"floor":23,"key":"REST"},{"floor":25,"key":"REST"}],"circlet_count":0,"master_deck":["Strike_G","Strike_G","Strike_G+1","Strike_G","Defend_G","Defend_G","Defend_G","Defend_G","Defend_G","Survivor","Neutralize","jedi:pocketpoison+1","Quick Slash","Dash","Prepared","Terror+1","Backflip+1","Bane","Unload","Slice","Deflect","Dagger Throw","Quick Slash","Dodge and Roll","Flying Knee"],"relics":["Ring of the Snake","Boot","Black Star","Nunchaku","Paper Crane","jedi:Pinwheel"],"acts_visited":["Exordium","TheCity"],"potions_floor_usage":[12,16,16,20,27],"damage_taken":[{"damage":2,"enemies":"Small Slimes","floor":1,"turns":5},{"damage":1,"enemies":"Jaw Worm","floor":5,"turns":2},{"damage":0,"enemies":"Cultist","floor":8,"turns":4},{"damage":4,"enemies":"Large Slime","floor":10,"turns":8},{"damage":4,"enemies":"Blue Slaver","floor":12,"turns":2},{"damage":0,"enemies":"Red Slaver","floor":13,"turns":3},{"damage":0,"enemies":"2 Fungi Beasts","floor":14,"turns":2},{"damage":33,"enemies":"Slime Boss","floor":16,"turns":14},{"damage":7,"enemies":"Shell Parasite","floor":18,"turns":5},{"damage":18,"enemies":"Spheric Guardian","floor":20,"turns":5},{"damage":26,"enemies":"3 Cultists","floor":24,"turns":6},{"damage":15,"enemies":"Snecko","floor":27,"turns":6},{"damage":53,"enemies":"conspire:MimicChest","floor":28,"turns":8}],"seed_played":"6048564469447836353","potions_obtained":[{"floor":1,"key":"GamblersBrew"},{"floor":10,"key":"CultistPotion"},{"floor":12,"key":"AttackPotion"},{"floor":13,"key":"jedi:holywater"},{"floor":20,"key":"Poison Potion"}],"is_trial":false,"path_per_floor":["M","$","?","?","M","R","?","M","T","M","R","M","M","M","R","B",null,"M","$","M","?","T","R","M","R","T","M","?"],"character_chosen":"THE_SILENT","items_purchased":["Dash","CultistPotion","Deflect","Dagger Throw"],"campfire_rested":3,"item_purchase_floors":[2,19,19,19],"current_hp_per_floor":[68,68,54,43,42,63,70,70,70,66,66,62,62,62,62,29,70,63,63,45,45,45,66,40,61,61,46,0,0],"gold":110,"neow_bonus":"THREE_CARDS","is_daily":false,"chose_seed":false,"campfire_upgraded":2,"win_rate":0.0,"timestamp":1613254793,"path_taken":["M","$","?","?","M","R","?","M","T","M","R","M","M","?","R","BOSS","M","$","M","?","?","R","?","R","T","M","?"],"items_purchased_type":["Card","Potion","Card","Card"],"build_version":"2020-12-22","purchased_purges":1,"victory":false,"max_hp_per_floor":[70,70,70,70,70,70,70,70,70,70,70,70,70,70,70,70,70,70,70,70,70,70,70,70,70,70,70,70,70],"card_choices":[{"not_picked":["Slice","Acrobatics"],"picked":"jedi:pocketpoison","floor":0},{"not_picked":["conspire:PoisonWeapons","PiercingWail"],"picked":"Quick Slash","floor":1},{"not_picked":["conspire:DoublingDagger","Dash","Skewer"],"picked":"SKIP","floor":5},{"not_picked":["Deflect","Endless Agony"],"picked":"Prepared","floor":8},{"not_picked":["jedi:collectorvenom","Blade Dance"],"picked":"Terror","floor":10},{"not_picked":["jedi:poisonivy","Tactician","Underhanded Strike"],"picked":"SKIP","floor":12},{"not_picked":["Dagger Spray","Caltrops"],"picked":"Backflip","floor":13},{"not_picked":["Outmaneuver","Slice"],"picked":"Bane","floor":14},{"not_picked":["jedi:rejectivetoxin","Bullet Time"],"picked":"Unload","floor":16},{"not_picked":["Underhanded Strike","PiercingWail"],"picked":"Slice","floor":18},{"not_picked":["Dagger Spray","conspire:DoublingDagger"],"picked":"Quick Slash","floor":20},{"not_picked":["Sucker Punch+1","Accuracy+1"],"picked":"Dodge and Roll","floor":24},{"not_picked":["Leg Sweep","Outmaneuver"],"picked":"Flying Knee","floor":27}],"player_experience":78040,"relics_obtained":[{"floor":9,"key":"Boot"},{"floor":21,"key":"Nunchaku"},{"floor":22,"key":"Paper Crane"},{"floor":26,"key":"jedi:Pinwheel"}],"event_choices":[{"damage_healed":0,"gold_gain":0,"player_choice":"Entered Light","damage_taken":14,"max_hp_gain":0,"max_hp_loss":0,"event_name":"Shining Light","floor":3,"gold_loss":0,"cards_upgraded":["jedi:pocketpoison","Strike_G"]},{"damage_healed":0,"gold_gain":75,"player_choice":"Gather Gold","damage_taken":11,"max_hp_gain":0,"max_hp_loss":0,"event_name":"World of Goop","floor":4,"gold_loss":0},{"damage_healed":23,"gold_gain":0,"player_choice":"Banana","damage_taken":0,"max_hp_gain":0,"max_hp_loss":0,"event_name":"Big Fish","floor":7,"gold_loss":0}],"is_beta":false,"boss_relics":[{"not_picked":["Velvet Choker","conspire:RunicOctahedron"],"picked":"Black Star"}],"items_purged_floors":[19],"is_endless":false,"potions_floor_spawned":[1,10,12,13,20],"killed_by":"conspire:MimicChest","ascension_level":0}}