{"host":"clf2hd4adhiiw0zf","time":1613191981,"event":{"mods":["AchievementEnabler","BaseMod","Beaked The Cultist","Bestiary","Dark Map","Downfall","Gremlin Mod","Hermit","Jorbs\u0027s Wanderer Trilogy","Marisa????????","Minty Spire (QoL Compilation)","Shop Mod","StSLib","The Cursed","The Servant 0.9.4","Wide Potions"],"gold_per_floor":[199,211,386,386,401,432,432,432,432,451,464,499,499,519,539,539,539,539],"floor_reached":16,"language":"ENG","playtime":7170,"items_purged":[],"score":157,"play_id":"e16718c4-a9bd-4bea-b9c8-98d799542096","local_time":"20210212215301","is_ascension_mode":true,"campfire_choices":[{"data":"champ:Execute","floor":1,"key":"SMITH"},{"data":"champ:PerfectedStrike","floor":8,"key":"SMITH"}],"circlet_count":0,"master_deck":["champ:Strike","champ:Strike","champ:Strike","champ:Defend","champ:Defend","champ:Defend","champ:Defend","champ:Execute+1","champ:Taunt","champ:FanOfKnives","champ:PerfectedStrike+1","champ:CalledShot","champ:Devastate","champ:GladiatorStyle","champ:Haymaker","champ:Parry","champ:Haymaker+1","champ:AdrenalArmor"],"relics":["champ:ChampionCrown","The Courier","Eternal Feather","Molten Egg 2"],"acts_visited":["Exordium"],"potions_floor_usage":[12,14,15],"damage_taken":[{"damage":24,"enemies":"2 Louse","floor":2,"turns":4},{"damage":10,"enemies":"Small Slimes","floor":5,"turns":3},{"damage":43,"enemies":"Gremlin Nob","floor":6,"turns":4},{"damage":10,"enemies":"Jaw Worm","floor":10,"turns":3},{"damage":18,"enemies":"Blue Slaver","floor":11,"turns":2},{"damage":35,"enemies":"3 Sentries","floor":12,"turns":5},{"damage":31,"enemies":"Large Slime","floor":14,"turns":5},{"damage":3,"enemies":"2 Fungi Beasts","floor":15,"turns":3},{"damage":24,"enemies":"DF_ARCHETYPE_STREAMLINE","floor":16,"turns":3}],"seed_played":"-4559622161055643440","potions_obtained":[{"floor":5,"key":"LiquidBronze"},{"floor":11,"key":"Energy Potion"},{"floor":12,"key":"SkillPotion"},{"floor":14,"key":"Weak Potion"}],"is_trial":false,"path_per_floor":["R","M","?","?","M","E","T","R","?","M","M","E","?","M","M","B"],"character_chosen":"THE_CHAMP","items_purchased":[],"campfire_rested":0,"item_purchase_floors":[],"current_hp_per_floor":[81,67,67,67,67,44,44,50,50,50,42,17,47,26,23,0,0,0],"gold":539,"neow_bonus":"HUNDRED_GOLD","is_daily":false,"chose_seed":false,"campfire_upgraded":2,"win_rate":0.0,"timestamp":1613191981,"path_taken":["R","M","?","?","M","E","T","R","?","M","M","E","?","M","M","BOSS"],"items_purchased_type":[],"build_version":"2020-12-22","purchased_purges":0,"victory":false,"max_hp_per_floor":[90,90,90,90,90,90,90,90,90,90,90,90,90,90,90,90,90,90],"card_choices":[{"not_picked":["champ:Circumvent","champ:DefensiveShout"],"picked":"champ:FanOfKnives","floor":2},{"not_picked":["champ:RecklessLeap","champ:Parry"],"picked":"champ:PerfectedStrike","floor":5},{"not_picked":["champ:RisingSlash","champ:PreciseThrust"],"picked":"champ:CalledShot","floor":6},{"not_picked":["champ:FalseCounter","champ:Lariat"],"picked":"champ:GladiatorStyle","floor":10},{"not_picked":["champ:CrownThrow","champ:FalseCounter"],"picked":"champ:Haymaker","floor":11},{"not_picked":["champ:FalseCounter","champ:BladeFlurry+1"],"picked":"champ:Parry","floor":12},{"not_picked":["champ:Circumvent","champ:EnGarde"],"picked":"champ:Haymaker+1","floor":14},{"not_picked":["champ:RisingSlash+1","champ:BerserkersShout"],"picked":"champ:AdrenalArmor","floor":15}],"player_experience":258950,"relics_obtained":[{"floor":6,"key":"The Courier"},{"floor":7,"key":"Eternal Feather"},{"floor":12,"key":"Molten Egg 2"}],"event_choices":[{"cards_removed":["Doubt"],"damage_healed":0,"gold_gain":0,"player_choice":"Card Removal","damage_taken":0,"max_hp_gain":0,"max_hp_loss":0,"event_name":"The Cleric","floor":4,"gold_loss":0},{"damage_healed":0,"gold_gain":0,"cards_transformed":["champ:Strike"],"player_choice":"Change","damage_taken":0,"max_hp_gain":0,"max_hp_loss":0,"event_name":"Living Wall","floor":9,"gold_loss":0,"cards_obtained":["champ:Devastate"]},{"damage_healed":30,"gold_gain":0,"player_choice":"Banana","damage_taken":0,"max_hp_gain":0,"max_hp_loss":0,"event_name":"Big Fish","floor":13,"gold_loss":0}],"is_beta":false,"boss_relics":[],"items_purged_floors":[],"is_endless":false,"potions_floor_spawned":[5,11,12,14],"killed_by":"DF_ARCHETYPE_STREAMLINE","ascension_level":8}}