{"host":"121m0oxswv9tg9hk","time":1613241225,"event":{"mods":["AchievementEnabler","BaseMod","Better Third Choice","Hermit","Hubris","MarisaÅiñ∂âJÅ@ñÇóùçπÅj","Minty Spire (QoL Compilation)","Replay The Spire","Shade Mod","StSLib","The Cursed"],"gold_per_floor":[369,388,406,172,138,138,155,211,265,320,333,433,433,473,473,598,598,634,678,723,767,782,838,838,895,944,944,979,979,997,544,544,669,669,709,709,788,611,686,686,743,593,593,647,647,687,699,699,699,699,699,699,105,135,135],"floor_reached":56,"language":"ENG","playtime":6340,"items_purged":["TheCursedMod:Strike_TheCursed","Strike_R","Defend_MRS","Sickly"],"score":1678,"play_id":"6e629116-38f2-4544-8f52-6f8b4ea2b5b7","local_time":"20210213193344","is_ascension_mode":true,"campfire_choices":[{"floor":6.0,"key":"REST"},{"data":"MillisecondPulsars","floor":13.0,"key":"SMITH"},{"floor":15.0,"key":"DIG"},{"data":"MilkyWay","floor":24.0,"key":"SMITH"},{"data":"MilkyWay","floor":29.0,"key":"SMITH"},{"data":"Strike_MRS","floor":32.0,"key":"PURGE"},{"floor":40,"key":"RECALL"},{"data":"Strike_MRS","floor":45,"key":"PURGE"},{"data":"Acceleration","floor":49,"key":"SMITH"}],"circlet_count":0,"master_deck":["Strike_MRS","Strike_MRS","Defend_MRS","Defend_MRS","Defend_MRS","MasterSpark","UpSweep","FairyDestructionRay","ChargeUpSpray","ShootingEcho","MilkyWay+1","WitchOfGreed+1","GasGiant","MillisecondPulsars+1","MilkyWay+1","AsteroidBelt","ChargeUpSpray","BinaryStars","Acceleration","Orbital+1","MilkyWay+1","EarthLightRay+1","ShootTheMoon","ReplayTheSpireMod:Faulty Equipment","Orbital+1","Acceleration+1","AsteroidBelt","Acceleration+1","ShootingEcho","EnergyFlow","OrrerysSun+1","Flash of Steel","Deep Breath","Acceleration","MeteoricShower"],"relics":["MiniHakkero","betterThird:SlimedRelic","Peace Pipe","MealTicket","Blood Vial","Cursed Key","Darkstone Periapt","Onion Ring","Bronze Scales","Sling","Replay:Rubber Ducky","ChewingGum","ReplayTheSpireMod:Ring of Collecting","CatCart","Incense Burner","Chameleon Ring","Centennial Puzzle","Lizard Tail","ClockworkSouvenir","Bag of Marbles"],"acts_visited":["TheCity","TheBeyond","TheEnding"],"potions_floor_usage":[35,41,44,50,54,55],"damage_taken":[{"damage":3.0,"enemies":"Small Slimes","floor":1.0,"turns":3.0},{"damage":0.0,"enemies":"Cultist","floor":2.0,"turns":3.0},{"damage":12.0,"enemies":"Jaw Worm","floor":3.0,"turns":2.0},{"damage":2.0,"enemies":"3 Louse","floor":7.0,"turns":2.0},{"damage":29.0,"enemies":"Lagavulin","floor":8.0,"turns":8.0},{"damage":5.0,"enemies":"3 Sentries","floor":10.0,"turns":9.0},{"damage":1.0,"enemies":"Exordium Wildlife","floor":11.0,"turns":2.0},{"damage":4.0,"enemies":"Blue Slaver","floor":14.0,"turns":7.0},{"damage":0.0,"enemies":"The Guardian","floor":16.0,"turns":13.0},{"damage":0.0,"enemies":"Shell Parasite","floor":18.0,"turns":4.0},{"damage":1.0,"enemies":"Spheric Guardian","floor":19.0,"turns":3.0},{"damage":3.0,"enemies":"Centurion and Healer","floor":20.0,"turns":4.0},{"damage":16.0,"enemies":"Sentry and Sphere","floor":21.0,"turns":6.0},{"damage":0.0,"enemies":"Snake Plant","floor":22.0,"turns":3.0},{"damage":13.0,"enemies":"Replay:Snechameleon","floor":23.0,"turns":7.0},{"damage":1.0,"enemies":"Book of Stabbing","floor":25.0,"turns":5.0},{"damage":2.0,"enemies":"3 Cultists","floor":28.0,"turns":4.0},{"damage":8.0,"enemies":"Snecko","floor":30.0,"turns":4.0},{"damage":69.0,"enemies":"Champ","floor":33.0,"turns":12.0},{"damage":2,"enemies":"Orb Walker","floor":35,"turns":4},{"damage":0,"enemies":"Orin","floor":37,"turns":10},{"damage":19,"enemies":"Mind Bloom Boss Battle","floor":39,"turns":5},{"damage":0,"enemies":"Giant Head","floor":41,"turns":5},{"damage":31,"enemies":"Nemesis","floor":44,"turns":7},{"damage":0,"enemies":"3 Darklings","floor":46,"turns":5},{"damage":0,"enemies":"Sphere and 2 Shapes","floor":47,"turns":3},{"damage":0,"enemies":"hubris:GrandSnecko","floor":50,"turns":13},{"damage":41,"enemies":"Shield and Spear","floor":54,"turns":6},{"damage":30,"enemies":"The Heart","floor":55,"turns":8}],"seed_played":"1853295117823300899","potions_obtained":[{"floor":1.0,"key":"AttackPotion"},{"floor":7.0,"key":"Elixir"},{"floor":8.0,"key":"ShroomBrew"},{"floor":10.0,"key":"Strength Potion"},{"floor":10.0,"key":"Weak Potion"},{"floor":14.0,"key":"FairyPotion"},{"floor":16.0,"key":"Milkshake"},{"floor":18.0,"key":"AttackPotion"},{"floor":19.0,"key":"Block Potion"},{"floor":20.0,"key":"LifebloodPotion"},{"floor":21.0,"key":"ColorlessPotion"},{"floor":23.0,"key":"PowerPotion"},{"floor":25.0,"key":"AttackPotion"},{"floor":28.0,"key":"Weak Potion"},{"floor":33.0,"key":"Regen Potion"},{"floor":33.0,"key":"Energy Potion"},{"floor":35,"key":"FearPotion"},{"floor":37,"key":"Ancient Potion"},{"floor":41,"key":"LiquidBronze"},{"floor":44,"key":"Weak Potion"},{"floor":44,"key":"SpeedPotion"},{"floor":52,"key":"StarNLove"},{"floor":52,"key":"PowerPotion"},{"floor":54,"key":"SteroidPotion"}],"is_trial":false,"path_per_floor":["M","M","M","$","?","R","M","E","T","E","M","?","R","M","R","B",null,"M","M","M","M","M","E","R","E","T","?","M","R","M","$","R","B",null,"M","?","?","$","?","R","E","$","T","E","R","M","M","?","R","B",null,"R","$","E","B",null],"character_chosen":"MARISA","items_purchased":["MilkyWay","WitchOfGreed+1","LifebloodPotion","Dexterity Potion","Sling","Replay:Rubber Ducky","AsteroidBelt","Deep Breath","Acceleration","Lizard Tail","ClockworkSouvenir"],"campfire_rested":1,"item_purchase_floors":[4,4,4,31,31,31,38,53,53,53,53],"current_hp_per_floor":[72,72,60,60,49,71,69,40,40,35,34,34,34,30,30,32,64,66,67,66,52,54,43,43,50,56,56,62,62,62,77,77,16,65,81,87,87,87,74,74,87,87,87,62,62,76,84,84,84,87,87,87,87,58,36],"gold":135,"neow_bonus":"TWO_FIFTY_GOLD","is_daily":false,"chose_seed":false,"campfire_upgraded":4,"win_rate":0.0,"timestamp":1613241224,"path_taken":["M","M","M","$","?","R","M","E","T","E","M","?","R","M","R","BOSS","M","M","M","M","?","E","R","E","T","?","M","R","M","$","R","BOSS","M","?","?","$","?","R","E","$","T","E","R","M","M","?","R","BOSS","R","$","E","BOSS"],"items_purchased_type":["Card","Card","Potion","Potion","Relic","Relic","Card","Card","Card","Relic","Relic"],"build_version":"2020-12-22","purchased_purges":4,"victory":true,"max_hp_per_floor":[75,75,75,75,75,75,75,75,75,75,75,75,75,75,75,75,75,75,75,75,75,75,75,75,75,81,81,81,81,81,81,81,81,81,81,87,87,87,87,87,87,87,87,87,87,87,87,87,87,87,87,87,87,87,87],"card_choices":[{"not_picked":["OneTimeOff","MysteriousBeam"],"picked":"FairyDestructionRay","floor":1.0},{"not_picked":["AsteroidBelt","LuminesStrike"],"picked":"ChargeUpSpray","floor":2.0},{"not_picked":["WitchLeyline","WitchOfGreed"],"picked":"ShootingEcho","floor":3.0},{"not_picked":["GrandCross","PulseMagic"],"picked":"GasGiant","floor":7.0},{"not_picked":["MilkyWay","MachineGunSpark"],"picked":"MillisecondPulsars","floor":8.0},{"not_picked":["LuminesStrike","AlicesGift"],"picked":"MilkyWay","floor":10.0},{"not_picked":["BlazeAway","Singularity"],"picked":"AsteroidBelt","floor":11.0},{"not_picked":["GalacticHalo","DC"],"picked":"ChargeUpSpray","floor":14.0},{"not_picked":["BigCrunch","MillisecondPulsars"],"picked":"BinaryStars","floor":16.0},{"not_picked":["MilkyWay","GrandCross"],"picked":"Acceleration","floor":18.0},{"not_picked":["SprinkleStarSeal","GravityBeat"],"picked":"Orbital+1","floor":19.0},{"not_picked":["MysteriousBeam","GrandCross"],"picked":"MilkyWay","floor":20.0},{"not_picked":["LuminesStrike","PropBag+1","EnergyRecoil+1"],"picked":"SKIP","floor":21.0},{"not_picked":["DeepEcoloBomb","BlazeAway+1","GravityBeat+1"],"picked":"SKIP","floor":22.0},{"not_picked":["JA","EventHorizon"],"picked":"EarthLightRay+1","floor":23.0},{"not_picked":["ChargeUpSpray","OneTimeOff"],"picked":"ShootTheMoon","floor":25.0},{"not_picked":["GrandCross","DragonMeteor","AlicesGift"],"picked":"SKIP","floor":28.0},{"not_picked":["DeepEcoloBomb+1","UnstableBomb","WitchLeyline"],"picked":"SKIP","floor":30.0},{"not_picked":["PropBag","AlicesGift"],"picked":"Orbital+1","floor":35},{"not_picked":["OortCloud+1","GalacticHalo+1"],"picked":"Acceleration+1","floor":37},{"not_picked":["PropBag+1","StarlightTyphoon"],"picked":"Acceleration","floor":39},{"not_picked":["WitchLeyline+1","EventHorizon"],"picked":"ShootingEcho","floor":41},{"not_picked":["StarBarrage","Singularity+1"],"picked":"EnergyFlow","floor":44},{"not_picked":["AsteroidBelt","GalacticHalo"],"picked":"OrrerysSun+1","floor":46},{"not_picked":["EarthLightRay","NonDirectionalLaser+1","ShootTheMoon"],"picked":"SKIP","floor":47},{"not_picked":["Survey Options","PanicButton"],"picked":"Flash of Steel","floor":48},{"not_picked":["EscapeVelocity","ManaRampage"],"picked":"MeteoricShower","floor":54}],"player_experience":2454134,"relics_obtained":[{"floor":8.0,"key":"Peace Pipe"},{"floor":10.0,"key":"MealTicket"},{"floor":15.0,"key":"Blood Vial"},{"floor":23.0,"key":"Darkstone Periapt"},{"floor":25.0,"key":"Onion Ring"},{"floor":26.0,"key":"Bronze Scales"},{"floor":36,"key":"ReplayTheSpireMod:Ring of Collecting"},{"floor":37,"key":"CatCart"},{"floor":39,"key":"Incense Burner"},{"floor":41,"key":"Chameleon Ring"},{"floor":44,"key":"Centennial Puzzle"},{"floor":54,"key":"Bag of Marbles"}],"event_choices":[{"damage_healed":0.0,"max_hp_gain":0.0,"max_hp_loss":0.0,"gold_gain":0.0,"event_name":"betterThird:BetterGoop","player_choice":"Slimed","floor":5.0,"gold_loss":34.0,"damage_taken":11.0},{"damage_healed":0.0,"max_hp_gain":0.0,"max_hp_loss":0.0,"gold_gain":100.0,"event_name":"Golden Shrine","player_choice":"Pray","floor":12.0,"gold_loss":0.0,"damage_taken":0.0},{"damage_healed":0,"gold_gain":0,"player_choice":"Fight","damage_taken":0,"max_hp_gain":0,"max_hp_loss":0,"event_name":"OrinTheCat","floor":37,"gold_loss":0},{"damage_healed":0,"gold_gain":0,"player_choice":"Fight","damage_taken":0,"max_hp_gain":0,"max_hp_loss":0,"event_name":"MindBloom","floor":39,"gold_loss":0},{"damage_healed":0,"gold_gain":0,"player_choice":"Memory 1","damage_taken":0,"max_hp_gain":0,"max_hp_loss":0,"event_name":"SensoryStone","floor":48,"gold_loss":0}],"is_beta":false,"boss_relics":[{"not_picked":["Sozu","Pandora\u0027s Box"],"picked":"Cursed Key"},{"not_picked":["hubris:GrandSneckoEye","Ring of Chaos"],"picked":"ChewingGum"}],"items_purged_floors":[4,31,38,42],"is_endless":false,"potions_floor_spawned":[1,7,10,19,20,28,33,39,44,47,54],"ascension_level":5}}