{"host":"fkig9nrckec4xsh0","time":1613179189,"event":{"mods":["Act Like it!","BaseMod","Colored Map","Gensokyo","Hermit","Marisa????????","Minty Spire (QoL Compilation)","Quick Restart","Replay The Spire","StSLib"],"gold_per_floor":[111,111,134,209,209,247,247,280,307,307,346,360,360,84,84,84,84],"floor_reached":16,"language":"ENG","playtime":831,"items_purged":["Defend_G"],"score":254,"play_id":"56a844af-1fbc-4f95-8b4a-68495bddef15","local_time":"20210212201949","is_ascension_mode":true,"campfire_choices":[{"data":"Riddle With Holes","floor":7,"key":"SMITH"},{"floor":10,"key":"REST"},{"floor":13,"key":"REST"},{"data":"ReplayTheSpireMod:The Works","floor":15,"key":"SMITH"}],"circlet_count":0,"master_deck":["AscendersBane","Strike_G","Strike_G","Strike_G","Strike_G","Strike_G","Defend_G","Defend_G","Defend_G","Defend_G","Survivor","Neutralize","Acrobatics","Riddle With Holes+1","ReplayTheSpireMod:The Works+1","Calculated Gamble","Hidden Blade+1"],"relics":["Ring of the Snake","NeowsBlessing","Golden Idol","Blood Vial","Replay:Kaleidoscope","Bag of Marbles","Regal Pillow","TwistedFunnel"],"acts_visited":["Exordium"],"potions_floor_usage":[11,11,12],"damage_taken":[{"damage":0,"enemies":"Cultist","floor":1,"turns":1},{"damage":0,"enemies":"Jaw Worm","floor":3,"turns":1},{"damage":0,"enemies":"Gremlin Nob","floor":6,"turns":1},{"damage":56,"enemies":"3 Sentries","floor":8,"turns":12},{"damage":50,"enemies":"Gremlin Nob","floor":11,"turns":7},{"damage":0,"enemies":"Small Slimes","floor":12,"turns":2},{"damage":44,"enemies":"Slime Boss","floor":16,"turns":6}],"seed_played":"3786348045084757998","potions_obtained":[{"floor":8,"key":"ColorlessPotion"}],"is_trial":false,"path_per_floor":["M","?","M","?","?","E","R","E","T","R","E","M","R","$","R","B"],"character_chosen":"THE_SILENT","items_purchased":["Hidden Blade+1","TwistedFunnel"],"campfire_rested":2,"item_purchase_floors":[14,14],"current_hp_per_floor":[59,36,36,25,66,66,66,10,10,29,4,6,40,40,40,0,0],"gold":84,"neow_bonus":"THREE_ENEMY_KILL","is_daily":false,"chose_seed":false,"campfire_upgraded":2,"win_rate":0.0,"timestamp":1613179189,"path_taken":["M","?","M","?","?","E","R","E","T","R","E","M","R","$","R","BOSS"],"items_purchased_type":["Card","Relic"],"build_version":"2020-12-22","purchased_purges":1,"victory":false,"max_hp_per_floor":[66,66,66,66,66,66,66,66,66,66,66,66,66,66,66,66,66],"card_choices":[{"not_picked":["Sucker Punch","Predator"],"picked":"Acrobatics","floor":1},{"not_picked":["PiercingWail","Cloak And Dagger"],"picked":"Reflex","floor":3},{"not_picked":["Toxin Wave","Quick Slash"],"picked":"Riddle With Holes","floor":6},{"not_picked":["Calculated Gamble","Acrobatics"],"picked":"ReplayTheSpireMod:The Works","floor":8},{"not_picked":["Outmaneuver","Venomology"],"picked":"Calculated Gamble","floor":11},{"not_picked":["Cloak And Dagger","Flying Knee","Caltrops"],"picked":"SKIP","floor":12}],"player_experience":435472,"relics_obtained":[{"floor":6,"key":"Blood Vial"},{"floor":8,"key":"Replay:Kaleidoscope"},{"floor":9,"key":"Bag of Marbles"},{"floor":11,"key":"Regal Pillow"}],"event_choices":[{"damage_healed":0,"gold_gain":0,"player_choice":"Take Damage","damage_taken":23,"relics_obtained":["Golden Idol"],"max_hp_gain":0,"max_hp_loss":0,"event_name":"Golden Idol","floor":2,"gold_loss":0},{"damage_healed":0,"gold_gain":75,"player_choice":"Gather Gold","damage_taken":11,"max_hp_gain":0,"max_hp_loss":0,"event_name":"World of Goop","floor":4,"gold_loss":0},{"cards_removed":["Reflex"],"damage_healed":41,"gold_gain":0,"player_choice":"Offered Uncommon","damage_taken":0,"max_hp_gain":0,"max_hp_loss":0,"event_name":"Bonfire Elementals","floor":5,"gold_loss":0}],"is_beta":false,"boss_relics":[],"items_purged_floors":[14],"is_endless":false,"potions_floor_spawned":[8],"killed_by":"Slime Boss","ascension_level":16}}