{"host":"nonrudiqgwgca70t","time":1613243254,"event":{"mods":["BaseMod","Downfall","Hermit","MarisaÅiñ∂âJÅ@ñÇóùçπÅj","Minty Spire (QoL Compilation)","StSLib","The Cursed","The Disciple","The Servant 0.9.4"],"gold_per_floor":[113,113,132,10,25,54,54,89,116,136,202,202,217,293,293,390,390,410,25,25,39,39,39,56,56,80,92,104,117,133,152,152,249,249,268,286,286,286,71,71,71,71,71,123,12,22,72,72,72,72,72],"floor_reached":50,"language":"ENG","playtime":7004,"items_purged":[],"score":552,"play_id":"91cd514a-45a7-414e-a713-76b0bf8c49aa","local_time":"20210213120734","is_ascension_mode":false,"campfire_choices":[{"data":"TheCursedMod:RavingStaff","floor":7.0,"key":"SMITH"},{"data":"TheCursedMod:CollectTribute","floor":12.0,"key":"SMITH"},{"data":"TheCursedMod:CursedMace","floor":15.0,"key":"SMITH"},{"data":"TheCursedMod:FleshFromBone","floor":23.0,"key":"SMITH"},{"data":"TheCursedMod:HellfireBreathing","floor":25.0,"key":"SMITH"},{"data":"TheCursedMod:ManaBullet","floor":32.0,"key":"SMITH"},{"data":"TheCursedMod:Hemoplague","floor":40.0,"key":"SMITH"},{"data":"TheCursedMod:CleanUpWorkshop","floor":42.0,"key":"SMITH"},{"data":"TheCursedMod:ReleasedKnowledge","floor":49.0,"key":"SMITH"}],"circlet_count":0,"master_deck":["TheCursedMod:Strike_TheCursed","TheCursedMod:Strike_TheCursed","TheCursedMod:Strike_TheCursed","TheCursedMod:Strike_TheCursed","TheCursedMod:Defend_TheCursed","TheCursedMod:Defend_TheCursed","TheCursedMod:Defend_TheCursed","TheCursedMod:Defend_TheCursed","TheCursedMod:CursedWand+1","TheCursedMod:CleanUpWorkshop+1","TheCursedMod:Dregs","TheCursedMod:WearCloak","TheCursedMod:RavingStaff+1","TheCursedMod:CursedStaff","TheCursedMod:CursedMace+1","TheCursedMod:ReleasedKnowledge+1","TheCursedMod:CollectTribute+1","TheCursedMod:TacticalStrike","TheCursedMod:FleshFromBone+1","TheCursedMod:StunningStrike","TheCursedMod:HellfireBreathing+1","TheCursedMod:Grudge+1","TheCursedMod:Obscuration+1","Ghostly+1","Ghostly+1","Ghostly+1","Ghostly+1","Ghostly+1","TheCursedMod:Evocation+1","TheCursedMod:SaltUponWound+1","TheCursedMod:BlessingInDisguise+1","TheCursedMod:FuryStrike+1","TheCursedMod:ManaBullet+1","TheCursedMod:SpreadPlague+1","TheCursedMod:AntiAging+1","TheCursedMod:FleshFromBone+1","TheCursedMod:CursedStaff","TheCursedMod:Hemoplague+1","TheCursedMod:SpitefulPlan","TheCursedMod:Neurasthenia+1","TheCursedMod:Hemoplague+1","Master of Strategy+1"],"relics":["TheCursedMod:BlackMagic101","NeowsBlessing","Art of War","Juzu Bracelet","Toy Ornithopter","Toxic Egg 2","SlaversCollar","Pocketwatch","Tiny Chest","TheCursedMod:FourLeafCloverCharm","Membership Card","Prayer Wheel","Happy Flower","Ice Cream"],"acts_visited":["Exordium","TheCity","TheBeyond"],"potions_floor_usage":[],"damage_taken":[{"damage":0.0,"enemies":"Jaw Worm","floor":1.0,"turns":1.0},{"damage":0.0,"enemies":"2 Louse","floor":3.0,"turns":1.0},{"damage":0.0,"enemies":"Cultist","floor":5.0,"turns":1.0},{"damage":27.0,"enemies":"Gremlin Nob","floor":6.0,"turns":4.0},{"damage":9.0,"enemies":"3 Sentries","floor":8.0,"turns":6.0},{"damage":0.0,"enemies":"2 Fungi Beasts","floor":10.0,"turns":2.0},{"damage":2.0,"enemies":"Looter","floor":13.0,"turns":2.0},{"damage":26.0,"enemies":"Hexaghost","floor":16.0,"turns":9.0},{"damage":2.0,"enemies":"Shell Parasite","floor":18.0,"turns":4.0},{"damage":35.0,"enemies":"3 Byrds","floor":21.0,"turns":6.0},{"damage":3.0,"enemies":"Snecko","floor":24.0,"turns":7.0},{"damage":3.0,"enemies":"Snake Plant","floor":27.0,"turns":2.0},{"damage":6.0,"enemies":"Sentry and Sphere","floor":28.0,"turns":6.0},{"damage":1.0,"enemies":"Centurion and Healer","floor":29.0,"turns":8.0},{"damage":14.0,"enemies":"Snake Plant","floor":30.0,"turns":3.0},{"damage":4.0,"enemies":"3 Cultists","floor":31.0,"turns":7.0},{"damage":5.0,"enemies":"Champ","floor":33.0,"turns":13.0},{"damage":14.0,"enemies":"Orb Walker","floor":35.0,"turns":5.0},{"damage":3.0,"enemies":"3 Darklings","floor":36.0,"turns":8.0},{"damage":0.0,"enemies":"Sphere and 2 Shapes","floor":46.0,"turns":10.0},{"damage":0.0,"enemies":"Mind Bloom Boss Battle","floor":47.0,"turns":5.0},{"damage":50,"enemies":"Donu and Deca","floor":50,"turns":8}],"seed_played":"3495872743533290818","potions_obtained":[{"floor":3.0,"key":"Swift Potion"},{"floor":5.0,"key":"sneckomod:MuddlingPotion"},{"floor":20.0,"key":"LiquidMemories"},{"floor":20.0,"key":"FearPotion"},{"floor":24.0,"key":"AttackPotion"},{"floor":27.0,"key":"AttackPotion"},{"floor":29.0,"key":"Guardian:BlockOnCardUsePotion"},{"floor":35.0,"key":"bronze:BurnAndBuffPotion"}],"is_trial":false,"path_per_floor":["M","?","M","$","M","E","R","E","T","M","?","R","M","T","R","B",null,"M","$","?","M","?","R","M","R","T","M","M","M","M","M","R","B",null,"M","M","?","?","$","R","?","R","T","T","$","M","?","?","R","B"],"character_chosen":"THE_CURSED","items_purchased":["TheCursedMod:SurpriseAttack","TheCursedMod:CursedStaff","Pocketwatch","TheCursedMod:Grudge+1","Membership Card","TheCursedMod:CursedStaff","TheCursedMod:Hemoplague","TheCursedMod:SpitefulPlan","TheCursedMod:Neurasthenia+1"],"campfire_rested":0,"item_purchase_floors":[4,4,19,19,39,39,39,45,45],"current_hp_per_floor":[75,75,75,75,75,48,48,39,39,39,39,39,37,37,37,11,75,73,73,73,40,37,37,34,34,34,36,30,29,15,11,11,21,37,26,26,26,26,26,26,26,26,26,26,26,29,32,32,32,0,0],"gold":72,"neow_bonus":"THREE_ENEMY_KILL","is_daily":false,"chose_seed":false,"campfire_upgraded":9,"win_rate":0.0,"timestamp":1613243254,"path_taken":["M","?","M","$","M","E","R","E","T","M","?","R","M","?","R","BOSS","M","$","?","M","?","R","M","R","T","M","M","M","M","M","R","BOSS","M","M","?","?","$","R","?","R","T","?","?","M","?","?","R","BOSS"],"items_purchased_type":["Card","Card","Relic","Card","Relic","Card","Card","Card","Card"],"build_version":"2020-12-22","purchased_purges":0,"victory":false,"max_hp_per_floor":[75,75,75,75,75,75,75,75,75,75,75,75,75,75,75,75,75,75,75,75,75,37,37,37,37,37,37,37,37,37,37,37,37,37,40,43,43,43,43,43,43,43,43,43,43,46,49,49,49,49,49],"card_choices":[{"not_picked":["TheCursedMod:EmpowerCircles","TheCursedMod:SpitefulPlan"],"picked":"TheCursedMod:WearCloak","floor":1.0},{"not_picked":["TheCursedMod:AbyssShockwave","TheCursedMod:CircleOfAmplification"],"picked":"TheCursedMod:RavingStaff","floor":3.0},{"not_picked":["TheCursedMod:CircleOfFlame","TheCursedMod:Stretching"],"picked":"TheCursedMod:CursedMace","floor":5.0},{"not_picked":["TheCursedMod:SmokeScreen","TheCursedMod:RavingStaff"],"picked":"TheCursedMod:ReleasedKnowledge","floor":6.0},{"not_picked":["TheCursedMod:StingEye","TheCursedMod:BloodBarrier"],"picked":"TheCursedMod:CollectTribute","floor":8.0},{"not_picked":["TheCursedMod:CursedAmulet","TheCursedMod:CircleOfWindfury"],"picked":"TheCursedMod:TacticalStrike","floor":10.0},{"not_picked":["TheCursedMod:Stretching","TheCursedMod:RapidMovement"],"picked":"TheCursedMod:FleshFromBone","floor":13.0},{"not_picked":["TheCursedMod:DemonicPact","TheCursedMod:ParallelWorld+1"],"picked":"TheCursedMod:StunningStrike","floor":16.0},{"not_picked":["TheCursedMod:CircleOfCorruption+1","TheCursedMod:FuryStrike+1"],"picked":"TheCursedMod:HellfireBreathing","floor":18.0},{"not_picked":["TheCursedMod:VitalStrike","TheCursedMod:CursedShiv"],"picked":"TheCursedMod:Obscuration+1","floor":21.0},{"not_picked":["TheCursedMod:CircleOfFlame+1","TheCursedMod:SmokeScreen+1"],"picked":"TheCursedMod:Evocation+1","floor":24.0},{"not_picked":["TheCursedMod:Stigma+1","TheCursedMod:Torture+1"],"picked":"TheCursedMod:SaltUponWound+1","floor":27.0},{"not_picked":["TheCursedMod:SpitefulStrike","TheCursedMod:Hemoplague"],"picked":"TheCursedMod:BlessingInDisguise+1","floor":28.0},{"not_picked":["TheCursedMod:BlessingInDisguise+1","TheCursedMod:CursedBoomerang"],"picked":"TheCursedMod:FuryStrike+1","floor":29.0},{"not_picked":["TheCursedMod:CursedAmulet+1","TheCursedMod:TacticalStrike"],"picked":"TheCursedMod:ManaBullet","floor":30.0},{"not_picked":["TheCursedMod:Obscuration+1","TheCursedMod:RapidMovement+1"],"picked":"TheCursedMod:SpreadPlague+1","floor":31.0},{"not_picked":["TheCursedMod:OutForBlood","TheCursedMod:CursedRelics"],"picked":"TheCursedMod:AntiAging+1","floor":33.0},{"not_picked":["TheCursedMod:CursedBlade+1","TheCursedMod:Stigma+1"],"picked":"TheCursedMod:FleshFromBone+1","floor":35.0},{"not_picked":["TheCursedMod:RavingStaff+1","TheCursedMod:TacticalStrike","TheCursedMod:PrepareRite+1"],"picked":"SKIP","floor":36.0},{"not_picked":["TheCursedMod:SmokeScreen+1","TheCursedMod:TroublousMinions+1","TheCursedMod:RapidMovement+1"],"picked":"SKIP","floor":46.0},{"not_picked":["TheCursedMod:Mangle","TheCursedMod:Wield","TheCursedMod:EmpowerCircles+1"],"picked":"SKIP","floor":46.0},{"not_picked":["TheCursedMod:HellfireBreathing","TheCursedMod:BlessingInDisguise+1"],"picked":"TheCursedMod:Hemoplague+1","floor":47.0},{"not_picked":["Trip+1","Panacea+1"],"picked":"Master of Strategy+1","floor":48.0}],"player_experience":155317,"relics_obtained":[{"floor":6.0,"key":"Art of War"},{"floor":8.0,"key":"Juzu Bracelet"},{"floor":9.0,"key":"Toy Ornithopter"},{"floor":14.0,"key":"Toxic Egg 2"},{"floor":26.0,"key":"Tiny Chest"},{"floor":43.0,"key":"Prayer Wheel"},{"floor":44.0,"key":"Happy Flower"},{"floor":47.0,"key":"Ice Cream"}],"event_choices":[{"damage_healed":0.0,"max_hp_gain":0.0,"max_hp_loss":0.0,"gold_gain":0.0,"event_name":"Living Wall","player_choice":"Grow","floor":2.0,"gold_loss":0.0,"damage_taken":0.0,"cards_upgraded":["TheCursedMod:CursedWand"]},{"damage_healed":0.0,"max_hp_gain":0.0,"max_hp_loss":0.0,"gold_gain":66.0,"event_name":"Golden Wing","player_choice":"Gained Gold","floor":11.0,"gold_loss":0.0,"damage_taken":0.0},{"damage_healed":0.0,"max_hp_gain":0.0,"max_hp_loss":0.0,"gold_gain":0.0,"event_name":"Lab","player_choice":"Got Potions","floor":20.0,"gold_loss":0.0,"damage_taken":0.0},{"damage_healed":0.0,"max_hp_gain":0.0,"max_hp_loss":38.0,"gold_gain":0.0,"event_name":"Ghosts","player_choice":"Became a Ghost","floor":22.0,"gold_loss":0.0,"damage_taken":0.0,"cards_obtained":["Ghostly","Ghostly","Ghostly","Ghostly","Ghostly"]},{"damage_healed":0.0,"max_hp_gain":0.0,"max_hp_loss":0.0,"gold_gain":0.0,"event_name":"Tomb of Lord Red Mask","player_choice":"Ignored","floor":37.0,"gold_loss":0.0,"damage_taken":0.0},{"damage_healed":0.0,"max_hp_gain":0.0,"max_hp_loss":0.0,"gold_gain":0.0,"event_name":"Mysterious Sphere","player_choice":"Ignored","floor":38.0,"gold_loss":0.0,"damage_taken":0.0},{"cards_removed":["TheCursedMod:SurpriseAttack"],"damage_healed":0.0,"max_hp_gain":0.0,"max_hp_loss":0.0,"gold_gain":0.0,"event_name":"Falling","player_choice":"Removed Attack","floor":41.0,"gold_loss":0.0,"damage_taken":0.0},{"damage_healed":0.0,"max_hp_gain":0.0,"max_hp_loss":0.0,"gold_gain":0.0,"event_name":"MindBloom","player_choice":"Fight","floor":47.0,"gold_loss":0.0,"damage_taken":0.0},{"damage_healed":0.0,"max_hp_gain":0.0,"max_hp_loss":0.0,"gold_gain":0.0,"event_name":"SensoryStone","player_choice":"Memory 1","floor":48.0,"gold_loss":0.0,"damage_taken":0.0}],"is_beta":false,"boss_relics":[{"not_picked":["Philosopher\u0027s Stone","Coffee Dripper"],"picked":"SlaversCollar"},{"not_picked":["bronze:MakeshiftBattery","Calling Bell"],"picked":"TheCursedMod:FourLeafCloverCharm"}],"items_purged_floors":[],"is_endless":false,"potions_floor_spawned":[3,5,24,27,29,31,35],"killed_by":"Donu and Deca","ascension_level":0}}