{"host":"ix07nhfx4o3nf6kx","time":1613213697,"event":{"mods":["BaseMod","Hermit","Minty Spire (QoL Compilation)","StSLib","The Bug Knight","The Cursed","The Dragon Tamer","The Hierophant","The Jungle","The Runesmith"],"gold_per_floor":[119,194,194,194,204,204,219,219,219,230,230,230,155,179,179,219,219,229,229,233,185,163,163,28,28,28,28,28,54,15,52,52,0,0],"floor_reached":33,"language":"KOR","playtime":3825,"items_purged":[],"score":260,"play_id":"0a1cdd92-4096-4fbf-a4d5-d58a41ba182a","local_time":"20210213195457","is_ascension_mode":false,"campfire_choices":[{"data":"hierophant:ChurchCoffers","floor":6,"key":"SMITH"},{"floor":15,"key":"REST"},{"floor":23,"key":"REST"},{"data":"hierophant:Flagellation","floor":25,"key":"SMITH"},{"data":"hierophant:Generosity","floor":27,"key":"SMITH"},{"floor":32,"key":"REST"}],"circlet_count":0,"master_deck":["hierophant:Strike_Hierophant","hierophant:Strike_Hierophant","hierophant:Strike_Hierophant","hierophant:Strike_Hierophant","hierophant:Punish","hierophant:Defend_Hierophant","hierophant:Defend_Hierophant","hierophant:Defend_Hierophant","hierophant:Defend_Hierophant","hierophant:ChurchCoffers+1","hierophant:AuricShield","hierophant:OrnateBuckler","hierophant:Doubloon","hierophant:CoinFling+1","hierophant:Mercenaries","hierophant:CursedGold","hierophant:Doubloon","hierophant:Zeal","hierophant:Doubloon","hierophant:Generosity+1","CurseOfTheBell","hierophant:DisplayOfPower+1","hierophant:Doubloon","hierophant:Refuge+1","hierophant:Flagellation+1","hierophant:Empathy+1","hierophant:ArchangelShield","hierophant:Shelter"],"relics":["hierophant:PropheticMaskRelic","Ice Cream","Thread and Needle","Calling Bell","Tiny Chest","Shuriken","Unceasing Top","theJungle:Flamango","Gremlin Horn","Vajra"],"acts_visited":["Exordium","Exordium"],"potions_floor_usage":[16,16,22,33,33],"damage_taken":[{"damage":11,"enemies":"Jaw Worm","floor":1,"turns":6},{"damage":5,"enemies":"Small Slimes","floor":5,"turns":3},{"damage":0,"enemies":"Cultist","floor":7,"turns":4},{"damage":0,"enemies":"Large Slime","floor":10,"turns":7},{"damage":0,"enemies":"Blue Slaver","floor":14,"turns":3},{"damage":60,"enemies":"Hexaghost","floor":16,"turns":14},{"damage":22,"enemies":"theJungle:MUSHROOMGANG","floor":18,"turns":7},{"damage":11,"enemies":"theJungle:GiantWrat","floor":20,"turns":5},{"damage":18,"enemies":"theJungle:JungleHuntersEncounter","floor":21,"turns":9},{"damage":0,"enemies":"theJungle:2_Snecko_Cultists","floor":22,"turns":4},{"damage":31,"enemies":"Snake Plant","floor":31,"turns":4},{"damage":94,"enemies":"theJungle:QueenSpyder","floor":33,"turns":32}],"seed_played":"-7693531370122757867","potions_obtained":[{"floor":1,"key":"Fire Potion"},{"floor":3,"key":"Weak Potion"},{"floor":3,"key":"FairyPotion"},{"floor":16,"key":"SneckoOil"},{"floor":22,"key":"DuplicationPotion"},{"floor":31,"key":"GamblersBrew"}],"is_trial":false,"path_per_floor":["M","?","?","$","M","R","M","?","T","M","T","?","$","M","R","B",null,"M","$","M","M","M","R","?","R","T","R","$","T","$","M","R","B"],"character_chosen":"HIEROPHANT","items_purchased":["hierophant:CursedGold","hierophant:ArchangelShield"],"campfire_rested":3,"item_purchase_floors":[13,30],"current_hp_per_floor":[71,60,60,60,55,55,55,48,48,48,48,48,48,48,72,12,82,60,60,49,31,31,55,55,55,55,55,55,55,55,24,48,0,0],"gold":0,"neow_bonus":"TEN_PERCENT_HP_BONUS","is_daily":false,"chose_seed":false,"campfire_upgraded":3,"win_rate":0.0,"timestamp":1613213697,"path_taken":["M","?","?","$","?","R","M","?","T","M","?","?","$","M","R","BOSS","M","?","?","M","M","R","?","R","T","R","$","?","$","M","R","BOSS"],"items_purchased_type":["Card","Card"],"build_version":"2020-12-22","purchased_purges":0,"victory":false,"max_hp_per_floor":[82,82,82,82,82,82,82,82,82,82,82,82,82,82,82,82,82,82,82,82,82,82,82,82,82,82,82,82,82,82,82,82,82,82],"card_choices":[{"not_picked":["hierophant:AuricBeam","hierophant:Smite"],"picked":"hierophant:AuricShield","floor":1},{"not_picked":["hierophant:Encroach","hierophant:Community"],"picked":"hierophant:OrnateBuckler","floor":5},{"not_picked":["hierophant:MorningPrayer","hierophant:Alms"],"picked":"hierophant:CoinFling","floor":7},{"not_picked":["hierophant:ThreeLashes","hierophant:Kindle"],"picked":"hierophant:Mercenaries","floor":10},{"not_picked":["hierophant:DisplayOfPower","hierophant:Invocation"],"picked":"hierophant:Zeal","floor":14},{"not_picked":["hierophant:Batter","hierophant:Invocation"],"picked":"hierophant:Generosity","floor":16},{"not_picked":["hierophant:Sermon","hierophant:EyeForCoin"],"picked":"hierophant:DisplayOfPower+1","floor":18},{"not_picked":["hierophant:MorningPrayer","hierophant:DeathKnell"],"picked":"hierophant:Refuge+1","floor":20},{"not_picked":["hierophant:TollTheBells","hierophant:MorningPrayer+1"],"picked":"hierophant:Flagellation","floor":21},{"not_picked":["hierophant:Blessing+1","hierophant:Doubloon"],"picked":"hierophant:Empathy+1","floor":22},{"not_picked":["hierophant:FlamingChariot","hierophant:Purify"],"picked":"hierophant:Shelter","floor":31}],"player_experience":264027,"relics_obtained":[{"floor":11,"key":"Thread and Needle"},{"floor":17,"key":"Tiny Chest"},{"floor":17,"key":"Shuriken"},{"floor":17,"key":"Unceasing Top"},{"floor":26,"key":"Gremlin Horn"},{"floor":29,"key":"Vajra"}],"event_choices":[{"damage_healed":0,"gold_gain":75,"player_choice":"Gather Gold","damage_taken":11,"max_hp_gain":0,"max_hp_loss":0,"event_name":"World of Goop","floor":2,"gold_loss":0},{"damage_healed":0,"gold_gain":0,"player_choice":"Got Potions","damage_taken":0,"max_hp_gain":0,"max_hp_loss":0,"event_name":"Lab","floor":3,"gold_loss":0},{"damage_healed":0,"gold_gain":0,"player_choice":"Success","damage_taken":7,"relics_obtained":["Ice Cream"],"max_hp_gain":0,"max_hp_loss":0,"event_name":"Scrap Ooze","floor":8,"gold_loss":0},{"damage_healed":0,"gold_gain":0,"player_choice":"Forge","damage_taken":0,"max_hp_gain":0,"max_hp_loss":0,"event_name":"Accursed Blacksmith","floor":12,"gold_loss":0,"cards_upgraded":["hierophant:CoinFling"]}],"is_beta":false,"boss_relics":[{"not_picked":["Busted Crown","Runic Dome"],"picked":"Calling Bell"}],"items_purged_floors":[],"is_endless":false,"potions_floor_spawned":[1,7,16,22,31],"killed_by":"theJungle:QueenSpyder","ascension_level":0}}