{"host":"wuernuywc9gl215o","time":1613250275,"event":{"mods":["2.2 Compatiblity","AchievementEnabler","BaseMod","Bestiary","Block Reminder","Displayed Cursed Tome","Highlight Path","Key Reminder","Minty Spire (QoL Compilation)","Permanent Neow","Potion Indicator Mod","Quick Restart","Rare Cards Sparkle","Relic Stats","ojb\u0027s Info Mod"],"gold_per_floor":[99,99,99,99,99,99,99],"floor_reached":6,"language":"ENG","playtime":505,"items_purged":[],"score":51,"play_id":"1a67cef1-1b3f-498b-a45f-cb940ac4099e","local_time":"20210213210435","is_ascension_mode":true,"campfire_choices":[],"circlet_count":0,"master_deck":["Strike_B","Strike_B","Strike_B","Defend_B","Defend_B","Defend_B","Defend_B","Zap","Dualcast","Fusion","Steam","Hologram","Conserve Battery"],"relics":["Ectoplasm"],"acts_visited":["Exordium"],"potions_floor_usage":[],"damage_taken":[{"damage":2.0,"enemies":"Jaw Worm","floor":1.0,"turns":3.0},{"damage":9,"enemies":"Cultist","floor":2,"turns":5},{"damage":4,"enemies":"Small Slimes","floor":4,"turns":5},{"damage":2,"enemies":"3 Louse","floor":5,"turns":5},{"damage":90,"enemies":"Gremlin Nob","floor":6,"turns":5}],"seed_played":"731198056291032095","potions_obtained":[{"floor":1.0,"key":"LiquidMemories"},{"floor":2,"key":"PotionOfCapacity"}],"is_trial":false,"path_per_floor":["M","M","?","M","M","E"],"character_chosen":"DEFECT","items_purchased":[],"campfire_rested":0,"item_purchase_floors":[],"current_hp_per_floor":[66,57,57,53,51,0,0],"gold":99,"neow_bonus":"BOSS_RELIC","is_daily":false,"chose_seed":false,"campfire_upgraded":0,"win_rate":0.0,"timestamp":1613250275,"path_taken":["M","M","?","M","M","E"],"items_purchased_type":[],"build_version":"2020-12-22","purchased_purges":0,"victory":false,"max_hp_per_floor":[75,75,75,75,75,75,75],"relic_stats":{"counters":[5,23],"Ectoplasm":71,"obtain_stats":[{"Ectoplasm":0,"Cracked Core":0},{"Ectoplasm":0,"Cracked Core":0},{"Ectoplasm":0,"Cracked Core":0}]},"card_choices":[{"not_picked":["Leap","Hello World"],"picked":"Fusion","floor":1.0},{"not_picked":["Rebound","Streamline"],"picked":"Steam","floor":2},{"not_picked":["Aggregate","All For One"],"picked":"Hologram","floor":4},{"not_picked":["Hello World","Stack"],"picked":"Conserve Battery","floor":5}],"player_experience":944326,"relics_obtained":[],"event_choices":[{"cards_removed":["Strike_B"],"damage_healed":0,"gold_gain":0,"player_choice":"Offered Basic","damage_taken":0,"max_hp_gain":0,"max_hp_loss":0,"event_name":"Bonfire Elementals","floor":3,"gold_loss":0}],"is_beta":false,"boss_relics":[],"items_purged_floors":[],"is_endless":false,"potions_floor_spawned":[1,2],"killed_by":"Gremlin Nob","ascension_level":7}}