{"host":"fiyb7gvx7tok3jeh","time":1613255598,"event":{"mods":["BaseMod","Colored Map","Colored Powertips","DeckTracker","Googly Eyes","Highlight Path","Minty Spire (QoL Compilation)"],"gold_per_floor":[114,189,189,200,217,243,243,273,273,287,287,312,329,389,389,488,488,505,281,281,294,313,313,330,359,383,383,78,105,105,138,138,234,234,253,1,1,20,20,20,51,62,62,76,76,106,125,159,159,159,159,159,34,65,65,65],"floor_reached":55,"language":"ENG","playtime":3441,"items_purged":["Defend_P","Collect+1","LessonLearned+1"],"score":1066,"play_id":"f506c12d-f256-4c2b-8bf3-4e0f3cf7cdeb","local_time":"20210214003318","is_ascension_mode":true,"campfire_choices":[{"data":"Vault","floor":7,"key":"SMITH"},{"data":"1","floor":11,"key":"LIFT"},{"data":"2","floor":15,"key":"LIFT"},{"data":"3","floor":23,"key":"LIFT"},{"data":"Eruption","floor":27,"key":"SMITH"},{"data":"SpiritShield","floor":32,"key":"SMITH"},{"data":"Scrawl","floor":40,"key":"SMITH"},{"floor":45,"key":"RECALL"},{"floor":49,"key":"REST"},{"floor":52,"key":"REST"}],"circlet_count":0,"master_deck":["Strike_P+1","Strike_P+1","Strike_P+1","Eruption+1","Vigilance+1","Protect+1","SashWhip+1","Vault+1","ThirdEye+1","ClearTheMind+1","SashWhip+1","Scrawl+1","SpiritShield+1","CutThroughFate+1","WindmillStrike+1","SpiritShield+1","Scrawl+1","Judgement+1","Halt+1","Madness+1","Madness+1","Evaluate+1","Protect+1"],"relics":["PureWater","NeowsBlessing","Boot","Girya","Meat on the Bone","Odd Mushroom","Letter Opener","Sozu","Oddly Smooth Stone","MealTicket","Omamori","Lizard Tail","GoldenEye","Red Mask","Astrolabe","War Paint","Bronze Scales","Calipers","Singing Bowl","Happy Flower"],"acts_visited":["Exordium","TheCity","TheBeyond","TheEnding"],"potions_floor_usage":[8,14,24,33,55],"damage_taken":[{"damage":0,"enemies":"Cultist","floor":1,"turns":1},{"damage":0,"enemies":"Small Slimes","floor":4,"turns":1},{"damage":0,"enemies":"2 Louse","floor":5,"turns":1},{"damage":43,"enemies":"3 Sentries","floor":6,"turns":5},{"damage":0,"enemies":"Gremlin Nob","floor":8,"turns":4},{"damage":16,"enemies":"Looter","floor":10,"turns":3},{"damage":0,"enemies":"The Mushroom Lair","floor":12,"turns":2},{"damage":0,"enemies":"2 Fungi Beasts","floor":13,"turns":4},{"damage":0,"enemies":"3 Sentries","floor":14,"turns":5},{"damage":32,"enemies":"The Guardian","floor":16,"turns":8},{"damage":0,"enemies":"3 Byrds","floor":18,"turns":6},{"damage":0,"enemies":"Shell Parasite","floor":21,"turns":4},{"damage":0,"enemies":"Centurion and Healer","floor":22,"turns":6},{"damage":0,"enemies":"Snecko","floor":24,"turns":4},{"damage":7,"enemies":"Slavers","floor":25,"turns":7},{"damage":16,"enemies":"Book of Stabbing","floor":29,"turns":5},{"damage":0,"enemies":"Masked Bandits","floor":31,"turns":2},{"damage":11,"enemies":"Collector","floor":33,"turns":11},{"damage":3,"enemies":"3 Darklings","floor":35,"turns":6},{"damage":0,"enemies":"3 Shapes","floor":38,"turns":4},{"damage":4,"enemies":"Nemesis","floor":41,"turns":4},{"damage":0,"enemies":"Spire Growth","floor":42,"turns":4},{"damage":0,"enemies":"Sphere and 2 Shapes","floor":44,"turns":2},{"damage":0,"enemies":"Reptomancer","floor":46,"turns":4},{"damage":0,"enemies":"Maw","floor":47,"turns":6},{"damage":0,"enemies":"Nemesis","floor":48,"turns":4},{"damage":86,"enemies":"Donu and Deca","floor":50,"turns":13},{"damage":45,"enemies":"Shield and Spear","floor":54,"turns":9},{"damage":46,"enemies":"The Heart","floor":55,"turns":10}],"seed_played":"732110484938208777","potions_obtained":[{"floor":6,"key":"DistilledChaos"},{"floor":10,"key":"Fire Potion"},{"floor":12,"key":"GamblersBrew"},{"floor":13,"key":"Ancient Potion"},{"floor":14,"key":"DistilledChaos"}],"is_trial":false,"path_per_floor":["M","?","?","M","M","E","R","E","T","M","R","?","M","?","R","B",null,"M","$","?","M","M","R","M","E","T","R","$","E","?","?","R","B",null,"M","$","?","M","$","R","E","M","T","M","R","E","M","E","R","B",null,"R","$","E","B"],"character_chosen":"WATCHER","items_purchased":["Oddly Smooth Stone","Lizard Tail","War Paint"],"campfire_rested":2,"item_purchase_floors":[19,28,36],"current_hp_per_floor":[72,61,61,61,61,18,18,18,18,14,14,26,38,38,38,18,59,59,59,59,59,59,59,59,52,52,52,67,51,51,51,51,40,64,61,72,63,63,72,72,68,68,68,68,68,68,68,70,74,49,68,74,74,43,0,0],"gold":65,"neow_bonus":"THREE_ENEMY_KILL","is_daily":false,"chose_seed":false,"campfire_upgraded":4,"win_rate":0.0,"timestamp":1613255598,"path_taken":["M","?","?","M","?","E","R","E","T","M","R","?","M","?","R","BOSS","M","$","?","M","M","R","M","E","T","R","$","E","?","?","R","BOSS","M","$","?","M","$","R","E","M","T","M","R","E","M","E","R","BOSS","R","$","E","BOSS"],"items_purchased_type":["Relic","Relic","Relic"],"build_version":"2020-12-22","purchased_purges":3,"victory":false,"max_hp_per_floor":[72,72,72,72,72,72,72,72,72,72,72,72,72,72,72,72,72,72,72,72,72,72,72,72,72,72,72,72,72,72,72,72,72,72,72,72,72,72,72,72,72,72,72,72,72,72,72,74,74,74,74,74,74,76,76,76],"card_choices":[{"not_picked":["Halt","JustLucky"],"picked":"Protect","floor":1},{"not_picked":["FlurryOfBlows","Halt"],"picked":"SashWhip","floor":4},{"not_picked":["EmptyFist","ThirdEye"],"picked":"Vault","floor":5},{"not_picked":["Evaluate","Halt"],"picked":"LessonLearned","floor":6},{"not_picked":["SashWhip","LikeWater"],"picked":"ThirdEye","floor":8},{"not_picked":["PathToVictory","WindmillStrike"],"picked":"ClearTheMind","floor":10},{"not_picked":["Pray","EmptyFist"],"picked":"SashWhip","floor":12},{"not_picked":["EmptyBody","Prostrate"],"picked":"Scrawl","floor":13},{"not_picked":["LessonLearned","Establishment"],"picked":"SpiritShield","floor":16},{"not_picked":["CarveReality","EmptyFist"],"picked":"CutThroughFate","floor":18},{"not_picked":["Halt","InnerPeace+1"],"picked":"WindmillStrike+1","floor":21},{"not_picked":["PathToVictory","Consecrate","FlurryOfBlows"],"picked":"SKIP","floor":22},{"not_picked":["Collect","JustLucky","Consecrate+1"],"picked":"SKIP","floor":24},{"not_picked":["Halt","Crescendo"],"picked":"SpiritShield","floor":25},{"not_picked":["CutThroughFate+1","Tantrum"],"picked":"Scrawl","floor":29},{"not_picked":["JustLucky","FollowUp","WaveOfTheHand+1"],"picked":"SKIP","floor":35},{"not_picked":["Perseverance+1","Wallop+1"],"picked":"Evaluate+1","floor":38},{"not_picked":["Adaptation","Wallop","DeceiveReality"],"picked":"SKIP","floor":41},{"not_picked":["FlurryOfBlows+1","Adaptation","Meditate"],"picked":"SKIP","floor":42},{"not_picked":["Prostrate","Alpha"],"picked":"Protect+1","floor":44},{"not_picked":["Evaluate+1","ThirdEye","Pray+1"],"picked":"SKIP","floor":46},{"not_picked":["ThirdEye+1","FearNoEvil+1","Vengeance+1"],"picked":"SKIP","floor":47},{"not_picked":["Worship+1","ForeignInfluence+1","Nirvana"],"picked":"Singing Bowl","floor":48},{"not_picked":["ThirdEye","Meditate","FollowUp+1"],"picked":"Singing Bowl","floor":54}],"player_experience":296106,"relics_obtained":[{"floor":6,"key":"Boot"},{"floor":8,"key":"Girya"},{"floor":9,"key":"Meat on the Bone"},{"floor":12,"key":"Odd Mushroom"},{"floor":14,"key":"Letter Opener"},{"floor":25,"key":"MealTicket"},{"floor":26,"key":"Omamori"},{"floor":29,"key":"GoldenEye"},{"floor":31,"key":"Red Mask"},{"floor":41,"key":"Bronze Scales"},{"floor":46,"key":"Calipers"},{"floor":48,"key":"Singing Bowl"},{"floor":54,"key":"Happy Flower"}],"event_choices":[{"damage_healed":0,"gold_gain":75,"player_choice":"Gather Gold","damage_taken":11,"max_hp_gain":0,"max_hp_loss":0,"event_name":"World of Goop","floor":2,"gold_loss":0},{"cards_removed":["Defend_P"],"damage_healed":0,"gold_gain":0,"player_choice":"Offered Basic","damage_taken":0,"max_hp_gain":0,"max_hp_loss":0,"event_name":"Bonfire Elementals","floor":3,"gold_loss":0},{"damage_healed":0,"gold_gain":0,"player_choice":"Fought Mushrooms","damage_taken":0,"max_hp_gain":0,"max_hp_loss":0,"event_name":"Mushrooms","floor":12,"gold_loss":0},{"damage_healed":0,"gold_gain":30,"player_choice":"Searched \u00273\u0027 times","damage_taken":0,"max_hp_gain":0,"max_hp_loss":0,"event_name":"Dead Adventurer","floor":14,"gold_loss":0},{"damage_healed":0,"gold_gain":0,"player_choice":"Ignored","damage_taken":0,"max_hp_gain":0,"max_hp_loss":0,"event_name":"Vampires","floor":20,"gold_loss":0},{"damage_healed":0,"gold_gain":0,"player_choice":"Ignored","damage_taken":0,"max_hp_gain":0,"max_hp_loss":0,"event_name":"Cursed Tome","floor":30,"gold_loss":0},{"damage_healed":0,"gold_gain":0,"player_choice":"Fought Bandits","damage_taken":0,"max_hp_gain":0,"max_hp_loss":0,"event_name":"Masked Bandits","floor":31,"gold_loss":0},{"damage_healed":0,"gold_gain":0,"player_choice":"Embrace Madness","damage_taken":9,"max_hp_gain":0,"max_hp_loss":0,"event_name":"Winding Halls","floor":37,"gold_loss":0,"cards_obtained":["Madness","Madness"]}],"is_beta":false,"boss_relics":[{"not_picked":["Empty Cage","Ectoplasm"],"picked":"Sozu"},{"not_picked":["Snecko Eye","SacredBark"],"picked":"Astrolabe"}],"items_purged_floors":[19,36,53],"is_endless":false,"potions_floor_spawned":[6,10,12,13,14,16,22,24,31,35,38,48],"killed_by":"The Heart","ascension_level":5}}