{"host":"c97twqu0op5dg8i4","time":1613181866,"event":{"mods":["AchievementEnabler","BaseMod","Colored Map","Minty Spire (QoL Compilation)","Permanent Neow"],"gold_per_floor":[113,44,63,78,95,95,127,146,96,96,96,96],"floor_reached":11,"language":"ENG","playtime":264,"items_purged":["Strike_B"],"score":120,"play_id":"0e979eb1-2927-4042-a771-470e0a1f0b21","local_time":"20210212210426","is_ascension_mode":true,"campfire_choices":[{"data":"Loop","floor":6.0,"key":"SMITH"}],"circlet_count":0,"master_deck":["AscendersBane","Strike_B","Strike_B","Strike_B","Defend_B","Defend_B","Defend_B","Defend_B","Zap","Dualcast","Cold Snap","Cold Snap","Loop+1","Gash","Reboot","Conserve Battery","Hologram","Blizzard"],"relics":["Cracked Core","Smiling Mask","Letter Opener"],"acts_visited":["Exordium"],"potions_floor_usage":[11],"damage_taken":[{"damage":0.0,"enemies":"Cultist","floor":1.0,"turns":3.0},{"damage":5.0,"enemies":"Small Slimes","floor":3.0,"turns":3.0},{"damage":0.0,"enemies":"2 Louse","floor":4.0,"turns":2.0},{"damage":16.0,"enemies":"Exordium Wildlife","floor":5.0,"turns":4.0},{"damage":17.0,"enemies":"3 Sentries","floor":7.0,"turns":6.0},{"damage":7.0,"enemies":"2 Fungi Beasts","floor":8.0,"turns":3.0},{"damage":23,"enemies":"Gremlin Nob","floor":11,"turns":3}],"seed_played":"6128877592460474978","potions_obtained":[{"floor":4.0,"key":"Explosive Potion"},{"floor":7.0,"key":"LiquidMemories"},{"floor":8.0,"key":"DuplicationPotion"}],"is_trial":false,"path_per_floor":["M","$","M","M","M","R","E","M","$","T","E"],"character_chosen":"DEFECT","items_purchased":["Loop"],"campfire_rested":0,"item_purchase_floors":[2],"current_hp_per_floor":[68,68,63,63,47,47,30,23,23,23,0,0],"gold":96,"neow_bonus":"THREE_CARDS","is_daily":false,"chose_seed":false,"campfire_upgraded":1,"win_rate":0.0,"timestamp":1613181866,"path_taken":["M","$","M","M","?","R","E","M","$","T","E"],"items_purchased_type":["Card"],"build_version":"2020-12-22","purchased_purges":1,"victory":false,"max_hp_per_floor":[75,75,75,75,75,75,75,75,75,75,75,75],"card_choices":[{"not_picked":["Leap","Streamline"],"picked":"Cold Snap","floor":0.0},{"not_picked":["Beam Cell","Ball Lightning"],"picked":"Cold Snap","floor":1.0},{"not_picked":["Undo","Hologram"],"picked":"Gash","floor":3.0},{"not_picked":["Compile Driver","Steam"],"picked":"Reboot","floor":4.0},{"not_picked":["Go for the Eyes","Steam"],"picked":"Conserve Battery","floor":5.0},{"not_picked":["Barrage","Rebound"],"picked":"Hologram","floor":7.0},{"not_picked":["Steam","Rebound"],"picked":"Blizzard","floor":8.0}],"player_experience":399245,"relics_obtained":[{"floor":7.0,"key":"Smiling Mask"},{"floor":10.0,"key":"Letter Opener"}],"event_choices":[],"is_beta":false,"boss_relics":[],"items_purged_floors":[9],"is_endless":false,"potions_floor_spawned":[4,7,8],"killed_by":"Gremlin Nob","ascension_level":12}}