{"host":"2x189hkb4impm2gi","time":1613192527,"event":{"mods":["AchievementEnabler","BaseMod","Colored Map","Colored Powertips","Downfall","Minty Spire (QoL Compilation)","StSLib"],"gold_per_floor":[99,24,24,80,96,115,115,130,130,140,165,183,133,150,163,262,262,212,212,229,160,171,171,226,241,260,210,242,242,192,123,133,228,228,78,89,101,111,441,191,264,339,388,338,29,48,58,74,87,87,87,87,87,87],"floor_reached":52,"language":"ENG","playtime":4495,"items_purged":[],"score":703,"play_id":"8f9d39a1-1cd5-4da7-833d-0c7042f99dcf","local_time":"20210213000207","is_ascension_mode":false,"campfire_choices":[{"floor":1,"key":"RECALL"},{"floor":13,"key":"REST"},{"data":"Slimebound:Split","floor":18,"key":"SMITH"},{"floor":27,"key":"REST"},{"floor":30,"key":"REST"},{"data":"Slimebound:LeadByExample","floor":35,"key":"SMITH"},{"data":"Slimebound:SlimeBrawl","floor":40,"key":"SMITH"},{"data":"Slimebound:PrepareCrush","floor":44,"key":"SMITH"}],"circlet_count":0,"master_deck":["Slimebound:Tackle+1","Slimebound:Defend_Slimebound","Slimebound:Defend_Slimebound","Slimebound:Defend_Slimebound","Slimebound:Defend_Slimebound","Slimebound:Split+1","Slimebound:CorrosiveSpit","Slimebound:SplitMire","Slimebound:Prepare","Slimebound:SlimeBarrage+1","Slimebound:Replication","Slimebound:Prepare","Slimebound:RallyTheTroops","Slimebound:ProtectTheBoss","Slimebound:PressTheAttack","Slimebound:OneTwoCombo","Slimebound:Gluttony","Slimebound:Teamwork","Slimebound:Overexert+1","Slimebound:LevelUp+1","Slimebound:AcidTongue+1","Slimebound:SlimeTap","Slimebound:LeadByExample+1","Slimebound:LeechingTouch","Slimebound:Grow+1","Slimebound:LevelUp","Slimebound:SpikyOuterGoop+1","Slimebound:LeechEnergy","Slimebound:ProtectTheBoss+1","Slimebound:GoopSpray","Slimebound:LevelUp","Slimebound:ComboTackle+1","Slimebound:PrepareCrush+1","Slimebound:SlimeBrawl+1","expansioncontent:GuardianWhirl","Slimebound:SelfFormingGoo"],"relics":["Slimebound:AbsorbEndCombatUpgraded","Slimebound:GreedOozeRelic","Gremlin Horn","Omamori","Matryoshka","Dream Catcher","Astrolabe","Gambling Chip","The Courier","Whetstone","Mummified Hand","Eternal Feather","downfall:HeartBlessingBlue","downfall:HeartBlessingGreen","downfall:HeartBlessingRed","Shuriken","Sundial","Incense Burner","FossilizedHelix"],"acts_visited":["Exordium","TheCity","TheBeyond","TheEnding"],"potions_floor_usage":[11,12,16,26,26,28,33,33,37,39,48],"damage_taken":[{"damage":39,"enemies":"3 Sentries","floor":4,"turns":8},{"damage":0,"enemies":"2 Louse","floor":5,"turns":2},{"damage":5,"enemies":"Small Slimes","floor":6,"turns":3},{"damage":3,"enemies":"Cultist","floor":8,"turns":3},{"damage":14,"enemies":"Blue Slaver","floor":10,"turns":3},{"damage":22,"enemies":"3 Sentries","floor":11,"turns":10},{"damage":0,"enemies":"Exordium Wildlife","floor":12,"turns":2},{"damage":4,"enemies":"2 Fungi Beasts","floor":14,"turns":3},{"damage":0,"enemies":"3 Louse","floor":15,"turns":2},{"damage":8,"enemies":"SI_SHIV_ARCHETYPE","floor":16,"turns":5},{"damage":3,"enemies":"Chosen","floor":20,"turns":3},{"damage":5,"enemies":"downfall:FleeingMerchant","floor":21,"turns":4},{"damage":17,"enemies":"Shell Parasite","floor":22,"turns":4},{"damage":3,"enemies":"Snecko","floor":25,"turns":5},{"damage":9,"enemies":"Snake Plant","floor":26,"turns":3},{"damage":51,"enemies":"Book of Stabbing","floor":28,"turns":5},{"damage":0,"enemies":"downfall:FleeingMerchant","floor":31,"turns":4},{"damage":5,"enemies":"Centurion and Healer","floor":32,"turns":4},{"damage":15,"enemies":"IC_MUSHROOM_ARCHETYPE","floor":33,"turns":4},{"damage":15,"enemies":"3 Shapes","floor":36,"turns":4},{"damage":9,"enemies":"Orb Walker","floor":37,"turns":3},{"damage":10,"enemies":"Sphere and 2 Shapes","floor":38,"turns":4},{"damage":0,"enemies":"downfall:FleeingMerchant","floor":39,"turns":2},{"damage":49,"enemies":"2 Orb Walkers","floor":43,"turns":5},{"damage":6,"enemies":"Transient","floor":46,"turns":5},{"damage":2,"enemies":"Spire Growth","floor":47,"turns":4},{"damage":0,"enemies":"Maw","floor":48,"turns":5},{"damage":5,"enemies":"Writhing Mass","floor":49,"turns":3},{"damage":37,"enemies":"DF_ARCHETYPE_ORBS","floor":50,"turns":5},{"damage":108,"enemies":"downfall:CharBossMerchant","floor":52,"turns":6}],"seed_played":"8145376317954779636","potions_obtained":[{"floor":5,"key":"Energy Potion"},{"floor":8,"key":"Weak Potion"},{"floor":10,"key":"EssenceOfSteel"},{"floor":11,"key":"SneckoOil"},{"floor":15,"key":"ColorlessPotion"},{"floor":16,"key":"Regen Potion"},{"floor":28,"key":"DistilledChaos"},{"floor":32,"key":"Slimebound:ThreeZeroPotion"},{"floor":36,"key":"AttackPotion"},{"floor":38,"key":"Energy Potion"},{"floor":47,"key":"Weak Potion"},{"floor":48,"key":"FearPotion"}],"is_trial":false,"path_per_floor":["R","?","?","?","M","M","T","M","?","M","E","M","R","M","M","B",null,"R","?","M","$","M","?","T","M","M","R","E","T","R","$","M","B",null,"R","M","M","M","$","R","T","?","?","R","$","M","M","M","M","B",null,"E"],"character_chosen":"SLIMEBOUND","items_purchased":["Slimebound:LeechingTouch","Slimebound:LevelUp","FossilizedHelix","expansioncontent:GuardianWhirl"],"campfire_rested":3,"item_purchase_floors":[21,31,45,45],"current_hp_per_floor":[71,71,68,31,33,34,34,37,37,27,13,17,38,40,42,42,71,71,58,57,60,49,49,49,50,45,67,34,34,71,73,76,65,76,86,83,80,70,76,86,86,86,52,70,70,73,74,86,84,59,86,0,0,0],"gold":87,"neow_bonus":"TEN_PERCENT_HP_BONUS","is_daily":false,"chose_seed":false,"campfire_upgraded":4,"win_rate":0.0,"timestamp":1613192527,"path_taken":["R","?","?","?","M","M","T","M","?","M","E","M","R","?","M","BOSS","R","?","M","$","M","?","T","M","M","R","E","?","R","$","M","BOSS","R","M","M","M","$","R","T","?","?","R","$","M","M","M","M","BOSS","E"],"items_purchased_type":["Card","Card","Relic","Card"],"build_version":"2020-12-22","purchased_purges":0,"victory":false,"max_hp_per_floor":[71,71,71,71,71,71,71,71,71,71,71,71,71,71,71,71,71,71,76,76,76,76,76,76,76,76,76,76,76,76,76,76,76,76,86,86,86,86,86,86,86,86,86,86,86,86,86,86,86,86,86,86,86,86],"card_choices":[{"not_picked":["Slimebound:FinishingTackle","Slimebound:LeechingTouch"],"picked":"Slimebound:SplitMire","floor":4},{"not_picked":["Slimebound:SlimeBarrage","Slimebound:Grow"],"picked":"Slimebound:Prepare","floor":5},{"not_picked":["Slimebound:GoopTackle","Slimebound:RejuvenatingLick"],"picked":"Slimebound:SlimeBarrage","floor":6},{"not_picked":["Slimebound:ComboTackle","Slimebound:AcidTongue"],"picked":"Slimebound:Replication","floor":8},{"not_picked":["Slimebound:FinishingTackle","Slimebound:FlameTackle"],"picked":"Slimebound:Prepare","floor":10},{"not_picked":["Slimebound:TongueLash","Slimebound:Schlurp"],"picked":"Slimebound:RallyTheTroops","floor":11},{"not_picked":["Slimebound:RainOfGoop","Slimebound:FinishingTackle"],"picked":"Slimebound:ProtectTheBoss","floor":12},{"not_picked":["Slimebound:LeechingTouch","Slimebound:ItLooksTasty"],"picked":"Slimebound:PressTheAttack","floor":13},{"not_picked":["Slimebound:RejuvenatingLick","Slimebound:SamplingLick"],"picked":"Slimebound:OneTwoCombo","floor":14},{"not_picked":["Slimebound:Chomp","Slimebound:Prepare"],"picked":"Slimebound:Gluttony","floor":15},{"not_picked":["Slimebound:MassFeed","Slimebound:WasteNot"],"picked":"Slimebound:Teamwork","floor":16},{"not_picked":["Slimebound:SplitBruiser","Slimebound:SlimeSpikes"],"picked":"Slimebound:SlimeTap","floor":20},{"not_picked":["Slimebound:DuplicatedForm","Slimebound:LivingWall"],"picked":"Slimebound:LeadByExample","floor":21},{"not_picked":["Slimebound:Repurpose","Slimebound:SplitLeeching"],"picked":"Slimebound:Grow+1","floor":22},{"not_picked":["Slimebound:FormOfPuddle","Slimebound:LeechEnergy"],"picked":"Slimebound:LevelUp","floor":25},{"not_picked":["Slimebound:Repurpose","Slimebound:ForwardTackle"],"picked":"Slimebound:SpikyOuterGoop+1","floor":26},{"not_picked":["Slimebound:SplitLeeching","Slimebound:FinishingTackle"],"picked":"Slimebound:LeechEnergy","floor":27},{"not_picked":["Slimebound:HauntingLick","Slimebound:RejuvenatingLick+1"],"picked":"Slimebound:ProtectTheBoss+1","floor":28},{"not_picked":["Slimebound:HauntingLick","Slimebound:Prepare+1"],"picked":"Slimebound:GoopSpray","floor":30},{"not_picked":["Slimebound:ProtectTheBoss+1","Slimebound:SplitAcid","Slimebound:Teamwork"],"picked":"SKIP","floor":31},{"not_picked":["Slimebound:SplitMire","Slimebound:LevelUp"],"picked":"Slimebound:ComboTackle+1","floor":32},{"not_picked":["Slimebound:CheckThePlaybook","Slimebound:MassFeed"],"picked":"Slimebound:PrepareCrush","floor":33},{"not_picked":["Slimebound:ComboTackle+1","Slimebound:LeechEnergy","Slimebound:SplitLeeching"],"picked":"SKIP","floor":36},{"not_picked":["Slimebound:SplitMire","Slimebound:ItLooksTasty+1","Slimebound:SlimeSpikes+1"],"picked":"SKIP","floor":37},{"not_picked":["Slimebound:LeechingTouch+1","Slimebound:GrowthPunch"],"picked":"Slimebound:SlimeBrawl","floor":38},{"not_picked":["Slimebound:PressTheAttack+1","Slimebound:TongueLash","Slimebound:FlameTackle+1"],"picked":"SKIP","floor":39},{"not_picked":["Slimebound:Chomp","Slimebound:SlimeBarrage"],"picked":"Slimebound:SelfFormingGoo","floor":46},{"not_picked":["Slimebound:SplitLeeching+1","Slimebound:SplitBruiser","Slimebound:SplitMire"],"picked":"SKIP","floor":47},{"not_picked":["Slimebound:ViciousTackle","Slimebound:FlameTackle+1","Slimebound:LivingWall"],"picked":"SKIP","floor":48},{"not_picked":["Slimebound:Replication+1","Slimebound:Dissolve","Slimebound:PressTheAttack+1"],"picked":"SKIP","floor":49}],"player_experience":107507,"relics_obtained":[{"floor":4,"key":"Omamori"},{"floor":7,"key":"Matryoshka"},{"floor":11,"key":"Dream Catcher"},{"floor":24,"key":"The Courier"},{"floor":24,"key":"Whetstone"},{"floor":28,"key":"Mummified Hand"},{"floor":29,"key":"Eternal Feather"},{"floor":41,"key":"Shuriken"},{"floor":42,"key":"Sundial"},{"floor":43,"key":"Incense Burner"}],"event_choices":[{"damage_healed":0,"gold_gain":0,"player_choice":"Success","damage_taken":3,"relics_obtained":["Gremlin Horn"],"max_hp_gain":0,"max_hp_loss":0,"event_name":"Scrap Ooze","floor":3,"gold_loss":0},{"damage_healed":0,"gold_gain":0,"player_choice":"Fight","damage_taken":0,"max_hp_gain":0,"max_hp_loss":0,"event_name":"Mysterious Sphere","floor":43,"gold_loss":0}],"is_beta":false,"boss_relics":[{"not_picked":["Runic Dome","SacredBark"],"picked":"Astrolabe"},{"not_picked":["Snecko Eye","Empty Cage"],"picked":"Slimebound:AbsorbEndCombatUpgraded"}],"items_purged_floors":[],"is_endless":false,"potions_floor_spawned":[5,8,10,11,15,16,22,25,28,32,36,38,47,48],"killed_by":"downfall:CharBossMerchant","ascension_level":0}}