{"host":"9teu7m87l4miz299","time":1613240479,"event":{"mods":["BaseMod","Minty Spire (QoL Compilation)","Quick Restart","StSLib","Td1madao Mod","The Cursed","The Hierophant","The Poker Player","The Runesmith"],"gold_per_floor":[111,111,111,36,47,80,80,109,132,149,149,324,79,89,89,192,192,212,137,153,0,11,11,42,42,91,91,103,103,103,131,131,227,227,237,7,27,27,46,46,63,63,63,76,95,95,120,120,120,120,120],"floor_reached":50,"language":"KOR","playtime":3624,"items_purged":["Defend_G","Doubt"],"score":903,"play_id":"0fdbeb11-5d30-42e1-bc48-7f527ed1d631","local_time":"20210214032119","is_ascension_mode":true,"campfire_choices":[{"data":"A Thousand Cuts","floor":7,"key":"SMITH"},{"data":"Terror","floor":11,"key":"SMITH"},{"data":"Neutralize","floor":15,"key":"SMITH"},{"floor":23,"key":"REST"},{"floor":25,"key":"REST"},{"data":"A Thousand Cuts","floor":27,"key":"SMITH"},{"data":"Storm of Steel","floor":32,"key":"SMITH"},{"floor":40,"key":"REST"},{"data":"Bullet Time","floor":49,"key":"SMITH"}],"circlet_count":0,"master_deck":["Survivor","Neutralize+1","Blade Dance+1","Dagger Spray+1","A Thousand Cuts+1","Terror+1","Prepared","Escape Plan","Storm of Steel+1","Expertise","Blur","Quick Slash","Burst","A Thousand Cuts+1","Burst","Dagger Spray","All Out Attack+1","Backstab+1","Crippling Poison+1","Deflect+1","Bullet Time+1","Accuracy","Infinite Blades+1","Outmaneuver+1","Accuracy+1","Choke+1","PiercingWail+1","Outmaneuver+1"],"relics":["Ring of the Snake","NeowsBlessing","Ancient Tea Set","Toy Ornithopter","Anchor","Oddly Smooth Stone","Strange Spoon","Pandora\u0027s Box","Happy Flower","Prayer Wheel","Strawberry","Bronze Scales","Sozu","Whetstone","Lantern","Boot"],"acts_visited":["Exordium","TheCity","TheBeyond"],"potions_floor_usage":[16,16,24,24,28,31,48],"damage_taken":[{"damage":0,"enemies":"Small Slimes","floor":1,"turns":1},{"damage":0,"enemies":"2 Louse","floor":5,"turns":1},{"damage":0,"enemies":"Lagavulin","floor":6,"turns":1},{"damage":5,"enemies":"3 Sentries","floor":8,"turns":3},{"damage":2,"enemies":"Jaw Worm","floor":10,"turns":3},{"damage":0,"enemies":"Blue Slaver","floor":14,"turns":2},{"damage":0,"enemies":"Slime Boss","floor":16,"turns":3},{"damage":29,"enemies":"Spheric Guardian","floor":18,"turns":4},{"damage":8,"enemies":"Chosen","floor":20,"turns":5},{"damage":24,"enemies":"Snecko","floor":22,"turns":5},{"damage":0,"enemies":"Book of Stabbing","floor":24,"turns":2},{"damage":12,"enemies":"Snake Plant","floor":28,"turns":4},{"damage":22,"enemies":"Slavers","floor":31,"turns":3},{"damage":19,"enemies":"Automaton","floor":33,"turns":6},{"damage":19,"enemies":"3 Darklings","floor":35,"turns":3},{"damage":0,"enemies":"3 Shapes","floor":37,"turns":2},{"damage":21,"enemies":"Jaw Worm Horde","floor":39,"turns":3},{"damage":7,"enemies":"Sphere and 2 Shapes","floor":41,"turns":3},{"damage":0,"enemies":"4 Shapes","floor":44,"turns":3},{"damage":21,"enemies":"Writhing Mass","floor":45,"turns":5},{"damage":0,"enemies":"Giant Head","floor":47,"turns":5},{"damage":0,"enemies":"Jaw Worm Horde","floor":48,"turns":1},{"damage":109,"enemies":"Awakened One","floor":50,"turns":8}],"seed_played":"-5487021641540271103","potions_obtained":[{"floor":5,"key":"FairyPotion"},{"floor":6,"key":"SkillPotion"},{"floor":8,"key":"Fire Potion"},{"floor":20,"key":"Strength Potion"},{"floor":22,"key":"Poison Potion"},{"floor":24,"key":"GamblersBrew"},{"floor":28,"key":"Ancient Potion"},{"floor":33,"key":"SmokeBomb"}],"is_trial":false,"path_per_floor":["M","?","?","$","M","E","R","E","T","M","R","?","$","M","R","B",null,"M","?","M","$","M","R","E","R","T","R","M","?","$","E","R","B",null,"M","$","M","?","M","R","M","$","T","M","M","?","E","M","R","B"],"character_chosen":"THE_SILENT","items_purchased":["Strange Spoon","Happy Flower","Whetstone","Accuracy"],"campfire_rested":3,"item_purchase_floors":[13,21,36,36],"current_hp_per_floor":[63,56,56,56,56,56,56,51,51,49,49,49,49,49,49,59,67,38,38,30,30,6,27,37,58,65,65,58,77,77,55,55,36,67,48,48,48,48,27,50,43,43,43,43,22,67,67,67,67,0,0],"gold":120,"neow_bonus":"THREE_ENEMY_KILL","is_daily":false,"chose_seed":false,"campfire_upgraded":6,"win_rate":0.0,"timestamp":1613240479,"path_taken":["M","?","?","$","M","E","R","E","T","M","R","?","$","M","R","BOSS","M","?","M","$","M","R","E","R","T","R","M","?","$","E","R","BOSS","M","$","M","?","M","R","M","$","T","?","?","?","E","M","R","BOSS"],"items_purchased_type":["Relic","Relic","Relic","Card"],"build_version":"2020-12-22","purchased_purges":2,"victory":false,"max_hp_per_floor":[70,70,70,70,70,70,70,70,70,70,70,70,70,70,70,70,70,70,70,70,70,70,70,70,70,77,77,77,77,77,77,77,77,77,77,77,77,77,77,77,77,77,77,77,77,67,67,67,67,67,67],"card_choices":[{"not_picked":["Flying Knee","Deadly Poison"],"picked":"Blade Dance","floor":1},{"not_picked":["Backflip","Quick Slash"],"picked":"Dagger Spray","floor":5},{"not_picked":["Outmaneuver","Blade Dance"],"picked":"A Thousand Cuts","floor":6},{"not_picked":["Outmaneuver","Dagger Spray"],"picked":"Terror","floor":8},{"not_picked":["Bane","Backflip"],"picked":"Prepared","floor":10},{"not_picked":["Venomology","Outmaneuver"],"picked":"Escape Plan","floor":14},{"not_picked":["Doppelganger","Corpse Explosion"],"picked":"Storm of Steel","floor":16},{"not_picked":["Backflip","Predator+1","Bouncing Flask"],"picked":"SKIP","floor":18},{"not_picked":["Acrobatics","Dodge and Roll+1","Terror"],"picked":"SKIP","floor":20},{"not_picked":["PiercingWail","Deflect"],"picked":"Backstab+1","floor":22},{"not_picked":["PiercingWail","Bane","Deflect"],"picked":"SKIP","floor":24},{"not_picked":["Outmaneuver","Setup"],"picked":"Crippling Poison+1","floor":28},{"not_picked":["Sucker Punch","PiercingWail","Dagger Spray"],"picked":"SKIP","floor":28},{"not_picked":["Backflip","Eviscerate"],"picked":"Deflect+1","floor":31},{"not_picked":["Night Terror","Burst"],"picked":"Bullet Time","floor":33},{"not_picked":["Slice","Catalyst+1","Prepared"],"picked":"SKIP","floor":35},{"not_picked":["Endless Agony","Backflip","Poisoned Stab"],"picked":"SKIP","floor":35},{"not_picked":["Flying Knee+1","Blade Dance"],"picked":"Infinite Blades+1","floor":37},{"not_picked":["Blade Dance","Poisoned Stab","Underhanded Strike"],"picked":"SKIP","floor":37},{"not_picked":["Dagger Spray","Flying Knee+1"],"picked":"Outmaneuver+1","floor":39},{"not_picked":["Deadly Poison","Concentrate","Noxious Fumes"],"picked":"SKIP","floor":39},{"not_picked":["Backflip","Wraith Form v2","Poisoned Stab"],"picked":"SKIP","floor":41},{"not_picked":["Outmaneuver+1","Acrobatics","Bane+1"],"picked":"SKIP","floor":41},{"not_picked":["Dash+1","Deadly Poison+1"],"picked":"Accuracy+1","floor":44},{"not_picked":["Flying Knee+1","Bane"],"picked":"Choke+1","floor":44},{"not_picked":["Dagger Spray","Infinite Blades"],"picked":"PiercingWail+1","floor":45},{"not_picked":["Outmaneuver","Backstab+1","Terror+1"],"picked":"SKIP","floor":45},{"not_picked":["Deadly Poison","Escape Plan+1"],"picked":"Outmaneuver+1","floor":47}],"player_experience":1162002,"relics_obtained":[{"floor":6,"key":"Toy Ornithopter"},{"floor":8,"key":"Anchor"},{"floor":9,"key":"Oddly Smooth Stone"},{"floor":24,"key":"Prayer Wheel"},{"floor":26,"key":"Strawberry"},{"floor":31,"key":"Bronze Scales"},{"floor":43,"key":"Lantern"},{"floor":47,"key":"Boot"}],"event_choices":[{"damage_healed":0,"gold_gain":0,"player_choice":"Success","damage_taken":7,"relics_obtained":["Ancient Tea Set"],"max_hp_gain":0,"max_hp_loss":0,"event_name":"Scrap Ooze","floor":2,"gold_loss":0},{"damage_healed":0,"gold_gain":0,"player_choice":"Grow","damage_taken":0,"max_hp_gain":0,"max_hp_loss":0,"event_name":"Living Wall","floor":3,"gold_loss":0,"cards_upgraded":["Blade Dance"]},{"damage_healed":0,"gold_gain":175,"player_choice":"AGREE","damage_taken":0,"max_hp_gain":0,"max_hp_loss":0,"event_name":"Liars Game","floor":12,"gold_loss":0,"cards_obtained":["Doubt"]},{"cards_removed":["A Thousand Cuts"],"damage_healed":0,"gold_gain":0,"player_choice":"Gave Gold","damage_taken":0,"max_hp_gain":0,"max_hp_loss":0,"event_name":"Beggar","floor":19,"gold_loss":75},{"damage_healed":25,"gold_gain":0,"player_choice":"Heal","damage_taken":0,"max_hp_gain":0,"max_hp_loss":0,"event_name":"The Library","floor":29,"gold_loss":0},{"damage_healed":0,"gold_gain":0,"player_choice":"Ignored","damage_taken":0,"max_hp_gain":0,"max_hp_loss":0,"event_name":"SecretPortal","floor":38,"gold_loss":0},{"damage_healed":67,"gold_gain":0,"player_choice":"Heal","damage_taken":0,"max_hp_gain":0,"max_hp_loss":10,"event_name":"The Moai Head","floor":46,"gold_loss":0}],"is_beta":false,"boss_relics":[{"not_picked":["Runic Dome","Fusion Hammer"],"picked":"Pandora\u0027s Box"},{"not_picked":["Coffee Dripper","Philosopher\u0027s Stone"],"picked":"Sozu"}],"items_purged_floors":[4,13],"is_endless":false,"potions_floor_spawned":[5,6,8,20,22,24,28,33,35,44],"killed_by":"Awakened One","ascension_level":8}}