{"host":"i4d8tgqbnmcnjm0a","time":1613194786,"event":{"mods":["BaseMod","Keyboard Shortcuts","Minty Spire (QoL Compilation)"],"gold_per_floor":[118,137,137,62,80,111,111,129,129,160,180,227,261,261,261,361,361,380,414,425,442,23,53,53,63,63,63,162,35,61,79,79,174,174,186,206,218,234,234,265,265,299,322,357,52,2,17,39,39,39,39,39,39,78,78],"floor_reached":56,"language":"ENG","playtime":6246,"items_purged":["Defend_G","Deflect","Strike_G","Parasite","Strike_G"],"score":1502,"play_id":"b990f542-1399-4c11-a3eb-1b44fa9854b3","local_time":"20210213003946","is_ascension_mode":true,"campfire_choices":[{"floor":7,"key":"REST"},{"floor":15,"key":"REST"},{"floor":27,"key":"REST"},{"floor":32,"key":"REST"},{"floor":41,"key":"RECALL"},{"floor":49,"key":"REST"},{"data":"Tactician","floor":52,"key":"SMITH"}],"circlet_count":0,"master_deck":["Strike_G","Strike_G","Defend_G","Defend_G","Defend_G","Survivor","Neutralize","Dagger Throw","Underhanded Strike+1","Underhanded Strike","Underhanded Strike+1","Envenom","Dagger Throw","Leg Sweep","Dagger Throw","Dash","Tactician","Bullet Time","Deadly Poison","Reflex+1","Tactician+1","Underhanded Strike","Bouncing Flask","Leg Sweep+1"],"relics":["Snecko Eye","Turnip","Mango","Thread and Needle","Odd Mushroom","Pear","Smiling Mask","SlaversCollar","Red Mask","Shuriken","White Beast Statue","Singing Bowl","Whetstone","WristBlade","Girya","Paper Crane","Omamori","CeramicFish","Snake Skull","Letter Opener"],"acts_visited":["Exordium","TheCity","TheBeyond","TheEnding"],"potions_floor_usage":[6,11,19,20,23,30,35,36,38,38,40,40,44,47,50,54,55,55],"damage_taken":[{"damage":3,"enemies":"Jaw Worm","floor":1,"turns":5},{"damage":0,"enemies":"Cultist","floor":2,"turns":4},{"damage":0,"enemies":"2 Louse","floor":5,"turns":1},{"damage":21,"enemies":"Lagavulin","floor":6,"turns":5},{"damage":3,"enemies":"Looter","floor":8,"turns":2},{"damage":8,"enemies":"Gremlin Nob","floor":10,"turns":3},{"damage":0,"enemies":"The Mushroom Lair","floor":11,"turns":2},{"damage":6,"enemies":"3 Sentries","floor":13,"turns":7},{"damage":23,"enemies":"Slime Boss","floor":16,"turns":8},{"damage":0,"enemies":"Spheric Guardian","floor":18,"turns":3},{"damage":37,"enemies":"Masked Bandits","floor":19,"turns":5},{"damage":0,"enemies":"3 Byrds","floor":20,"turns":4},{"damage":26,"enemies":"Snake Plant","floor":21,"turns":3},{"damage":0,"enemies":"Book of Stabbing","floor":23,"turns":4},{"damage":4,"enemies":"Cultist and Chosen","floor":25,"turns":3},{"damage":0,"enemies":"Gremlin Leader","floor":30,"turns":5},{"damage":1,"enemies":"Centurion and Healer","floor":31,"turns":3},{"damage":25,"enemies":"Champ","floor":33,"turns":9},{"damage":0,"enemies":"3 Darklings","floor":35,"turns":6},{"damage":4,"enemies":"3 Shapes","floor":36,"turns":3},{"damage":28,"enemies":"Sphere and 2 Shapes","floor":37,"turns":4},{"damage":5,"enemies":"Writhing Mass","floor":38,"turns":7},{"damage":0,"enemies":"Reptomancer","floor":40,"turns":6},{"damage":29,"enemies":"Nemesis","floor":42,"turns":6},{"damage":0,"enemies":"Reptomancer","floor":44,"turns":6},{"damage":3,"enemies":"4 Shapes","floor":47,"turns":5},{"damage":0,"enemies":"Sphere and 2 Shapes","floor":48,"turns":5},{"damage":26,"enemies":"Donu and Deca","floor":50,"turns":7},{"damage":54,"enemies":"Shield and Spear","floor":54,"turns":7},{"damage":49,"enemies":"The Heart","floor":55,"turns":9}],"seed_played":"6011816875306782392","potions_obtained":[{"floor":2,"key":"Explosive Potion"},{"floor":8,"key":"BlessingOfTheForge"},{"floor":11,"key":"SpeedPotion"},{"floor":13,"key":"Regen Potion"},{"floor":18,"key":"SteroidPotion"},{"floor":21,"key":"Block Potion"},{"floor":23,"key":"Poison Potion"},{"floor":25,"key":"DuplicationPotion"},{"floor":30,"key":"SpeedPotion"},{"floor":31,"key":"Fire Potion"},{"floor":35,"key":"GhostInAJar"},{"floor":36,"key":"BlessingOfTheForge"},{"floor":38,"key":"EssenceOfSteel"},{"floor":40,"key":"Fruit Juice"},{"floor":42,"key":"ColorlessPotion"},{"floor":44,"key":"PowerPotion"},{"floor":47,"key":"Fire Potion"},{"floor":48,"key":"DuplicationPotion"},{"floor":54,"key":"Poison Potion"}],"is_trial":false,"path_per_floor":["M","M","?","$","M","E","R","M","T","E","?","T","E","T","R","B",null,"M","?","M","M","$","E","?","M","T","R","?","$","E","M","R","B",null,"M","M","M","M","?","E","R","E","T","E","$","$","M","M","R","B",null,"R","$","E","B",null],"character_chosen":"THE_SILENT","items_purchased":["Leg Sweep","Dagger Throw","Shuriken","Dash","Snake Skull","Tactician","Underhanded Strike"],"campfire_rested":5,"item_purchase_floors":[22,22,22,29,45,45,45],"current_hp_per_floor":[67,67,67,67,67,46,67,64,78,70,70,70,74,74,94,71,94,94,57,71,45,45,45,45,41,41,69,69,69,69,70,96,71,96,98,96,70,67,67,74,74,45,45,47,47,47,46,46,79,53,112,112,112,58,9],"gold":78,"neow_bonus":"BOSS_RELIC","is_daily":false,"chose_seed":false,"campfire_upgraded":1,"win_rate":0.0,"timestamp":1613194786,"path_taken":["M","M","?","?","M","E","R","M","T","E","?","?","E","?","R","BOSS","M","?","M","M","$","E","?","M","T","R","?","?","E","M","R","BOSS","M","M","M","M","?","E","R","E","T","E","?","$","M","M","R","BOSS","R","$","E","BOSS"],"items_purchased_type":["Card","Card","Relic","Card","Relic","Card","Card"],"build_version":"2020-12-22","purchased_purges":5,"victory":true,"max_hp_per_floor":[70,70,70,70,70,70,70,70,84,84,84,84,94,94,94,94,94,94,94,94,94,94,94,94,94,94,94,94,94,94,96,96,96,96,98,100,102,104,104,111,111,111,111,113,110,110,112,112,112,112,112,112,112,112,112],"card_choices":[{"not_picked":["Caltrops","Endless Agony"],"picked":"Dagger Throw","floor":1},{"not_picked":["Noxious Fumes","Prepared"],"picked":"Underhanded Strike","floor":2},{"not_picked":["Bane","Outmaneuver"],"picked":"Underhanded Strike","floor":5},{"not_picked":["Dodge and Roll","Sucker Punch","Deflect"],"picked":"SKIP","floor":6},{"not_picked":["Prepared","Malaise"],"picked":"Underhanded Strike","floor":8},{"not_picked":["Flechettes","Acrobatics","Quick Slash"],"picked":"SKIP","floor":10},{"not_picked":["Bane","Dodge and Roll","Poisoned Stab"],"picked":"SKIP","floor":13},{"not_picked":["Glass Knife","Doppelganger"],"picked":"Envenom","floor":16},{"not_picked":["Deadly Poison","Bane+1","Outmaneuver"],"picked":"SKIP","floor":18},{"not_picked":["Backflip+1","A Thousand Cuts"],"picked":"Deflect","floor":20},{"not_picked":["Dagger Spray","PiercingWail+1"],"picked":"Dagger Throw","floor":21},{"not_picked":["Poisoned Stab+1","Sucker Punch","Slice+1"],"picked":"SKIP","floor":23},{"not_picked":["Quick Slash","All Out Attack","Accuracy+1"],"picked":"SKIP","floor":25},{"not_picked":["Concentrate+1","Dodge and Roll+1"],"picked":"Tactician","floor":30},{"not_picked":["Flechettes","Prepared","Outmaneuver"],"picked":"Singing Bowl","floor":31},{"not_picked":["After Image","Malaise"],"picked":"Bullet Time","floor":33},{"not_picked":["Sucker Punch","Bane+1","Acrobatics"],"picked":"Singing Bowl","floor":35},{"not_picked":["Outmaneuver","Bane","Blade Dance+1"],"picked":"Singing Bowl","floor":36},{"not_picked":["Bouncing Flask+1","Dagger Throw","Deadly Poison"],"picked":"Singing Bowl","floor":37},{"not_picked":["Distraction+1","Prepared+1","Accuracy+1"],"picked":"Singing Bowl","floor":38},{"not_picked":["Storm of Steel","Setup","Sucker Punch+1"],"picked":"Singing Bowl","floor":40},{"not_picked":["Blade Dance+1","Backflip+1"],"picked":"Reflex+1","floor":42},{"not_picked":["Endless Agony+1","Dagger Spray+1","Expertise"],"picked":"Singing Bowl","floor":44},{"not_picked":["Deflect","Escape Plan+1","Dagger Throw"],"picked":"Singing Bowl","floor":47},{"not_picked":["Flying Knee","Quick Slash"],"picked":"Bouncing Flask","floor":48},{"not_picked":["Skewer","Bouncing Flask"],"picked":"Leg Sweep+1","floor":54}],"player_experience":298260,"relics_obtained":[{"floor":6,"key":"Turnip"},{"floor":9,"key":"Mango"},{"floor":10,"key":"Thread and Needle"},{"floor":11,"key":"Odd Mushroom"},{"floor":13,"key":"Pear"},{"floor":14,"key":"Smiling Mask"},{"floor":19,"key":"Red Mask"},{"floor":23,"key":"White Beast Statue"},{"floor":26,"key":"Singing Bowl"},{"floor":30,"key":"Whetstone"},{"floor":40,"key":"Girya"},{"floor":42,"key":"Paper Crane"},{"floor":43,"key":"Omamori"},{"floor":44,"key":"CeramicFish"},{"floor":54,"key":"Letter Opener"}],"event_choices":[{"cards_removed":["Strike_G"],"damage_healed":0,"gold_gain":0,"player_choice":"Purged","damage_taken":0,"max_hp_gain":0,"max_hp_loss":0,"event_name":"Purifier","floor":3,"gold_loss":0},{"damage_healed":0,"gold_gain":0,"player_choice":"Fought Mushrooms","damage_taken":0,"max_hp_gain":0,"max_hp_loss":0,"event_name":"Mushrooms","floor":11,"gold_loss":0},{"damage_healed":0,"gold_gain":0,"player_choice":"Fought Bandits","damage_taken":0,"max_hp_gain":0,"max_hp_loss":0,"event_name":"Masked Bandits","floor":19,"gold_loss":0},{"damage_healed":0,"gold_gain":0,"player_choice":"Ignored","damage_taken":0,"max_hp_gain":0,"max_hp_loss":0,"event_name":"Ghosts","floor":24,"gold_loss":0},{"damage_healed":0,"gold_gain":99,"player_choice":"Stole From Cult","damage_taken":0,"max_hp_gain":0,"max_hp_loss":0,"event_name":"Nest","floor":28,"gold_loss":0},{"damage_healed":0,"gold_gain":0,"cards_transformed":["Defend_G"],"player_choice":"Transformed","damage_taken":0,"max_hp_gain":0,"max_hp_loss":0,"event_name":"Transmorgrifier","floor":39,"gold_loss":0,"cards_obtained":["Deadly Poison"]}],"is_beta":false,"boss_relics":[{"not_picked":["Empty Cage","Runic Dome"],"picked":"SlaversCollar"},{"not_picked":["Sozu","Fusion Hammer"],"picked":"WristBlade"}],"items_purged_floors":[4,22,29,45,46],"is_endless":false,"potions_floor_spawned":[2,8,11,13,18,21,23,25,30,31,33,35,36,37,38,40,42,44,47,48,54],"ascension_level":2}}