{"host":"szp1d6dso4pv7ddl","time":1613185769,"event":{"mods":["AchievementEnabler","Alarm Clock","BaseMod","Bestiary","Block Reminder","Colored Map","Colored Powertips","Curses Come First","Dark Map","Displayed Cursed Tome","Highlight Path","Minty Spire (QoL Compilation)","Permanent Neow","Quick Restart","Relic Sorter","Relic Stats","StSLib","Synergy Search"],"gold_per_floor":[111,130,280,53,53,53,84,102,128,148,148,94,112,132,132,204,204,216,116,128,141,56,56,56,56,56,56,87,87,103,103,103],"floor_reached":31,"language":"ENG","playtime":2063,"items_purged":["Doubt","Tactician"],"score":550,"play_id":"d8961f8a-8e45-47ea-b4c4-c29e454194e0","local_time":"20210212190929","is_ascension_mode":true,"campfire_choices":[{"data":"Catalyst","floor":6.0,"key":"SMITH"},{"floor":11.0,"key":"REST"},{"floor":15.0,"key":"REST"},{"floor":23.0,"key":"REST"},{"floor":25.0,"key":"REST"},{"floor":27.0,"key":"REST"}],"circlet_count":0,"master_deck":["AscendersBane","Survivor","Neutralize","Deadly Poison","Well Laid Plans","Prepared","Noxious Fumes","Night Terror","Predator","Corpse Explosion","Cloak And Dagger","PiercingWail","Poisoned Stab","Catalyst+1","Footwork","Adrenaline","Cloak And Dagger","Cloak And Dagger","Bouncing Flask","Footwork","Leg Sweep","Doppelganger","Slice+1","Flying Knee","Dodge and Roll","Acrobatics","Dagger Throw+1","Blur","Dodge and Roll+1","Acrobatics+1"],"relics":["Pandora\u0027s Box","Dream Catcher","Shuriken","Potion Belt","WristBlade","Toxic Egg 2","Smiling Mask"],"acts_visited":["Exordium","TheCity"],"potions_floor_usage":[31],"damage_taken":[{"damage":6.0,"enemies":"Small Slimes","floor":1.0,"turns":2.0},{"damage":6.0,"enemies":"Jaw Worm","floor":2.0,"turns":3.0},{"damage":35.0,"enemies":"Gremlin Nob","floor":7.0,"turns":4.0},{"damage":0.0,"enemies":"Cultist","floor":8.0,"turns":3.0},{"damage":0.0,"enemies":"Gremlin Gang","floor":10.0,"turns":2.0},{"damage":6.0,"enemies":"Red Slaver","floor":13.0,"turns":3.0},{"damage":4.0,"enemies":"2 Fungi Beasts","floor":14.0,"turns":3.0},{"damage":14.0,"enemies":"Slime Boss","floor":16.0,"turns":8.0},{"damage":8.0,"enemies":"Chosen","floor":18.0,"turns":4.0},{"damage":10.0,"enemies":"Spheric Guardian","floor":20.0,"turns":4.0},{"damage":35.0,"enemies":"Cultist and Chosen","floor":21.0,"turns":6.0},{"damage":5.0,"enemies":"Book of Stabbing","floor":24.0,"turns":3.0},{"damage":41.0,"enemies":"Slavers","floor":28.0,"turns":3.0},{"damage":10,"enemies":"Centurion and Healer","floor":30,"turns":5},{"damage":9,"enemies":"Shelled Parasite and Fungi","floor":31,"turns":2}],"seed_played":"497469039628099770","potions_obtained":[{"floor":1.0,"key":"SpeedPotion"},{"floor":8.0,"key":"ColorlessPotion"},{"floor":10.0,"key":"SmokeBomb"},{"floor":18.0,"key":"SkillPotion"},{"floor":20.0,"key":"SkillPotion"},{"floor":28.0,"key":"Poison Potion"},{"floor":30,"key":"ColorlessPotion"}],"is_trial":false,"path_per_floor":["M","M","?","$","?","R","E","M","T","M","R","$","M","M","R","B",null,"M","$","M","M","$","R","E","R","T","R","E","?","M","M"],"character_chosen":"THE_SILENT","items_purchased":["Catalyst","Footwork","AttackPotion","Dodge and Roll","Acrobatics"],"campfire_rested":5,"item_purchase_floors":[4,4,12,22,22],"current_hp_per_floor":[53,47,47,47,47,47,12,12,12,12,31,31,25,21,40,26,56,48,48,38,3,3,22,17,36,36,55,14,14,4,0,0],"gold":103,"neow_bonus":"BOSS_RELIC","is_daily":false,"chose_seed":false,"campfire_upgraded":1,"win_rate":0.0,"timestamp":1613185769,"path_taken":["M","M","?","$","?","R","E","?","T","M","R","$","M","M","R","BOSS","M","$","M","?","?","R","E","R","T","R","E","?","M","M"],"items_purchased_type":["Card","Card","Potion","Card","Card"],"build_version":"2020-12-22","purchased_purges":2,"victory":false,"max_hp_per_floor":[66,66,66,66,66,66,66,66,66,66,66,66,66,66,66,66,66,66,66,66,66,66,66,66,66,66,66,66,66,66,66,66],"relic_stats":{"Dream Catcher":5,"counters":[15,55],"Shuriken":[5],"Pandora\u0027s Box":["Deadly Poison","Tactician","Well Laid Plans","Prepared","Noxious Fumes","Night Terror","Die Die Die","Predator","Corpse Explosion","Cloak And Dagger"],"Smiling Mask":0,"obtain_stats":[{"Potion Belt":9,"Dream Catcher":5,"WristBlade":17,"Shuriken":7,"Pandora\u0027s Box":0,"Toxic Egg 2":26,"Smiling Mask":28,"Ring of the Snake":0},{"Potion Belt":4,"Dream Catcher":2,"WristBlade":8,"Shuriken":3,"Pandora\u0027s Box":0,"Toxic Egg 2":12,"Smiling Mask":13,"Ring of the Snake":0},{"Potion Belt":12,"Dream Catcher":5,"WristBlade":28,"Shuriken":9,"Pandora\u0027s Box":0,"Toxic Egg 2":45,"Smiling Mask":48,"Ring of the Snake":0}]},"card_choices":[{"not_picked":["Infinite Blades","Deadly Poison"],"picked":"PiercingWail","floor":1.0},{"not_picked":["Underhanded Strike","Eviscerate"],"picked":"Poisoned Stab","floor":2.0},{"not_picked":["Deadly Poison","Quick Slash"],"picked":"Adrenaline","floor":7.0},{"not_picked":["Quick Slash","Blade Dance"],"picked":"Cloak And Dagger","floor":8.0},{"not_picked":["Eviscerate","Masterful Stab"],"picked":"Cloak And Dagger","floor":10.0},{"not_picked":["Bane","Eviscerate"],"picked":"Bouncing Flask","floor":11.0},{"not_picked":["Caltrops","Outmaneuver","Poisoned Stab"],"picked":"SKIP","floor":13.0},{"not_picked":["Endless Agony","Reflex"],"picked":"Footwork","floor":14.0},{"not_picked":["Heel Hook","Poisoned Stab"],"picked":"Leg Sweep","floor":15.0},{"not_picked":["Unload","Phantasmal Killer"],"picked":"Doppelganger","floor":16.0},{"not_picked":["Predator","Distraction","Dagger Spray"],"picked":"SKIP","floor":18.0},{"not_picked":["Underhanded Strike","Deadly Poison"],"picked":"Slice+1","floor":20.0},{"not_picked":["Deadly Poison","Sucker Punch"],"picked":"Flying Knee","floor":21.0},{"not_picked":["Dagger Spray","Leg Sweep"],"picked":"Dagger Throw+1","floor":23.0},{"not_picked":["Backflip","PiercingWail"],"picked":"Blur","floor":25.0},{"not_picked":["Riddle With Holes","Dash"],"picked":"Dodge and Roll+1","floor":28.0},{"not_picked":["Deadly Poison+1","Dagger Spray"],"picked":"Acrobatics+1","floor":30}],"player_experience":1558525,"relics_obtained":[{"floor":7.0,"key":"Shuriken"},{"floor":9.0,"key":"Potion Belt"},{"floor":26.0,"key":"Toxic Egg 2"},{"floor":28.0,"key":"Smiling Mask"}],"event_choices":[{"damage_healed":0.0,"max_hp_gain":0.0,"max_hp_loss":0.0,"gold_gain":150.0,"event_name":"Liars Game","player_choice":"AGREE","floor":3.0,"gold_loss":0.0,"damage_taken":0.0,"cards_obtained":["Doubt"]},{"damage_healed":0.0,"max_hp_gain":0.0,"max_hp_loss":0.0,"gold_gain":0.0,"event_name":"WeMeetAgain","player_choice":"Gave Potion","floor":5.0,"gold_loss":0.0,"damage_taken":0.0,"relics_obtained":["Dream Catcher"]},{"cards_removed":["Die Die Die"],"damage_healed":0.0,"max_hp_gain":0.0,"max_hp_loss":0.0,"gold_gain":0.0,"event_name":"Back to Basics","player_choice":"Elegance","floor":29.0,"gold_loss":0.0,"damage_taken":0.0}],"is_beta":false,"boss_relics":[{"not_picked":["Busted Crown","Velvet Choker"],"picked":"WristBlade"}],"items_purged_floors":[4,19],"is_endless":false,"potions_floor_spawned":[1,8,10,18,20,28,30],"killed_by":"Shelled Parasite and Fungi","ascension_level":20}}