{"host":"4w9vompg42n13q24","time":1613219321,"event":{"mods":["Aspiration","BaseMod","Better Third Choice","Colored Map","Colored Powertips","DeckTracker","Downfall","GifTheSpireLib","Glutton Mod","Hermit","Highlight Path","Hubris","Minty Spire (QoL Compilation)","Relic Stats","StSLib","Stuff the Spire","The Druid","The Necromancer","Trackpad"],"gold_per_floor":[99,111,21,21,6,6,6,26,26,26,46,72,82,82,98,198,198,198,213,229,243,78,78,78,63,76,76,86,86,86,103,121,121,121,121],"floor_reached":33,"language":"ENG","playtime":2345,"items_purged":["bronze:Strike","bronze:Strike","bronze:Defend"],"score":274,"play_id":"c6d07641-d3cb-45f1-95ce-df18f9a93569","local_time":"20210213132841","is_ascension_mode":false,"campfire_choices":[{"data":"bronze:Replicate","floor":1,"key":"SMITH"},{"data":"bronze:RecursiveStrike","floor":6,"key":"SMITH"},{"data":"bronze:FineTuning","floor":10,"key":"SMITH"},{"floor":18,"key":"RECALL"},{"data":"bronze:Assembly","floor":30,"key":"SMITH"}],"circlet_count":0,"master_deck":["bronze:Strike","bronze:Defend","bronze:Defend","bronze:Defend","bronze:Replicate+1","bronze:Goto","bronze:FineTuning+1","bronze:Overheat","bronze:RecursiveStrike+1","bronze:Philosophize","bronze:Optimize","bronze:Assembly+1","bronze:GetLatest","bronze:Return","bronze:AlphaBuild","bronze:GetLatest+1","bronze:Boost+1","bronze:Turbo","bronze:Assembly","bronze:Safeguard","bronze:Allocate","bronze:DarkDash"],"relics":["bronze:BronzeCore","Dream Catcher","StuffTheSpire:Gunfinga","trackpad:BottledShadow","trackpad:ByrdCharm","Medical Kit","hubris:EvacipatedBox","hubris:TerracottaHorce","Blood Vial"],"acts_visited":["Exordium","TheCity"],"potions_floor_usage":[16],"damage_taken":[{"damage":1,"enemies":"Cultist","floor":2,"turns":3},{"damage":0,"enemies":"downfall:FleeingMerchant","floor":3,"turns":4},{"damage":10,"enemies":"downfall:FleeingMerchant","floor":5,"turns":4},{"damage":0,"enemies":"Small Slimes","floor":8,"turns":2},{"damage":0,"enemies":"2 Louse","floor":11,"turns":2},{"damage":0,"enemies":"Gremlin Nob","floor":12,"turns":2},{"damage":0,"enemies":"Exordium Thugs","floor":13,"turns":2},{"damage":4,"enemies":"Red Slaver","floor":15,"turns":3},{"damage":21,"enemies":"SI_SHIV_ARCHETYPE","floor":16,"turns":5},{"damage":5,"enemies":"downfall:LooterAlt2","floor":19,"turns":2},{"damage":0,"enemies":"Spheric Guardian","floor":20,"turns":1},{"damage":0,"enemies":"Snecko","floor":21,"turns":2},{"damage":10,"enemies":"downfall:FleeingMerchant","floor":22,"turns":4},{"damage":2,"enemies":"downfall:FleeingMerchant","floor":25,"turns":4},{"damage":0,"enemies":"Centurion and Healer","floor":26,"turns":3},{"damage":8,"enemies":"Chosen and Byrds","floor":28,"turns":4},{"damage":2,"enemies":"Snake Plant","floor":31,"turns":3},{"damage":6,"enemies":"Shelled Parasite and Fungi","floor":32,"turns":2},{"damage":48,"enemies":"DF_ARCHETYPE_CLAW","floor":33,"turns":7}],"seed_played":"-4959025905860357960","potions_obtained":[{"floor":2,"key":"SteroidPotion"},{"floor":11,"key":"Energy Potion"},{"floor":13,"key":"Dexterity Potion"},{"floor":26,"key":"hexamod:SoulburnPotion"}],"is_trial":false,"path_per_floor":["R","M","$","?","$","R","T","M","?","R","M","E","M","$","M","B",null,"R","M","M","M","$","?","T","$","M","?","M","?","R","M","M","B"],"character_chosen":"THE_AUTOMATON","items_purchased":["Medical Kit","hubris:EvacipatedBox","Blood Vial"],"campfire_rested":0,"item_purchase_floors":[14,14,22],"current_hp_per_floor":[70,69,69,51,41,41,41,41,70,70,70,70,70,29,25,4,54,54,49,49,49,39,39,39,39,41,41,35,42,42,42,38,0,0,0],"gold":121,"neow_bonus":"RANDOM_COMMON_RELIC","is_daily":false,"chose_seed":false,"campfire_upgraded":4,"win_rate":0.0,"timestamp":1613219321,"path_taken":["R","M","?","?","$","R","T","M","?","R","M","E","?","?","M","BOSS","R","M","M","M","$","?","T","$","?","?","?","?","R","?","M","BOSS"],"items_purchased_type":["Relic","Relic","Relic"],"build_version":"2020-12-22","purchased_purges":3,"victory":false,"max_hp_per_floor":[70,70,70,70,70,70,70,70,70,70,70,70,70,70,70,70,70,70,70,70,70,70,70,70,70,70,70,70,70,70,70,70,70,70,70],"relic_stats":{"Blood Vial":12,"Dream Catcher":0,"counters":[19,59],"Medical Kit":[9],"obtain_stats":[{"trackpad:ByrdCharm":12,"Blood Vial":22,"Dream Catcher":0,"StuffTheSpire:Gunfinga":4,"bronze:BronzeCore":0,"trackpad:BottledShadow":7,"Medical Kit":14,"hubris:EvacipatedBox":14,"hubris:TerracottaHorce":17},{"trackpad:ByrdCharm":6,"Blood Vial":13,"Dream Catcher":0,"StuffTheSpire:Gunfinga":2,"bronze:BronzeCore":0,"trackpad:BottledShadow":3,"Medical Kit":7,"hubris:EvacipatedBox":7,"hubris:TerracottaHorce":9},{"trackpad:ByrdCharm":17,"Blood Vial":36,"Dream Catcher":0,"StuffTheSpire:Gunfinga":7,"bronze:BronzeCore":0,"trackpad:BottledShadow":11,"Medical Kit":19,"hubris:EvacipatedBox":19,"hubris:TerracottaHorce":27}]},"card_choices":[{"not_picked":["bronze:Shield","bronze:BuggyMess"],"picked":"bronze:FineTuning","floor":2},{"not_picked":["bronze:FineTuning","bronze:Constructor"],"picked":"bronze:Overheat","floor":3},{"not_picked":["bronze:BuggyMess","bronze:ChildClass"],"picked":"bronze:RecursiveStrike","floor":5},{"not_picked":["bronze:Flail","bronze:DigitalCarnage"],"picked":"bronze:Philosophize","floor":8},{"not_picked":["bronze:FollowUp","bronze:Branch"],"picked":"bronze:Optimize","floor":11},{"not_picked":["bronze:BitShift","bronze:DigitalCarnage"],"picked":"bronze:Assembly","floor":12},{"not_picked":["bronze:OilSpill","bronze:WhirlingStrike"],"picked":"bronze:GetLatest","floor":13},{"not_picked":["bronze:Allocate","bronze:FollowUp"],"picked":"bronze:Return","floor":15},{"not_picked":["bronze:ShipIt","bronze:FindAndReplace"],"picked":"bronze:AlphaBuild","floor":16},{"not_picked":["bronze:Turbo","bronze:Shield","bronze:DelayedGuard"],"picked":"SKIP","floor":19},{"not_picked":["bronze:BuggyMess","bronze:Mutator"],"picked":"bronze:GetLatest+1","floor":20},{"not_picked":["bronze:BugBarrage","bronze:Shield"],"picked":"bronze:Boost+1","floor":21},{"not_picked":["bronze:Turbo","bronze:ChildClass","bronze:CutThrough"],"picked":"SKIP","floor":22},{"not_picked":["bronze:Invalidate+1","bronze:ClassDefault","bronze:ForceShield"],"picked":"SKIP","floor":25},{"not_picked":["bronze:Frontload","bronze:Constructor","bronze:WildBeam"],"picked":"SKIP","floor":26},{"not_picked":["bronze:FineTuning","bronze:Overheat"],"picked":"bronze:Safeguard","floor":28},{"not_picked":["bronze:Invalidate","bronze:FineTuning"],"picked":"bronze:Allocate","floor":31},{"not_picked":["bronze:FollowUp","bronze:Deprecate+1"],"picked":"bronze:DarkDash","floor":32}],"player_experience":673272,"relics_obtained":[{"floor":7,"key":"trackpad:BottledShadow"},{"floor":12,"key":"trackpad:ByrdCharm"}],"event_choices":[{"damage_healed":0,"gold_gain":0,"player_choice":"Relic ","damage_taken":18,"max_hp_gain":0,"max_hp_loss":0,"event_name":"betterThird:BetterScrap","floor":4,"gold_loss":0,"cards_obtained":["StuffTheSpire:ReptileScales"]},{"damage_healed":29,"gold_gain":0,"player_choice":"Full Heal","damage_taken":0,"max_hp_gain":0,"max_hp_loss":0,"event_name":"Wheel of Change","floor":9,"gold_loss":0}],"is_beta":false,"boss_relics":[{"not_picked":["Runic Pyramid","StuffTheSpire:Kangaroo","SacredBark"],"picked":"hubris:TerracottaHorce"}],"items_purged_floors":[3,14,14],"is_endless":false,"potions_floor_spawned":[2,11,13,26,28,31,32],"killed_by":"DF_ARCHETYPE_CLAW","ascension_level":0}}