{"host":"8u1cu4kisw6g21am","time":1613176973,"event":{"mods":["AchievementEnabler","BaseMod","Bestiary","BetterRewards","Minty Spire (QoL Compilation)","Quick Restart","Shop Mod","StSLib"],"gold_per_floor":[118,118,293,140,154,186,186,40,40,40,40,40],"floor_reached":11,"language":"ENG","playtime":4662,"items_purged":["Doubt","Strike_B"],"score":69,"play_id":"a8aa6286-f708-457b-a685-8efd3f2a4ba4","local_time":"20210212194253","is_ascension_mode":false,"campfire_choices":[{"floor":7.0,"key":"REST"},{"floor":10.0,"key":"RECALL"}],"circlet_count":0,"master_deck":["Strike_B","Strike_B","Strike_B","Defend_B","Defend_B","Defend_B","Defend_B","Zap","Dualcast","Doom and Gloom","Gash"],"relics":["Runic Pyramid","Pen Nib","Happy Flower"],"acts_visited":["Exordium"],"potions_floor_usage":[],"damage_taken":[{"damage":0.0,"enemies":"2 Louse","floor":1.0,"turns":2.0},{"damage":6.0,"enemies":"Jaw Worm","floor":5.0,"turns":3.0},{"damage":45.0,"enemies":"3 Sentries","floor":6.0,"turns":5.0},{"damage":41,"enemies":"Gremlin Nob","floor":11,"turns":4}],"seed_played":"-6946060207315018626","potions_obtained":[{"floor":1.0,"key":"Fruit Juice"}],"is_trial":false,"path_per_floor":["M","?","?","$","M","E","R","$","T","R","E"],"character_chosen":"DEFECT","items_purchased":["Doom and Gloom","Gash"],"campfire_rested":1,"item_purchase_floors":[4,8],"current_hp_per_floor":[80,68,68,68,62,17,41,41,41,41,0,0],"gold":40,"neow_bonus":"BOSS_RELIC","is_daily":false,"chose_seed":false,"campfire_upgraded":0,"win_rate":0.0,"timestamp":1613176973,"path_taken":["M","?","?","$","M","E","R","$","T","R","E"],"items_purchased_type":["Card","Card"],"build_version":"2020-12-22","purchased_purges":2,"victory":false,"max_hp_per_floor":[80,80,80,80,80,80,80,80,80,80,80,80],"card_choices":[{"not_picked":["Steam Power","Loop","Coolheaded"],"picked":"SKIP","floor":1.0},{"not_picked":["Stack","Streamline","Coolheaded"],"picked":"SKIP","floor":5.0},{"not_picked":["Chill","Rebound","Tempest"],"picked":"SKIP","floor":6.0}],"player_experience":162506,"relics_obtained":[{"floor":6.0,"key":"Happy Flower"}],"event_choices":[{"damage_healed":0.0,"max_hp_gain":0.0,"max_hp_loss":0.0,"gold_gain":0.0,"event_name":"Scrap Ooze","player_choice":"Success","floor":2.0,"gold_loss":0.0,"damage_taken":12.0,"relics_obtained":["Pen Nib"]},{"damage_healed":0.0,"max_hp_gain":0.0,"max_hp_loss":0.0,"gold_gain":175.0,"event_name":"Liars Game","player_choice":"AGREE","floor":3.0,"gold_loss":0.0,"damage_taken":0.0,"cards_obtained":["Doubt"]}],"is_beta":false,"boss_relics":[],"items_purged_floors":[4,8],"is_endless":false,"potions_floor_spawned":[1],"killed_by":"Gremlin Nob","ascension_level":0}}