{"host":"9nzcajyrup44vdvf","time":1613208252,"event":{"mods":["2.2 Compatiblity","AchievementEnabler","AlwaysNeverKeys","Ascension Reborn","BaseMod","Become a monster ???","Better Altar","Better Note","Better Sensory Stone","Better Skull","Better Third Choice","Better Vampires","BetterRewards","Curses Come First","Googly Eyes","Minty Spire (QoL Compilation)","Permanent Neow","Quick Restart","Relic Stats","Spicy Shops","StSLib","SuperFastMode","Unceasing Turn Reminder","everything is the same but u backflip on backflip","slay the spire mod where everything is the same but ironclad has a cowboy hat"],"gold_per_floor":[109,60,72,82,82,108,108,118,166,19,30,57,22,22,22,125,125,135,135,81,157,168,168,168,168],"floor_reached":24,"language":"ENG","playtime":721,"items_purged":[],"score":206,"play_id":"5d4a9368-13c4-4464-aa93-ccddddc463b7","local_time":"20210213102412","is_ascension_mode":true,"campfire_choices":[{"data":"Eruption","floor":7,"key":"SMITH"},{"data":"Omniscience","floor":15,"key":"SMITH"},{"floor":23,"key":"REST"}],"circlet_count":0,"master_deck":["Strike_P","Strike_P","Strike_P","Strike_P","Defend_P","Defend_P","Defend_P","Defend_P","Eruption+1","Vigilance","JustLucky","FlyingSleeves","BowlingBash","CutThroughFate","EmptyBody","Omniscience+1","MasterReality","BowlingBash","Wish+1","SashWhip","FollowUp","CutThroughFate+1","Crescendo+1"],"relics":["PureWater","betterThird:SlimedRelic","Pantograph","Bag of Marbles","ClockworkSouvenir","Centennial Puzzle","Black Star"],"acts_visited":["Exordium","TheCity"],"potions_floor_usage":[21],"damage_taken":[{"damage":0,"enemies":"Small Slimes","floor":1,"turns":2},{"damage":0,"enemies":"2 Louse","floor":3,"turns":2},{"damage":0,"enemies":"Jaw Worm","floor":4,"turns":2},{"damage":10,"enemies":"Gremlin Nob","floor":6,"turns":3},{"damage":0,"enemies":"2 Fungi Beasts","floor":8,"turns":2},{"damage":0,"enemies":"Exordium Thugs","floor":11,"turns":5},{"damage":19,"enemies":"3 Sentries","floor":12,"turns":7},{"damage":17,"enemies":"Slime Boss","floor":16,"turns":7},{"damage":43,"enemies":"Chosen","floor":18,"turns":8},{"damage":16,"enemies":"Spheric Guardian","floor":21,"turns":7},{"damage":4,"enemies":"Snecko","floor":22,"turns":5},{"damage":44,"enemies":"Cultist and Chosen","floor":24,"turns":4}],"seed_played":"-8583309049816848656","potions_obtained":[{"floor":6,"key":"SpeedPotion"},{"floor":8,"key":"ColorlessPotion"},{"floor":12,"key":"Dexterity Potion"}],"is_trial":false,"path_per_floor":["M","?","M","M","$","E","R","M","T","$","M","E","?","?","R","B",null,"M","?","$","M","M","R","M"],"character_chosen":"WATCHER","items_purchased":["ClockworkSouvenir","FollowUp"],"campfire_rested":1,"item_purchase_floors":[10,20],"current_hp_per_floor":[72,61,61,61,61,51,51,51,51,51,51,32,50,72,72,55,72,29,29,29,13,9,30,0,0],"gold":168,"neow_bonus":"THREE_CARDS","is_daily":false,"chose_seed":false,"campfire_upgraded":2,"win_rate":0.0,"timestamp":1613208252,"path_taken":["M","?","M","M","$","E","R","M","T","$","M","E","?","?","R","BOSS","M","?","$","M","M","R","?"],"items_purchased_type":["Relic","Card"],"build_version":"2020-12-22","purchased_purges":0,"victory":false,"max_hp_per_floor":[72,72,72,72,72,72,72,72,72,72,72,72,72,72,72,72,72,72,72,72,72,72,72,72,72],"relic_stats":{"Centennial Puzzle":[15],"counters":[12,54],"Pantograph":0,"Black Star":0,"obtain_stats":[{"Centennial Puzzle":12,"betterThird:SlimedRelic":2,"Pantograph":6,"Bag of Marbles":9,"Black Star":17,"PureWater":0,"ClockworkSouvenir":10},{"Centennial Puzzle":7,"betterThird:SlimedRelic":1,"Pantograph":4,"Bag of Marbles":5,"Black Star":8,"PureWater":0,"ClockworkSouvenir":5},{"Centennial Puzzle":23,"betterThird:SlimedRelic":2,"Pantograph":9,"Bag of Marbles":11,"Black Star":30,"PureWater":0,"ClockworkSouvenir":11}]},"card_choices":[{"not_picked":["MentalFortress","Fasting2"],"picked":"JustLucky","floor":0},{"not_picked":["Protect","Consecrate"],"picked":"FlyingSleeves","floor":1},{"not_picked":["FlyingSleeves","SignatureMove"],"picked":"BowlingBash","floor":3},{"not_picked":["EmptyFist","CarveReality"],"picked":"CutThroughFate","floor":4},{"not_picked":["Pray","ThirdEye"],"picked":"EmptyBody","floor":6},{"not_picked":["FlurryOfBlows","FollowUp"],"picked":"Omniscience","floor":8},{"not_picked":["BowlingBash","Evaluate"],"picked":"MasterReality","floor":11},{"not_picked":["SignatureMove","Consecrate"],"picked":"BowlingBash","floor":12},{"not_picked":["DevaForm","ConjureBlade"],"picked":"Wish","floor":16},{"not_picked":["ThirdEye","FlurryOfBlows"],"picked":"SashWhip","floor":18},{"not_picked":["Collect+1","Halt"],"picked":"CutThroughFate+1","floor":21},{"not_picked":["Consecrate","ClearTheMind"],"picked":"Crescendo+1","floor":22}],"player_experience":446459,"relics_obtained":[{"floor":6,"key":"Pantograph"},{"floor":9,"key":"Bag of Marbles"},{"floor":12,"key":"Centennial Puzzle"}],"event_choices":[{"damage_healed":0,"gold_gain":0,"player_choice":"Slimed","damage_taken":11,"max_hp_gain":0,"max_hp_loss":0,"event_name":"betterThird:BetterGoop","floor":2,"gold_loss":49},{"damage_healed":18,"gold_gain":0,"player_choice":"Healed","damage_taken":0,"max_hp_gain":0,"max_hp_loss":0,"event_name":"The Cleric","floor":13,"gold_loss":35},{"damage_healed":24,"gold_gain":0,"player_choice":"Banana","damage_taken":0,"max_hp_gain":0,"max_hp_loss":0,"event_name":"Big Fish","floor":14,"gold_loss":0},{"damage_healed":0,"gold_gain":0,"player_choice":"Upgraded","damage_taken":0,"max_hp_gain":0,"max_hp_loss":0,"event_name":"Upgrade Shrine","floor":19,"gold_loss":0,"cards_upgraded":["Wish"]}],"is_beta":false,"boss_relics":[{"not_picked":["Calling Bell","Philosopher\u0027s Stone"],"picked":"Black Star"}],"items_purged_floors":[],"is_endless":false,"potions_floor_spawned":[6,8,12,16,18],"killed_by":"Cultist and Chosen","ascension_level":0}}