{"host":"p0hktren06injwdf","time":1613234469,"event":{"mods":["AchievementEnabler","BaseMod","Colored Map","DeckTracker","Minty Spire (QoL Compilation)","Permanent Neow","StSLib","SuperFastMode"],"gold_per_floor":[109,109,121,145,176,521,533,545,634,646,673,685,657,694,706,718,718],"floor_reached":16,"language":"KOR","playtime":279,"items_purged":[],"score":196,"play_id":"2aec889b-1f61-4e81-8157-b5e0d8276cd9","local_time":"20210214014109","is_ascension_mode":true,"campfire_choices":[{"data":"Noxious Fumes","floor":8,"key":"SMITH"},{"data":"Footwork","floor":10,"key":"SMITH"},{"data":"Noxious Fumes","floor":15,"key":"SMITH"}],"circlet_count":0,"master_deck":["AscendersBane","Strike_G","Strike_G","Strike_G+1","Strike_G","Strike_G","Defend_G","Defend_G","Defend_G","Defend_G","Defend_G","Survivor","Neutralize+1","Dagger Throw+1","Footwork+1","Noxious Fumes+1","Noxious Fumes+1","Deflect"],"relics":["Ring of the Snake","MawBank","Old Coin","Question Card","Whetstone"],"acts_visited":["Exordium"],"potions_floor_usage":[6],"damage_taken":[{"damage":4,"enemies":"Small Slimes","floor":1,"turns":4},{"damage":0,"enemies":"Jaw Worm","floor":3,"turns":3},{"damage":0,"enemies":"Cultist","floor":5,"turns":5},{"damage":33,"enemies":"3 Sentries","floor":6,"turns":8},{"damage":2,"enemies":"Blue Slaver","floor":11,"turns":6},{"damage":0,"enemies":"Looter","floor":13,"turns":4},{"damage":23,"enemies":"Hexaghost","floor":16,"turns":10}],"seed_played":"-1885607648421479217","potions_obtained":[{"floor":3,"key":"ColorlessPotion"}],"is_trial":false,"path_per_floor":["M","?","M","T","M","E","$","R","T","R","M","?","M","T","R","B"],"character_chosen":"THE_SILENT","items_purchased":[],"campfire_rested":0,"item_purchase_floors":[],"current_hp_per_floor":[55,55,55,55,55,22,22,22,22,22,20,20,20,20,20,0,0],"gold":718,"neow_bonus":"UPGRADE_CARD","is_daily":false,"chose_seed":false,"campfire_upgraded":3,"win_rate":0.0,"timestamp":1613234469,"path_taken":["M","?","M","?","M","E","$","R","T","R","?","?","M","?","R","BOSS"],"items_purchased_type":[],"build_version":"2020-12-22","purchased_purges":0,"victory":false,"max_hp_per_floor":[66,66,66,66,66,66,66,66,66,66,66,66,66,66,66,66,66],"card_choices":[{"not_picked":["Masterful Stab","Blade Dance"],"picked":"Dagger Throw","floor":1},{"not_picked":["Choke","Underhanded Strike"],"picked":"Footwork","floor":3},{"not_picked":["Dagger Throw","Distraction"],"picked":"Noxious Fumes","floor":5},{"not_picked":["Acrobatics","Doppelganger","Choke"],"picked":"SKIP","floor":6},{"not_picked":["Blade Dance","Tactician","Skewer"],"picked":"Noxious Fumes","floor":11},{"not_picked":["Flying Knee","Sucker Punch","Blade Dance"],"picked":"Deflect","floor":13}],"player_experience":1053200,"relics_obtained":[{"floor":4,"key":"MawBank"},{"floor":6,"key":"Old Coin"},{"floor":9,"key":"Question Card"},{"floor":14,"key":"Whetstone"}],"event_choices":[{"damage_healed":0,"gold_gain":0,"player_choice":"Ignored","damage_taken":0,"max_hp_gain":0,"max_hp_loss":0,"event_name":"Shining Light","floor":2,"gold_loss":0},{"damage_healed":0,"gold_gain":0,"player_choice":"Fled","damage_taken":0,"max_hp_gain":0,"max_hp_loss":0,"event_name":"Scrap Ooze","floor":12,"gold_loss":0}],"is_beta":false,"boss_relics":[],"items_purged_floors":[],"is_endless":false,"potions_floor_spawned":[3],"killed_by":"Hexaghost","ascension_level":20}}