{"host":"xc18ixkpjvqrt8st","time":1613182278,"event":{"mods":["Act Like it!","BaseMod","Better Match","Better Third Choice","Conspire","Downfall","Hallownest","Hermit","Minty Spire (QoL Compilation)","Reliquary","Robot Space Explorer","Shop Mod","Spicy Shops","Spire Arcade","StSLib","The Animator","The Edgeheg","The Jungle","The Sage"],"gold_per_floor":[126,145,162,186,201,201,246,258,258,258,270,283,283,307,307,405,405,424,443,33,46,46,46,46,66,120,130,5,5,5,5,5,117,117,129,129,145,145,145,145,158,158,158,158,181,255,255,45,45,45,45],"floor_reached":50,"language":"ENG","playtime":6262,"items_purged":[],"score":488,"play_id":"429e2308-9036-47d1-beaa-fe69d86ec53f","local_time":"20210212201118","is_ascension_mode":true,"campfire_choices":[{"floor":6,"key":"REST"},{"data":"animator:Shalltear","floor":15,"key":"SMITH"},{"floor":23,"key":"REST"},{"floor":30,"key":"RECALL"},{"floor":32,"key":"REST"},{"data":"animator:Priestess","floor":40,"key":"SMITH"},{"data":"animator:Mitsurugi","floor":42,"key":"SMITH"},{"data":"animator:HigakiRinne","floor":44,"key":"SMITH"},{"data":"animator:HigakiRinne","floor":47,"key":"SMITH"},{"data":"animator:Cocytus","floor":49,"key":"SMITH"}],"circlet_count":0,"master_deck":["animator:Strike_Overlord+1","animator:Defend_Overlord","animator:Strike","animator:Strike","animator:Strike","animator:Defend","animator:Defend","animator:Defend","animator:Cocytus+1","animator:Demiurge","animator:Priestess+1","animator:UneriGinkaku","animator:Kaijin","animator:Verdia","animator:Darkness","animator:Shalltear+1","animator:Gluttony","animator:PandorasActor","animator:Konayuki","animator:Entoma+2","animator:HigakiRinne+1","animator:Sonic+1","animator:ZankiKiguchi","animator:HigakiRinne+1","animator:ElricEdward","animator:DwarfShaman+1","animator:Azekura","animator:Eris","animator:Souei","animator:Sebas","animator:HigakiRinne","animator:Mitsurugi+1","animator:NarberalGamma"],"relics":["animator:LivingPicture","animator:ColorlessFragment","NeowsBlessing","The Courier","Eternal Feather","GremlinMask","SacredBark","Vajra","reliquary:Stiletto","reliquary:WeakTea","Velvet Choker","conspire:BottledYoYo","reliquary:IridiumChain","Smiling Mask","conspire:InfiniteJournal","reliquary:QuartzCube"],"acts_visited":["Exordium","TheCity","TheBeyond"],"potions_floor_usage":[7,16,16,21,25,35,50],"damage_taken":[{"damage":0,"enemies":"2 Louse","floor":1,"turns":1},{"damage":0,"enemies":"Jaw Worm","floor":2,"turns":1},{"damage":0,"enemies":"Cultist","floor":3,"turns":1},{"damage":8,"enemies":"Looter","floor":4,"turns":4},{"damage":10,"enemies":"Exordium Wildlife","floor":5,"turns":6},{"damage":14,"enemies":"Gremlin Nob","floor":7,"turns":4},{"damage":4,"enemies":"Large Slime","floor":8,"turns":6},{"damage":10,"enemies":"Looter","floor":11,"turns":4},{"damage":3,"enemies":"3 Louse","floor":12,"turns":2},{"damage":2,"enemies":"Red Slaver","floor":14,"turns":5},{"damage":35,"enemies":"The Guardian","floor":16,"turns":14},{"damage":23,"enemies":"Shell Parasite","floor":18,"turns":9},{"damage":38,"enemies":"3 Byrds","floor":19,"turns":7},{"damage":27,"enemies":"Snake Plant","floor":21,"turns":6},{"damage":4,"enemies":"Centurion and Healer","floor":25,"turns":8},{"damage":34,"enemies":"Snecko","floor":27,"turns":8},{"damage":42,"enemies":"Colosseum Slavers","floor":31,"turns":6},{"damage":38,"enemies":"Champ","floor":33,"turns":15},{"damage":61,"enemies":"3 Darklings","floor":35,"turns":6},{"damage":12,"enemies":"Orb Walker","floor":37,"turns":5},{"damage":13,"enemies":"Sphere and 2 Shapes","floor":41,"turns":5},{"damage":15,"enemies":"Mind Bloom Boss Battle","floor":46,"turns":8},{"damage":72,"enemies":"Time Eater","floor":50,"turns":6}],"seed_played":"-6721403201863905488","potions_obtained":[{"floor":2,"key":"sneckomod:MuddlingPotion"},{"floor":4,"key":"Slimebound:ThreeZeroPotion"},{"floor":5,"key":"GamblersBrew"},{"floor":12,"key":"LiquidMemories"},{"floor":19,"key":"Regen Potion"},{"floor":33,"key":"ColorlessPotion"},{"floor":37,"key":"BlessingOfTheForge"}],"is_trial":false,"path_per_floor":["M","M","M","M","M","R","E","M","T","?","M","M","?","M","R","B",null,"M","M","$","M","?","R","?","M","T","M","$","?","R","?","R","B",null,"M","?","M","T","?","R","M","R","T","R","T","?","R","$","R","B"],"character_chosen":"THE_ANIMATOR","items_purchased":["animator:ColorlessFragment","Vajra","animator:HigakiRinne","reliquary:Stiletto","reliquary:QuartzCube"],"campfire_rested":3,"item_purchase_floors":[20,20,20,28,48],"current_hp_per_floor":[66,66,66,58,49,67,53,49,49,49,40,41,41,43,55,24,68,45,7,7,24,24,59,68,65,65,31,31,31,46,8,43,9,69,15,60,51,51,43,61,54,66,66,66,66,54,66,66,66,0,0],"gold":45,"neow_bonus":"THREE_ENEMY_KILL","is_daily":false,"chose_seed":false,"campfire_upgraded":6,"win_rate":0.0,"timestamp":1613182278,"path_taken":["M","M","M","M","M","R","E","M","T","?","M","?","?","?","R","BOSS","M","M","$","M","?","R","?","M","T","M","?","?","R","?","R","BOSS","M","?","M","?","?","R","M","R","T","R","?","?","R","$","R","BOSS"],"items_purchased_type":["Relic","Relic","Card","Relic","Relic"],"build_version":"2020-12-22","purchased_purges":0,"victory":false,"max_hp_per_floor":[66,66,66,66,67,67,67,67,67,67,68,68,68,68,68,68,68,68,68,68,68,68,68,68,69,69,69,69,69,69,69,69,69,69,69,60,63,63,63,63,66,66,66,66,66,66,66,66,66,66,66],"card_choices":[{"not_picked":["animator:ElricEdward","animator:Shion"],"picked":"animator:Priestess","floor":1},{"not_picked":["animator:Hakurou","animator:Hitei"],"picked":"animator:UneriGinkaku","floor":2},{"not_picked":["animator:Konayuki","animator:Kazuma"],"picked":"animator:Kaijin","floor":3},{"not_picked":["animator:Kazuma","animator:Megumin"],"picked":"animator:Verdia","floor":4},{"not_picked":["animator:Emonzaemon","animator:Entoma"],"picked":"animator:Darkness","floor":5},{"not_picked":["animator:Shion","animator:Entoma"],"picked":"animator:Shalltear","floor":7},{"not_picked":["animator:Souei","animator:ElricEdward"],"picked":"animator:Gluttony","floor":8},{"not_picked":["animator:Shalltear","animator:Demiurge"],"picked":"animator:PandorasActor","floor":11},{"not_picked":["animator:Benimaru","animator:Kazuma"],"picked":"animator:Konayuki","floor":12},{"not_picked":["animator:UneriGinkaku","animator:Evileye"],"picked":"animator:Entoma","floor":14},{"not_picked":["animator:Eris","animator:Ainz"],"picked":"animator:HigakiRinne","floor":16},{"not_picked":["animator:Shalltear","animator:Hakurou+1"],"picked":"animator:Sonic+1","floor":18},{"not_picked":["animator:TsurugaMeisai","animator:Hitei"],"picked":"animator:ZankiKiguchi","floor":19},{"not_picked":["animator:Cocytus","animator:Melzalgald"],"picked":"animator:ElricEdward","floor":21},{"not_picked":["animator:YunYun","animator:TsurugaMeisai"],"picked":"animator:DwarfShaman+1","floor":25},{"not_picked":["animator:Konayuki","animator:Hitei"],"picked":"animator:Azekura","floor":27},{"not_picked":["animator:HigakiRinne","animator:Father"],"picked":"animator:Eris","floor":33},{"not_picked":["animator:Sonic","animator:Demiurge+1"],"picked":"animator:Souei","floor":35},{"not_picked":["animator:ElricAlphonse","animator:Darkness"],"picked":"animator:Sebas","floor":37},{"not_picked":["animator:Verdia","animator:Megumin"],"picked":"animator:Mitsurugi","floor":41},{"not_picked":["animator:PandorasActor","animator:Konayuki"],"picked":"animator:NarberalGamma","floor":46}],"player_experience":712329,"relics_obtained":[{"floor":7,"key":"The Courier"},{"floor":9,"key":"Eternal Feather"},{"floor":38,"key":"conspire:BottledYoYo"},{"floor":43,"key":"reliquary:IridiumChain"},{"floor":45,"key":"Smiling Mask"},{"floor":46,"key":"conspire:InfiniteJournal"}],"event_choices":[{"damage_healed":0,"gold_gain":0,"player_choice":"Trade","damage_taken":0,"relics_obtained":["GremlinMask"],"max_hp_gain":0,"max_hp_loss":0,"event_name":"FaceTrader","floor":13,"gold_loss":0},{"damage_healed":0,"gold_gain":0,"player_choice":"Ignored","damage_taken":0,"max_hp_gain":0,"max_hp_loss":0,"event_name":"Vampires","floor":22,"gold_loss":0},{"damage_healed":22,"gold_gain":0,"player_choice":"Heal","damage_taken":0,"max_hp_gain":0,"max_hp_loss":0,"event_name":"The Library","floor":24,"gold_loss":0},{"damage_healed":0,"gold_gain":0,"player_choice":"Opened","damage_taken":0,"relics_obtained":["reliquary:WeakTea"],"max_hp_gain":0,"max_hp_loss":0,"event_name":"The Mausoleum","floor":29,"gold_loss":0},{"damage_healed":0,"gold_gain":0,"player_choice":"Fight","damage_taken":0,"max_hp_gain":0,"max_hp_loss":0,"event_name":"Colosseum","floor":31,"gold_loss":0},{"damage_healed":0,"gold_gain":0,"player_choice":"Fled From Nobs","damage_taken":0,"max_hp_gain":0,"max_hp_loss":0,"event_name":"Colosseum","floor":31,"gold_loss":0},{"damage_healed":60,"gold_gain":0,"player_choice":"Heal","damage_taken":0,"max_hp_gain":0,"max_hp_loss":9,"event_name":"The Moai Head","floor":36,"gold_loss":0},{"damage_healed":0,"gold_gain":0,"player_choice":"Embrace Madness","damage_taken":8,"max_hp_gain":0,"max_hp_loss":0,"event_name":"Winding Halls","floor":39,"gold_loss":0,"cards_obtained":["animator:HigakiRinne"]},{"damage_healed":0,"gold_gain":0,"player_choice":"Fight","damage_taken":0,"max_hp_gain":0,"max_hp_loss":0,"event_name":"MindBloom","floor":46,"gold_loss":0}],"is_beta":false,"boss_relics":[{"not_picked":["Coffee Dripper","animator:CursedBlade"],"picked":"SacredBark"},{"not_picked":["reliquary:RedCape","reliquary:Ember"],"picked":"Velvet Choker"}],"items_purged_floors":[],"is_endless":false,"potions_floor_spawned":[2,4,5,12,19,31,33,37],"killed_by":"Time Eater","ascension_level":2}}