{"host":"188x3om7sf6mgxv1","time":1613257837,"event":{"mods":["BaseMod","Block Reminder","Jorbs\u0027s Wanderer Trilogy","Minty Spire (QoL Compilation)","Relic Stats","StSLib"],"gold_per_floor":[110,123,123,136,50,50,77,97,97,117,148,159,217,292,292,391,391,316,316,23,23,23,34,34,34,34,34,34],"floor_reached":27,"language":"ENG","playtime":988,"items_purged":["Strike_B"],"score":263,"play_id":"4835f5e1-95b1-4126-92bd-2a15ed7aaa6e","local_time":"20210213181037","is_ascension_mode":true,"campfire_choices":[{"data":"Capacitor","floor":6,"key":"SMITH"},{"data":"Loop","floor":15,"key":"SMITH"},{"data":"Defragment","floor":24,"key":"SMITH"}],"circlet_count":0,"master_deck":["Defend_B","Defend_B","Defend_B+1","Dualcast","Self Repair+1","All For One+1","Rainbow+1","Recycle+1","Compile Driver","Chill","Capacitor+1","Ball Lightning","Genetic Algorithm","Coolheaded","Chaos","Buffer","Loop+1","Buffer","Chill","Necronomicurse","Defragment+1","Recycle","Gash"],"relics":["Astrolabe","Dead Branch","FossilizedHelix","White Beast Statue","Sundial","Snecko Eye","Necronomicon","ClockworkSouvenir","Akabeko"],"acts_visited":["Exordium","TheCity"],"potions_floor_usage":[],"damage_taken":[{"damage":12,"enemies":"Jaw Worm","floor":1,"turns":4},{"damage":4,"enemies":"2 Louse","floor":2,"turns":3},{"damage":8,"enemies":"Small Slimes","floor":4,"turns":3},{"damage":17,"enemies":"3 Sentries","floor":7,"turns":8},{"damage":18,"enemies":"Gremlin Gang","floor":8,"turns":6},{"damage":0,"enemies":"Looter","floor":10,"turns":4},{"damage":6,"enemies":"Lagavulin","floor":11,"turns":7},{"damage":5,"enemies":"Large Slime","floor":12,"turns":5},{"damage":9,"enemies":"3 Sentries","floor":13,"turns":9},{"damage":7,"enemies":"The Guardian","floor":16,"turns":10},{"damage":5,"enemies":"2 Thieves","floor":18,"turns":5},{"damage":7,"enemies":"Shell Parasite","floor":23,"turns":5},{"damage":59,"enemies":"Slavers","floor":27,"turns":4}],"seed_played":"-3092354402953436444","potions_obtained":[{"floor":1,"key":"PotionOfCapacity"},{"floor":7,"key":"PotionOfCapacity"},{"floor":11,"key":"LiquidBronze"}],"is_trial":false,"path_per_floor":["M","M","?","M","$","R","E","M","T","M","E","M","?","?","R","B",null,"M","?","$","?","?","M","R","?","T","E"],"character_chosen":"DEFECT","items_purchased":["Capacitor","Ball Lightning","Defragment","ClockworkSouvenir"],"campfire_rested":0,"item_purchase_floors":[5,5,20,20],"current_hp_per_floor":[73,75,60,62,62,62,55,47,47,57,61,66,67,56,56,59,75,75,59,59,59,59,52,52,52,52,0,0],"gold":34,"neow_bonus":"BOSS_RELIC","is_daily":false,"chose_seed":false,"campfire_upgraded":3,"win_rate":0.0,"timestamp":1613257837,"path_taken":["M","M","?","M","$","R","E","M","T","M","E","M","?","?","R","BOSS","M","?","$","?","?","M","R","?","T","E"],"items_purchased_type":["Card","Card","Card","Relic"],"build_version":"2020-12-22","purchased_purges":1,"victory":false,"max_hp_per_floor":[75,75,75,75,75,75,75,75,75,75,75,75,75,75,75,75,75,75,75,75,75,75,75,75,75,75,75,75],"relic_stats":{"counters":[13,73],"Sundial":[4],"Astrolabe":["Self Repair","All For One","Rainbow"],"Dead Branch":[40],"Snecko Eye":[20,27,18,34],"Necronomicon":[1],"obtain_stats":[{"Sundial":13,"Astrolabe":0,"Dead Branch":7,"Snecko Eye":17,"Necronomicon":19,"Cracked Core":0,"FossilizedHelix":9,"White Beast Statue":11,"Akabeko":26,"ClockworkSouvenir":20},{"Sundial":9,"Astrolabe":0,"Dead Branch":4,"Snecko Eye":10,"Necronomicon":11,"Cracked Core":0,"FossilizedHelix":5,"White Beast Statue":7,"Akabeko":12,"ClockworkSouvenir":11},{"Sundial":49,"Astrolabe":0,"Dead Branch":18,"Snecko Eye":59,"Necronomicon":64,"Cracked Core":0,"FossilizedHelix":24,"White Beast Statue":35,"Akabeko":69,"ClockworkSouvenir":64}]},"card_choices":[{"not_picked":["Skim","Aggregate"],"picked":"Recycle","floor":1},{"not_picked":["Streamline","Gash"],"picked":"Compile Driver","floor":2},{"not_picked":["Rebound","Redo"],"picked":"Chill","floor":4},{"not_picked":["Capacitor","Hologram"],"picked":"Genetic Algorithm","floor":7},{"not_picked":["Redo","Rebound"],"picked":"Coolheaded","floor":8},{"not_picked":["Compile Driver","Steam"],"picked":"Chaos","floor":10},{"not_picked":["Sweeping Beam","Turbo"],"picked":"Buffer","floor":11},{"not_picked":["Cold Snap","Rebound"],"picked":"Loop","floor":12},{"not_picked":["Hyperbeam","Multi-Cast"],"picked":"Buffer","floor":16},{"not_picked":["Leap+1","Steam"],"picked":"Chill","floor":18},{"not_picked":["Beam Cell+1","Hologram","Steam Power+1"],"picked":"SKIP","floor":23}],"player_experience":79718,"relics_obtained":[{"floor":7,"key":"Dead Branch"},{"floor":9,"key":"FossilizedHelix"},{"floor":11,"key":"White Beast Statue"},{"floor":13,"key":"Sundial"},{"floor":19,"key":"Necronomicon"},{"floor":26,"key":"Akabeko"}],"event_choices":[{"damage_healed":0,"gold_gain":0,"player_choice":"Entered Light","damage_taken":15,"max_hp_gain":0,"max_hp_loss":0,"event_name":"Shining Light","floor":3,"gold_loss":0,"cards_upgraded":["Recycle","Defend_B"]},{"damage_healed":0,"gold_gain":30,"player_choice":"Searched \u00272\u0027 times","damage_taken":0,"max_hp_gain":0,"max_hp_loss":0,"event_name":"Dead Adventurer","floor":13,"gold_loss":0},{"damage_healed":0,"gold_gain":75,"player_choice":"Gather Gold","damage_taken":11,"max_hp_gain":0,"max_hp_loss":0,"event_name":"World of Goop","floor":14,"gold_loss":0},{"damage_healed":0,"gold_gain":0,"player_choice":"Obtained Book","damage_taken":16,"max_hp_gain":0,"max_hp_loss":0,"event_name":"Cursed Tome","floor":19,"gold_loss":0},{"damage_healed":0,"gold_gain":0,"player_choice":"Ignored","damage_taken":0,"max_hp_gain":0,"max_hp_loss":0,"event_name":"Vampires","floor":22,"gold_loss":0},{"damage_healed":0,"gold_gain":0,"cards_transformed":["Strike_B","Zap"],"player_choice":"Became Test Subject","damage_taken":0,"max_hp_gain":0,"max_hp_loss":0,"event_name":"Drug Dealer","floor":25,"gold_loss":0,"cards_obtained":["Recycle","Gash"]}],"is_beta":false,"boss_relics":[{"not_picked":["Runic Pyramid","Fusion Hammer"],"picked":"Snecko Eye"}],"items_purged_floors":[20],"is_endless":false,"potions_floor_spawned":[1,7,11,12,13,16,18,23],"killed_by":"Slavers","ascension_level":4}}