{"host":"c3lc60y5x60jlt1y","time":1613258844,"event":{"mods":["AchievementEnabler","BaseMod","Bestiary","Colored Map","Minty Spire (QoL Compilation)","Quick Restart","StSLib","ojb\u0027s Info Mod"],"gold_per_floor":[110,120,120,42,17,17,29,29,53,86,86,119,131,164,164,243,243,256,256,267,267,267,267,267],"floor_reached":23,"language":"ENG","playtime":3106,"items_purged":[],"score":414,"play_id":"8687df28-bb6d-4b33-bb21-5636013b4852","local_time":"20210214012724","is_ascension_mode":true,"campfire_choices":[{"data":"Undo","floor":6,"key":"SMITH"},{"data":"Chaos","floor":8,"key":"SMITH"},{"data":"Dualcast","floor":11,"key":"SMITH"},{"data":"Glacier","floor":15,"key":"SMITH"}],"circlet_count":0,"master_deck":["AscendersBane","Strike_B","Strike_B","Defend_B","Defend_B","Defend_B","Zap+1","Dualcast+1","Undo+1","Gash","Glacier+1","Ball Lightning","Chaos+1","Chill","Self Repair+1","Static Discharge+1","Capacitor+1","Seek","Go for the Eyes+1","Chill+1","Leap+1","Turbo","Amplify","RitualDagger"],"relics":["Cracked Core","NeowsBlessing","Nunchaku","Frozen Egg 2","Bird Faced Urn","Anchor","Astrolabe","Meat on the Bone"],"acts_visited":["Exordium","TheCity"],"potions_floor_usage":[10,10,16,16],"damage_taken":[{"damage":0,"enemies":"Cultist","floor":1,"turns":1},{"damage":0,"enemies":"Jaw Worm","floor":2,"turns":1},{"damage":0,"enemies":"Small Slimes","floor":7,"turns":1},{"damage":21,"enemies":"3 Sentries","floor":10,"turns":5},{"damage":23,"enemies":"Lagavulin","floor":12,"turns":9},{"damage":0,"enemies":"Blue Slaver","floor":13,"turns":3},{"damage":11,"enemies":"3 Sentries","floor":14,"turns":7},{"damage":37,"enemies":"Slime Boss","floor":16,"turns":9},{"damage":4,"enemies":"3 Byrds","floor":18,"turns":7},{"damage":8,"enemies":"Spheric Guardian","floor":20,"turns":6},{"damage":71,"enemies":"Slavers","floor":23,"turns":6}],"seed_played":"-6073487761909280997","potions_obtained":[{"floor":1,"key":"AttackPotion"},{"floor":2,"key":"Strength Potion"},{"floor":10,"key":"Strength Potion"},{"floor":12,"key":"Strength Potion"},{"floor":14,"key":"BlessingOfTheForge"}],"is_trial":false,"path_per_floor":["M","M","?","$","$","R","M","R","T","E","R","E","M","E","R","B",null,"M","?","M","?","T","E"],"character_chosen":"DEFECT","items_purchased":["Glacier","Ball Lightning"],"campfire_rested":0,"item_purchase_floors":[4,5],"current_hp_per_floor":[64,64,64,64,64,64,64,64,64,43,43,20,32,35,35,12,56,68,68,63,57,57,0,0],"gold":267,"neow_bonus":"THREE_ENEMY_KILL","is_daily":false,"chose_seed":false,"campfire_upgraded":4,"win_rate":0.0,"timestamp":1613258844,"path_taken":["M","?","?","?","$","R","?","R","T","E","R","E","M","E","R","BOSS","M","?","M","?","?","E"],"items_purchased_type":["Card","Card"],"build_version":"2020-12-22","purchased_purges":0,"victory":false,"max_hp_per_floor":[71,71,71,71,71,71,71,71,71,71,71,71,71,71,71,71,71,71,71,71,71,71,71,71],"card_choices":[{"not_picked":["FTL","Consume"],"picked":"Undo","floor":1},{"not_picked":["Stack","Heatsinks"],"picked":"Gash","floor":2},{"not_picked":["Beam Cell","Go for the Eyes"],"picked":"Chaos","floor":7},{"not_picked":["Barrage","Melter"],"picked":"Chill","floor":10},{"not_picked":["Seek","Double Energy"],"picked":"Self Repair+1","floor":12},{"not_picked":["Turbo","Self Repair+1"],"picked":"Static Discharge+1","floor":13},{"not_picked":["Hello World+1","Hologram"],"picked":"Capacitor+1","floor":14},{"not_picked":["Multi-Cast","Rainbow"],"picked":"Seek","floor":16},{"not_picked":["Conserve Battery","Leap"],"picked":"Turbo","floor":18},{"not_picked":["Compile Driver","Aggregate"],"picked":"Amplify","floor":20}],"player_experience":9256873,"relics_obtained":[{"floor":9,"key":"Nunchaku"},{"floor":10,"key":"Frozen Egg 2"},{"floor":12,"key":"Bird Faced Urn"},{"floor":14,"key":"Anchor"},{"floor":22,"key":"Meat on the Bone"}],"event_choices":[{"damage_healed":0,"gold_gain":0,"player_choice":"Forge","damage_taken":0,"max_hp_gain":0,"max_hp_loss":0,"event_name":"Accursed Blacksmith","floor":3,"gold_loss":0,"cards_upgraded":["Zap"]},{"damage_healed":0,"gold_gain":0,"player_choice":"Ignored","damage_taken":0,"max_hp_gain":0,"max_hp_loss":0,"event_name":"Vampires","floor":19,"gold_loss":0},{"damage_healed":0,"gold_gain":0,"player_choice":"Joined the Cult","damage_taken":6,"max_hp_gain":0,"max_hp_loss":0,"event_name":"Nest","floor":21,"gold_loss":0,"cards_obtained":["RitualDagger"]}],"is_beta":false,"boss_relics":[{"not_picked":["Cursed Key","Inserter"],"picked":"Astrolabe"}],"items_purged_floors":[],"is_endless":false,"potions_floor_spawned":[1,2,10,12,14],"killed_by":"Slavers","ascension_level":20}}