{"host":"s3g5dmvfnpdztvul","time":1613230288,"event":{"mods":["AchievementEnabler","AlwaysNeverKeys","Aspiration","BaseMod","Better Altar","Better Match","Better Note","Better Sensory Stone","Better Vampires","BetterRewards","CatGirl Mod","Challenge The Spire","Colored Map","Colored Powertips","Colorless Booster Pack","Conspire","Curses Come First","DeckTracker","Defuse TimeMaze Blight","Displayed Cursed Tome","Downfall","Energized Spire","Fiend Mod","Friendly Minions","GifTheSpireLib","Hubris","Hyrulean Relics","Infinite Spire","Ironclad Rager","Jedi Mod","Marisa????????","Marked Mod","Mimic Mod","Minty Spire (QoL Compilation)","Permanent Neow","Poor People Problems","Quick Restart","Railgun Mod","Random Character Button","Rare Cards Sparkle","Replay The Spire","SCP261 Mod","Shade Mod","Small Relic Pack","Spicy Shops","Spikes Relics","StSLib","Stuff the Spire","The Alterego","The Blue Laboratory","The Clintock","The Cursed","The Jungle","The Necromancer","TheSwordswoman","Trackpad","Unceasing Turn Reminder","Virulent Crown","Waifu the Spire","Wandering Minibosses"],"gold_per_floor":[114,126,5,5,25,25,25,53,101,101,130,27,62,74,74,171,171,141,141,153,153,167,167,82,82,82],"floor_reached":25,"language":"ENG","playtime":2654,"items_purged":[],"score":266,"play_id":"01503dd5-28e8-434f-a6c3-ee7365b5ed4c","local_time":"20210213103128","is_ascension_mode":true,"campfire_choices":[{"floor":10.0,"key":"REST"},{"floor":15.0,"key":"REST"},{"floor":23,"key":"REST"}],"circlet_count":0,"master_deck":["TheCursedMod:Strike_TheCursed+1","TheCursedMod:Strike_TheCursed+1","TheCursedMod:Strike_TheCursed+1","TheCursedMod:Strike_TheCursed+1","TheCursedMod:Defend_TheCursed+1","TheCursedMod:Defend_TheCursed+1","TheCursedMod:Defend_TheCursed+1","TheCursedMod:Defend_TheCursed+1","TheCursedMod:CursedWand","TheCursedMod:CleanUpWorkshop","TheCursedMod:Dregs","Violence","TheCursedMod:CursedArmor","TheCursedMod:WearCloak","TheCursedMod:CursedBlade","TheCursedMod:CursedSpellbook","TheCursedMod:AbyssShockwave","Regret","TheCursedMod:Evocation","TheCursedMod:VoidForm","TheCursedMod:HellsGateOpen","TheCursedMod:CursedMace","TheCursedMod:CursedAmulet","TheCursedMod:NeowsMight","CurseOfTheBell","TheCursedMod:CursedShiv","TheCursedMod:ForbiddenAlchemy","Ghostly","Ghostly","Ghostly","Ghostly","Ghostly","TheCursedMod:CursedBlade"],"relics":["TheCursedMod:BlackMagic101","relicPack:OneForAll","Onion Ring","conspire:GlowingRock","trackpad:Mousetrap","ZombieTooth","Calling Bell","ReplayFunnel","Replay:Ringing Soul","hubris:CuriousFeather","Du-Vu Doll"],"acts_visited":["Exordium","TheCity"],"potions_floor_usage":[25,25],"damage_taken":[{"damage":0.0,"enemies":"Cultist","floor":1.0,"turns":4.0},{"damage":0.0,"enemies":"2 Louse","floor":2.0,"turns":4.0},{"damage":0.0,"enemies":"Small Slimes","floor":5.0,"turns":2.0},{"damage":33.0,"enemies":"Lagavulin","floor":8.0,"turns":8.0},{"damage":1.0,"enemies":"3 Sentries","floor":11.0,"turns":4.0},{"damage":26.0,"enemies":"Lagavulin","floor":13.0,"turns":5.0},{"damage":0.0,"enemies":"Looter","floor":14.0,"turns":2.0},{"damage":15,"enemies":"Fading Forest","floor":16,"turns":11},{"damage":25,"enemies":"2 Thieves","floor":18,"turns":5},{"damage":4,"enemies":"Chosen","floor":20,"turns":4},{"damage":19,"enemies":"Snake Plant","floor":22,"turns":4},{"damage":40,"enemies":"Nightmare","floor":25,"turns":7}],"seed_played":"8478818441794108486","potions_obtained":[{"floor":1.0,"key":"Explosive Potion"},{"floor":11.0,"key":"Elixir"},{"floor":13.0,"key":"blueLaboratory:BottleOfVodka"},{"floor":18,"key":"SCP261:BostonMolassesPotion"}],"is_trial":false,"path_per_floor":["M","M","$","?","M","?","?","E","T","R","E","$","E","M","R","B",null,"M","?","M","?","M","R","?","NM"],"character_chosen":"THE_CURSED","items_purchased":["TheCursedMod:CursedBlade","TheCursedMod:CursedSpellbook","TheCursedMod:HellsGateOpen"],"campfire_rested":3,"item_purchase_floors":[3,3,12],"current_hp_per_floor":[68,68,68,68,68,68,68,35,35,55,54,54,28,28,48,33,68,46,46,45,40,24,36,36,0,0],"gold":82,"neow_bonus":"RANDOM_COLORLESS_2","is_daily":false,"chose_seed":false,"campfire_upgraded":0,"win_rate":0.0,"timestamp":1613230288,"path_taken":["M","M","$","?","M","?","?","E","T","R","E","?","E","?","R","BOSS","M","?","M","?","M","R","?","NM"],"items_purchased_type":["Card","Card","Card"],"build_version":"2020-12-22","purchased_purges":0,"victory":false,"max_hp_per_floor":[68,68,68,68,68,68,68,68,68,68,68,68,68,68,68,68,68,71,71,74,40,43,43,43,43,43],"card_choices":[{"not_picked":["Secret Technique","The Bomb"],"picked":"Violence","floor":0.0},{"not_picked":["TheCursedMod:FleshFromBone","TheCursedMod:CursedAmulet"],"picked":"TheCursedMod:CursedArmor","floor":1.0},{"not_picked":["TheCursedMod:Stigma","TheCursedMod:SurpriseAttack"],"picked":"TheCursedMod:WearCloak","floor":2.0},{"not_picked":["TheCursedMod:CursedMace","TheCursedMod:DoubleShield"],"picked":"TheCursedMod:AbyssShockwave","floor":5.0},{"not_picked":["TheCursedMod:StingEye","TheCursedMod:TacticalStrike"],"picked":"TheCursedMod:Evocation","floor":8.0},{"not_picked":["TheCursedMod:Torture","TheCursedMod:SoulCrush"],"picked":"TheCursedMod:VoidForm","floor":11.0},{"not_picked":["TheCursedMod:Stigma","TheCursedMod:RavingStaff"],"picked":"TheCursedMod:CursedMace","floor":13.0},{"not_picked":["TheCursedMod:Obscuration","TheCursedMod:Wield"],"picked":"TheCursedMod:CursedAmulet","floor":14.0},{"not_picked":["TheCursedMod:Neurasthenia","TheCursedMod:ManaCirculation"],"picked":"TheCursedMod:NeowsMight","floor":16},{"not_picked":["TheCursedMod:CircleOfFlame","TheCursedMod:SmokeScreen"],"picked":"TheCursedMod:CursedShiv","floor":18},{"not_picked":["TheCursedMod:CursedShiv+1","TheCursedMod:SaltUponWound"],"picked":"TheCursedMod:ForbiddenAlchemy","floor":20},{"not_picked":["TheCursedMod:StingEye+1","TheCursedMod:Obscuration"],"picked":"TheCursedMod:CursedBlade","floor":22}],"player_experience":558915,"relics_obtained":[{"floor":8.0,"key":"conspire:GlowingRock"},{"floor":9.0,"key":"PreservedInsect"},{"floor":11.0,"key":"trackpad:Mousetrap"},{"floor":13.0,"key":"ZombieTooth"},{"floor":17,"key":"ReplayFunnel"},{"floor":17,"key":"Replay:Ringing Soul"},{"floor":17,"key":"hubris:CuriousFeather"}],"event_choices":[{"damage_healed":0.0,"max_hp_gain":0.0,"max_hp_loss":0.0,"gold_gain":0.0,"event_name":"Big Fish","player_choice":"Box","floor":6.0,"gold_loss":0.0,"damage_taken":0.0,"relics_obtained":["Onion Ring"],"cards_obtained":["Regret"]},{"damage_healed":0,"gold_gain":0,"player_choice":"Simplicity","damage_taken":0,"max_hp_gain":0,"max_hp_loss":0,"event_name":"Back to Basics","floor":19,"gold_loss":0,"cards_upgraded":["TheCursedMod:Strike_TheCursed","TheCursedMod:Strike_TheCursed","TheCursedMod:Strike_TheCursed","TheCursedMod:Strike_TheCursed","TheCursedMod:Defend_TheCursed","TheCursedMod:Defend_TheCursed","TheCursedMod:Defend_TheCursed","TheCursedMod:Defend_TheCursed"]},{"damage_healed":0,"gold_gain":0,"player_choice":"Became a Ghost","damage_taken":0,"max_hp_gain":0,"max_hp_loss":37,"event_name":"Ghosts","floor":21,"gold_loss":0,"cards_obtained":["Ghostly","Ghostly","Ghostly","Ghostly","Ghostly"]},{"damage_healed":0,"gold_gain":0,"player_choice":"Obtained Relic","damage_taken":0,"relics_obtained":["Du-Vu Doll"],"max_hp_gain":0,"max_hp_loss":0,"event_name":"Addict","floor":24,"gold_loss":85}],"is_beta":false,"boss_relics":[{"not_picked":["trackpad:Coffee","hubris:Stopwatch"],"picked":"Calling Bell"}],"items_purged_floors":[],"is_endless":false,"potions_floor_spawned":[1,11,13,18],"killed_by":"Nightmare","ascension_level":2}}