{"host":"takgv9cv6xf64vhq","time":1613183279,"event":{"mods":["BaseMod","Colored Powertips","Conspire","Decade(王小明)","Downfall","Energized Spire","Hermit","Hubris","LagranYue(拉格朗・月)","Marisa（F雨　魔理沙）","Minty Spire (QoL Compilation)","Replay The Spire","StSLib","The Cursed","The Hierophant","The Jungle","The Servant 0.9.4","TheHeartMod"],"gold_per_floor":[113,113,188,205,224,255,255,255,255,265,275,45,45,62,62,163,163,200,261,297,339,339,339,351,351,351,401,401,401,10,20,20,149,149,188,198,26,61,73,131,157,157,157,75,103,148,148,187,187,212,212,212,17,46,46,46],"floor_reached":55,"language":"ZHS","playtime":3694,"items_purged":["conspire:GhostlyDefend","conspire:GhostlyDefend"],"score":964,"play_id":"df985b2f-7ea5-45b3-82a2-c3434d0b55dc","local_time":"20210213102759","is_ascension_mode":true,"campfire_choices":[{"data":"Eruption","floor":13.0,"key":"SMITH"},{"floor":15.0,"key":"DIG"},{"data":"Adaptation","floor":23.0,"key":"SMITH"},{"data":"TalkToTheHand","floor":25.0,"key":"SMITH"},{"floor":29.0,"key":"DIG"},{"floor":32.0,"key":"DIG"},{"floor":47.0,"key":"RECALL"},{"floor":49.0,"key":"DIG"},{"data":"Deep Breath","floor":52,"key":"SMITH"}],"circlet_count":0,"master_deck":["conspire:GhostlyStrike+1","conspire:GhostlyStrike+1","conspire:GhostlyStrike+1","conspire:GhostlyStrike+1","conspire:GhostlyDefend","Eruption+1","Vigilance","Fasting2","BowlingBash","CutThroughFate","TalkToTheHand+1","Prostrate","Prostrate","Adaptation+1","Replay:AtTheReady","Wish","ClearTheMind","Prostrate+1","SashWhip+1","CarveReality+1","DeusExMachina","FlurryOfBlows+1","Adaptation+1","Adaptation+1","Devotion","Halt","Halt+1","MentalFortress","Evaluate+1","EmptyMind","Deep Breath+1","Pray+1","ThirdEye+1","Perseverance+1","DevaForm","ThirdEye+1","Crescendo"],"relics":["PureWater","NeowsBlessing","Shovel","Replay:Bottled Eggs","Replay:Ringing Soul","Molten Egg 2","hubris:HerbalPaste","Eternal Feather","Sozu","hubris:Reverence","PreservedInsect","hubris:64BitClover","Ornamental Fan","Bag of Preparation","Philosopher\u0027s Stone","Slimebound:StickyStick","Replay:Wax Seal","Garlic","Lantern","Pear","Replay:Bottled Snecko"],"acts_visited":["Exordium","TheCity","TheBeyond","TheEnding"],"potions_floor_usage":[],"damage_taken":[{"damage":0.0,"enemies":"2 Louse","floor":1.0,"turns":1.0},{"damage":0.0,"enemies":"Jaw Worm","floor":4.0,"turns":1.0},{"damage":0.0,"enemies":"Cultist","floor":5.0,"turns":1.0},{"damage":22.0,"enemies":"Gremlin Nob","floor":6.0,"turns":3.0},{"damage":3.0,"enemies":"Looter","floor":10.0,"turns":3.0},{"damage":0.0,"enemies":"Exordium Wildlife","floor":11.0,"turns":3.0},{"damage":0.0,"enemies":"Lots of Slimes","floor":14.0,"turns":3.0},{"damage":11.0,"enemies":"Hexaghost","floor":16.0,"turns":6.0},{"damage":42.0,"enemies":"3 Byrds","floor":18.0,"turns":8.0},{"damage":44.0,"enemies":"conspire:FuzzyDice","floor":20.0,"turns":5.0},{"damage":11.0,"enemies":"Snecko","floor":21.0,"turns":6.0},{"damage":3.0,"enemies":"Snake Plant","floor":24.0,"turns":2.0},{"damage":15.0,"enemies":"Replay:Snechameleon","floor":27.0,"turns":6.0},{"damage":5.0,"enemies":"Centurion and Healer","floor":31.0,"turns":4.0},{"damage":54.0,"enemies":"conspire:MysteriousRune","floor":33.0,"turns":8.0},{"damage":3.0,"enemies":"3 Shapes","floor":35.0,"turns":5.0},{"damage":26.0,"enemies":"3 Darklings","floor":36.0,"turns":4.0},{"damage":1.0,"enemies":"Maw","floor":38.0,"turns":6.0},{"damage":18.0,"enemies":"4 Shapes","floor":39.0,"turns":6.0},{"damage":9.0,"enemies":"Giant Head","floor":40.0,"turns":5.0},{"damage":29.0,"enemies":"Nemesis","floor":45.0,"turns":9.0},{"damage":9.0,"enemies":"Sphere and 2 Shapes","floor":46.0,"turns":7.0},{"damage":0.0,"enemies":"Spire Growth","floor":48.0,"turns":4.0},{"damage":92.0,"enemies":"conspire:OrnateMirror","floor":50.0,"turns":9.0},{"damage":64,"enemies":"Shield and Spear","floor":54,"turns":7},{"damage":103,"enemies":"The Heart","floor":55,"turns":5}],"seed_played":"-5698276389807526599","potions_obtained":[{"floor":1.0,"key":"BottledMiracle"},{"floor":4.0,"key":"SpeedPotion"},{"floor":10.0,"key":"FearPotion"},{"floor":11.0,"key":"Adrenaline Potion"},{"floor":14.0,"key":"BottledMiracle"}],"is_trial":false,"path_per_floor":["M","?","?","M","M","E","?","$","T","M","M","$","R","M","R","B",null,"M","?","M","M","?","R","M","R","T","E","?","R","$","M","R","B",null,"M","M","$","M","M","E","T","?","T","$","E","M","R","M","R","B",null,"R","$","E","B"],"character_chosen":"WATCHER","items_purchased":["Replay:Ringing Soul","hubris:HerbalPaste","Adaptation","Ornamental Fan","Adaptation+1","MentalFortress","Deep Breath","DevaForm","ThirdEye+1"],"campfire_rested":0,"item_purchase_floors":[8,12,12,30,30,37,44,53,53],"current_hp_per_floor":[72,72,65,65,65,43,25,8,8,8,11,14,14,22,22,20,87,48,51,16,14,8,20,23,35,35,29,29,41,44,48,63,18,114,115,97,100,108,96,96,96,96,96,99,79,89,107,116,134,48,151,151,154,96,0,0],"gold":46,"neow_bonus":"THREE_ENEMY_KILL","is_daily":false,"chose_seed":false,"campfire_upgraded":4,"win_rate":0.0,"timestamp":1613183279,"path_taken":["M","?","?","?","M","E","?","?","T","M","?","$","R","M","R","BOSS","M","?","M","?","?","R","?","R","T","E","?","R","$","M","R","BOSS","M","M","$","M","M","E","?","?","T","?","E","M","R","M","R","BOSS","R","$","E","BOSS"],"items_purchased_type":["Relic","Relic","Card","Relic","Card","Card","Card","Card","Card"],"build_version":"2020-12-22","purchased_purges":2,"victory":false,"max_hp_per_floor":[72,72,72,72,72,72,72,72,72,75,78,81,81,84,84,87,87,90,93,96,99,99,99,102,102,102,105,105,105,108,111,111,114,114,117,120,123,126,126,129,129,129,129,132,135,148,148,151,151,151,151,151,154,157,157,157],"card_choices":[{"not_picked":["BattleHymn","Pray"],"picked":"Fasting2","floor":1.0},{"not_picked":["FlurryOfBlows","Replay:BluntJabs"],"picked":"BowlingBash","floor":4.0},{"not_picked":["Replay:Hum","SandsOfTime"],"picked":"CutThroughFate","floor":5.0},{"not_picked":["Replay:Cycle","JustLucky"],"picked":"TalkToTheHand","floor":6.0},{"not_picked":["Fasting2","JustLucky+1"],"picked":"Prostrate","floor":10.0},{"not_picked":["FlurryOfBlows+1","Halt"],"picked":"Prostrate","floor":11.0},{"not_picked":["Replay:Hum","Replay:ManipulateFuture"],"picked":"Replay:AtTheReady","floor":14.0},{"not_picked":["Alpha","Replay:AllIn"],"picked":"Wish","floor":16.0},{"not_picked":["Evaluate","FlyingSleeves+1"],"picked":"ClearTheMind","floor":18.0},{"not_picked":["Replay:AtTheReady","JustLucky+1"],"picked":"Prostrate+1","floor":19.0},{"not_picked":["BowlingBash+1","ClearTheMind+1"],"picked":"SashWhip+1","floor":20.0},{"not_picked":["WreathOfFlame","Weave+1"],"picked":"CarveReality+1","floor":21.0},{"not_picked":["PathToVictory","MentalFortress"],"picked":"DeusExMachina","floor":24.0},{"not_picked":["Consecrate+1","Replay:ManipulateFuture"],"picked":"FlurryOfBlows+1","floor":27.0},{"not_picked":["CarveReality+1","Study"],"picked":"Adaptation+1","floor":31.0},{"not_picked":["DeusExMachina","MasterReality"],"picked":"Devotion","floor":33.0},{"not_picked":["Protect","SashWhip+1"],"picked":"Halt","floor":35.0},{"not_picked":["FollowUp+1","ForeignInfluence"],"picked":"Halt+1","floor":36.0},{"not_picked":["ThirdEye","Conclude+1"],"picked":"Evaluate+1","floor":38.0},{"not_picked":["Swivel","PathToVictory+1","Replay:Vibes"],"picked":"SKIP","floor":39.0},{"not_picked":["CrushJoints+1","Weave+1"],"picked":"EmptyMind","floor":40.0},{"not_picked":["Evaluate+1","Replay:BluntJabs+1"],"picked":"Pray+1","floor":45.0},{"not_picked":["Halt+1","PathToVictory"],"picked":"ThirdEye+1","floor":46.0},{"not_picked":["InnerPeace","Replay:BluntJabs+1"],"picked":"Perseverance+1","floor":48.0},{"not_picked":["Pray+1","ReachHeaven+1"],"picked":"Crescendo","floor":54}],"player_experience":511174,"relics_obtained":[{"floor":6.0,"key":"Shovel"},{"floor":9.0,"key":"Molten Egg 2"},{"floor":15.0,"key":"Eternal Feather"},{"floor":19.0,"key":"hubris:Reverence"},{"floor":27.0,"key":"PreservedInsect"},{"floor":29.0,"key":"hubris:64BitClover"},{"floor":32.0,"key":"Bag of Preparation"},{"floor":40.0,"key":"Slimebound:StickyStick"},{"floor":41.0,"key":"Replay:Wax Seal"},{"floor":43.0,"key":"Garlic"},{"floor":45.0,"key":"Lantern"},{"floor":46.0,"key":"Pear"},{"floor":49.0,"key":"Replay:Bottled Snecko"}],"event_choices":[{"damage_healed":0.0,"max_hp_gain":0.0,"max_hp_loss":0.0,"gold_gain":0.0,"event_name":"conspire:LoneGhost","player_choice":"Agree","floor":2.0,"gold_loss":0.0,"damage_taken":0.0},{"damage_healed":0.0,"max_hp_gain":0.0,"max_hp_loss":0.0,"gold_gain":75.0,"event_name":"FaceTrader","player_choice":"Touch","floor":3.0,"gold_loss":0.0,"damage_taken":7.0},{"damage_healed":0.0,"max_hp_gain":0.0,"max_hp_loss":0.0,"gold_gain":0.0,"event_name":"Scrap Ooze","player_choice":"Success","floor":7.0,"gold_loss":0.0,"damage_taken":18.0,"relics_obtained":["Replay:Bottled Eggs"]},{"damage_healed":0.0,"max_hp_gain":0.0,"max_hp_loss":0.0,"gold_gain":0.0,"event_name":"Knowing Skull","player_choice":"","floor":22.0,"potions_obtained":[],"gold_loss":0.0,"damage_taken":6.0,"cards_obtained":[]},{"cards_removed":["conspire:GhostlyDefend"],"damage_healed":0.0,"max_hp_gain":0.0,"max_hp_loss":0.0,"gold_gain":0.0,"event_name":"Purifier","player_choice":"Purged","floor":28.0,"gold_loss":0.0,"damage_taken":0.0},{"damage_healed":0.0,"max_hp_gain":0.0,"max_hp_loss":0.0,"gold_gain":0.0,"event_name":"conspire:Investor","player_choice":"Leave","floor":42.0,"gold_loss":0.0,"damage_taken":0.0}],"is_beta":false,"boss_relics":[{"not_picked":["Painkiller Herb","conspire:SeveredTorchhead"],"picked":"Sozu"},{"not_picked":["energizedSpire:StickyHand","hubris:VirtuousBlindfold"],"picked":"Philosopher\u0027s Stone"}],"items_purged_floors":[30,37],"is_endless":false,"potions_floor_spawned":[1,4,10,11,14,18,20,31,35,36,40,54],"killed_by":"The Heart","ascension_level":4}}