{"host":"czen9m7c7ttmirt2","time":1613201822,"event":{"mods":["AchievementEnabler","Aspiration","BaseMod","Better Third Choice","Colored Map","Colored Powertips","Conspire","Hubris","Minty Spire (QoL Compilation)","Replay The Spire","StSLib"],"gold_per_floor":[117,117,132,142,44,44,70,70,70,84,97,22,22,22,22,118,118,130,130,20,20,18,18,18,18],"floor_reached":24,"language":"ENG","playtime":1217,"items_purged":[],"score":258,"play_id":"96b3825b-db2d-493e-ac46-e307cc1f24eb","local_time":"20210213013702","is_ascension_mode":true,"campfire_choices":[{"floor":6,"key":"RECALL"},{"floor":8,"key":"REST"},{"floor":13,"key":"REST"},{"floor":15,"key":"REST"},{"data":"Consume","floor":23,"key":"SMITH"}],"circlet_count":0,"master_deck":["Strike_B","Strike_B","Strike_B","Strike_B","Defend_B","Defend_B","Defend_B","Defend_B","Zap+1","Dualcast","Conserve Battery","aspiration:Polymerization","Cold Snap","ReplaySolidLightProjector","ReplaySolidLightProjector","Ball Lightning+1","Ball Lightning+1","Redo","ReplayTheSpireMod:GoodbyeWorld","Self Repair","Amplify","Auto Shields","Ghostly","Ghostly","Ghostly","Ghostly","Ghostly","Defragment","Hologram+1","Consume+1"],"relics":["Cracked Core","Replay:Bottled Eggs","Replay:Accelerometer","Black Star"],"acts_visited":["Exordium","TheCity"],"potions_floor_usage":[16,16,24],"damage_taken":[{"damage":2,"enemies":"Jaw Worm","floor":1,"turns":4},{"damage":0,"enemies":"Cultist","floor":3,"turns":4},{"damage":0,"enemies":"2 Louse","floor":4,"turns":3},{"damage":35,"enemies":"Gremlin Nob","floor":7,"turns":5},{"damage":29,"enemies":"Exordium Wildlife","floor":10,"turns":4},{"damage":9,"enemies":"Looter","floor":11,"turns":2},{"damage":39,"enemies":"Hexaghost","floor":16,"turns":9},{"damage":60,"enemies":"3 Byrds","floor":18,"turns":5},{"damage":17,"enemies":"2 Thieves","floor":22,"turns":5},{"damage":13,"enemies":"Book of Stabbing","floor":24,"turns":4}],"seed_played":"4732543567720794427","potions_obtained":[{"floor":2,"key":"Languid Potion"},{"floor":2,"key":"PotionOfCapacity"},{"floor":2,"key":"Cursed Concoction"},{"floor":11,"key":"GamblersBrew"}],"is_trial":false,"path_per_floor":["M","?","M","M","$","R","E","R","T","M","M","$","R","T","R","B",null,"M","?","$","?","M","R","E"],"character_chosen":"DEFECT","items_purchased":["ReplaySolidLightProjector","Ball Lightning","Self Repair","Defragment","Hologram+1"],"campfire_rested":3,"item_purchase_floors":[5,5,12,20,20],"current_hp_per_floor":[73,73,73,73,73,73,38,60,60,31,22,22,44,44,66,34,75,22,22,22,22,12,12,0,0],"gold":18,"neow_bonus":"UPGRADE_CARD","is_daily":false,"chose_seed":false,"campfire_upgraded":1,"win_rate":0.0,"timestamp":1613201822,"path_taken":["M","?","M","M","?","R","E","R","T","?","M","?","R","?","R","BOSS","M","?","$","?","M","R","E"],"items_purchased_type":["Card","Card","Card","Card","Card"],"build_version":"2020-12-22","purchased_purges":0,"victory":false,"max_hp_per_floor":[75,75,75,75,75,75,75,75,75,75,75,75,75,75,75,75,75,75,37,37,37,37,37,37,37],"card_choices":[{"not_picked":["Sweeping Beam","Gash"],"picked":"Conserve Battery","floor":1},{"not_picked":["Compile Driver","Go for the Eyes"],"picked":"aspiration:Polymerization","floor":3},{"not_picked":["Sweeping Beam","ReplayGash"],"picked":"Cold Snap","floor":4},{"not_picked":["Steam","Storm"],"picked":"Ball Lightning","floor":7},{"not_picked":["Compile Driver","Conserve Battery"],"picked":"Redo","floor":10},{"not_picked":["Force Field","Storm"],"picked":"ReplayTheSpireMod:GoodbyeWorld","floor":11},{"not_picked":["Meteor Strike","Hyperbeam"],"picked":"Amplify","floor":16},{"not_picked":["Barrage","Genetic Algorithm"],"picked":"Auto Shields","floor":18},{"not_picked":["Leap","Streamline"],"picked":"Consume","floor":22}],"player_experience":218163,"relics_obtained":[{"floor":7,"key":"Replay:Bottled Eggs"},{"floor":14,"key":"Replay:Accelerometer"}],"event_choices":[{"damage_healed":0,"gold_gain":0,"player_choice":"Got Potions","damage_taken":0,"max_hp_gain":0,"max_hp_loss":0,"event_name":"Lab","floor":2,"gold_loss":0},{"damage_healed":0,"gold_gain":0,"player_choice":"Became a Ghost","damage_taken":0,"max_hp_gain":0,"max_hp_loss":38,"event_name":"Ghosts","floor":19,"gold_loss":0,"cards_obtained":["Ghostly","Ghostly","Ghostly","Ghostly","Ghostly"]},{"damage_healed":0,"gold_gain":0,"player_choice":"Leave","damage_taken":0,"max_hp_gain":0,"max_hp_loss":0,"event_name":"conspire:Investor","floor":21,"gold_loss":0}],"is_beta":false,"boss_relics":[{"not_picked":["SlaversCollar","Runic Pyramid"],"picked":"Black Star"}],"items_purged_floors":[],"is_endless":false,"potions_floor_spawned":[4,11],"killed_by":"Book of Stabbing","ascension_level":4}}