{"host":"7j2n82b2zha9fuyn","time":1613191298,"event":{"mods":["BaseMod","Block Reminder","Minty Spire (QoL Compilation)","StSLib"],"gold_per_floor":[115,40,54,69,89,116,116,116,116],"floor_reached":8,"language":"ENG","playtime":902,"items_purged":[],"score":113,"play_id":"6827d088-a659-453d-8ea0-4573eeaff5f3","local_time":"20210212214138","is_ascension_mode":true,"campfire_choices":[{"floor":7,"key":"REST"}],"circlet_count":0,"master_deck":["AscendersBane","Strike_B","Strike_B","Strike_B","Defend_B","Defend_B","Defend_B","Defend_B","Zap","Dualcast","All For One","Sweeping Beam","Gash","Cold Snap","Gash","Defragment"],"relics":["Cracked Core","Happy Flower"],"acts_visited":["Exordium"],"potions_floor_usage":[6,6],"damage_taken":[{"damage":11,"enemies":"Cultist","floor":1,"turns":4},{"damage":9,"enemies":"Jaw Worm","floor":3,"turns":4},{"damage":11,"enemies":"2 Louse","floor":4,"turns":2},{"damage":6,"enemies":"Looter","floor":5,"turns":3},{"damage":19,"enemies":"Lagavulin","floor":6,"turns":8},{"damage":37,"enemies":"Gremlin Nob","floor":8,"turns":3}],"seed_played":"-8171075486557429066","potions_obtained":[{"floor":4,"key":"Ancient Potion"},{"floor":5,"key":"Explosive Potion"}],"is_trial":false,"path_per_floor":["M","?","M","M","M","E","R","E"],"character_chosen":"DEFECT","items_purchased":[],"campfire_rested":1,"item_purchase_floors":[],"current_hp_per_floor":[53,53,44,33,27,8,27,0,0],"gold":116,"neow_bonus":"THREE_RARE_CARDS","is_daily":false,"chose_seed":false,"campfire_upgraded":0,"win_rate":0.0,"timestamp":1613191298,"path_taken":["M","?","M","M","M","E","R","E"],"items_purchased_type":[],"build_version":"2020-12-22","purchased_purges":0,"victory":false,"max_hp_per_floor":[64,64,64,64,64,64,64,64,64],"card_choices":[{"not_picked":["Buffer","Creative AI"],"picked":"All For One","floor":0},{"not_picked":["Redo","Hologram"],"picked":"Sweeping Beam","floor":1},{"not_picked":["White Noise","Coolheaded"],"picked":"Gash","floor":3},{"not_picked":["Darkness","Coolheaded"],"picked":"Cold Snap","floor":4},{"not_picked":["Loop","Scrape"],"picked":"Gash","floor":5},{"not_picked":["Redo","Heatsinks"],"picked":"Defragment","floor":6}],"player_experience":2023519,"relics_obtained":[{"floor":6,"key":"Happy Flower"}],"event_choices":[{"cards_removed":["Strike_B"],"damage_healed":0,"gold_gain":0,"player_choice":"Card Removal","damage_taken":0,"max_hp_gain":0,"max_hp_loss":0,"event_name":"The Cleric","floor":2,"gold_loss":75}],"is_beta":false,"boss_relics":[],"items_purged_floors":[],"is_endless":false,"potions_floor_spawned":[4,5],"killed_by":"Gremlin Nob","ascension_level":19}}