{"host":"dm3der2z84gf27js","time":1613186518,"event":{"mods":["AchievementEnabler","BaseMod","Bestiary","Better Note","Better Third Choice","Colored Map","Colored Powertips","Marisa????????","Minty Spire (QoL Compilation)","Onozuka Komachi Mod","StSLib","The Marked","The Servant 0.9.4"],"gold_per_floor":[116,0,75,91,104,121,147,147,173,199,4,31,64,99,99,219,219,254,254,254,273,198,198,244,206,206,222,270,270,296,338,350,480,492,523,561,638,237,283,328,355,355,355,39,39,56,88,119,119,119,119,119,1,35,35],"floor_reached":56,"language":"ENG","playtime":5752,"items_purged":[],"score":1436,"play_id":"a53faae8-e2a4-4003-b62d-53432c96a8b0","local_time":"20210212222158","is_ascension_mode":true,"campfire_choices":[{"floor":8,"key":"REST"},{"floor":15,"key":"REST"},{"floor":23,"key":"RECALL"},{"floor":29,"key":"DIG"},{"floor":32,"key":"REST"},{"floor":42,"key":"REST"},{"floor":45,"key":"DIG"},{"floor":49,"key":"DIG"},{"floor":52,"key":"DIG"}],"circlet_count":0,"master_deck":["Strike_MRS","Strike_MRS","Strike_MRS","Strike_MRS","Defend_MRS","Defend_MRS","Defend_MRS+1","Defend_MRS","MasterSpark","UpSweep","OneTimeOff","ChargeUpSpray","MilkyWay","6A","CasketOfStar","WitchOfGreed","NonDirectionalLaser","DoubleSpark","AlicesGift","AsteroidBelt","MillisecondPulsars","MilkyWay","GasGiant","AsteroidBelt","RefractionSpark","ChargeUpSpray","MysteriousBeam","GrandCross+1","OpenUniverse","FinalSpark","AlicesGift","MilkyWay+1","MysteriousBeam+1","IllusionStar","WitchOfGreed","UnstableBomb+1","EventHorizon+1","MysteriousBeam+1","AsteroidBelt+1","Parasite","BlazeAway+1","BlazingStar","IllusionStar+1","PowerUp+1","MysteriousBeam+1"],"relics":["MiniHakkero","Lantern","MealTicket","War Paint","Orichalcum","Shovel","ExperimentalFamiliar","Nilry\u0027s Codex","PreservedInsect","Gremlin Horn","Oddly Smooth Stone","Happy Flower","MawBank","RampagingMagicTools","Du-Vu Doll","OrangePellets","Regal Pillow","Torii","Omamori","Toxic Egg 2","Ornamental Fan","ShroomBag","Nunchaku","Bottled Flame","Kunai","Bag of Preparation"],"acts_visited":["Exordium","TheCity","TheBeyond","TheEnding"],"potions_floor_usage":[6,6,7,16,18,21,24,24,28,28,31,33,37,39,39,40,46,50,54,55],"damage_taken":[{"damage":1,"enemies":"Cultist","floor":1,"turns":3},{"damage":1,"enemies":"Jaw Worm","floor":4,"turns":3},{"damage":0,"enemies":"Small Slimes","floor":5,"turns":3},{"damage":5,"enemies":"Gremlin Gang","floor":6,"turns":4},{"damage":13,"enemies":"Gremlin Nob","floor":7,"turns":4},{"damage":8,"enemies":"Lagavulin","floor":10,"turns":7},{"damage":5,"enemies":"Blue Slaver","floor":12,"turns":4},{"damage":21,"enemies":"Gremlin Nob","floor":13,"turns":5},{"damage":9,"enemies":"Looter","floor":14,"turns":3},{"damage":54,"enemies":"Hexaghost","floor":16,"turns":10},{"damage":0,"enemies":"3 Byrds","floor":18,"turns":3},{"damage":0,"enemies":"Spheric Guardian","floor":21,"turns":2},{"damage":6,"enemies":"Book of Stabbing","floor":24,"turns":3},{"damage":5,"enemies":"Snecko","floor":27,"turns":4},{"damage":10,"enemies":"Slavers","floor":28,"turns":3},{"damage":8,"enemies":"Snake Plant","floor":30,"turns":3},{"damage":5,"enemies":"Book of Stabbing","floor":31,"turns":4},{"damage":41,"enemies":"Champ","floor":33,"turns":9},{"damage":14,"enemies":"3 Shapes","floor":35,"turns":1},{"damage":11,"enemies":"Orb Walker","floor":36,"turns":3},{"damage":13,"enemies":"Mind Bloom Boss Battle","floor":37,"turns":4},{"damage":1,"enemies":"2 Orb Walkers","floor":39,"turns":3},{"damage":14,"enemies":"Giant Head","floor":40,"turns":5},{"damage":1,"enemies":"Spire Growth","floor":41,"turns":4},{"damage":1,"enemies":"Writhing Mass","floor":46,"turns":4},{"damage":0,"enemies":"Reptomancer","floor":47,"turns":2},{"damage":0,"enemies":"Maw","floor":48,"turns":5},{"damage":29,"enemies":"Donu and Deca","floor":50,"turns":5},{"damage":3,"enemies":"Shield and Spear","floor":54,"turns":3},{"damage":65,"enemies":"The Heart","floor":55,"turns":8}],"seed_played":"4023538712940161070","potions_obtained":[{"floor":4,"key":"AttackPotion"},{"floor":5,"key":"BottledSpark"},{"floor":6,"key":"Swift Potion"},{"floor":12,"key":"SmokeBomb"},{"floor":14,"key":"SteroidPotion"},{"floor":16,"key":"BottledSpark"},{"floor":16,"key":"Dexterity Potion"},{"floor":18,"key":"Fire Potion"},{"floor":21,"key":"PowerPotion"},{"floor":24,"key":"DuplicationPotion"},{"floor":24,"key":"AttackPotion"},{"floor":30,"key":"LiquidMemories"},{"floor":31,"key":"Strength Potion"},{"floor":33,"key":"PowerPotion"},{"floor":33,"key":"SpeedPotion"},{"floor":37,"key":"BlessingOfTheForge"},{"floor":37,"key":"ColorlessPotion"},{"floor":39,"key":"BottledSpark"},{"floor":41,"key":"EssenceOfSteel"},{"floor":48,"key":"AttackPotion"}],"is_trial":false,"path_per_floor":["M","?","?","M","M","M","E","R","T","E","$","M","E","M","R","B",null,"M","?","?","M","?","R","E","$","T","M","E","R","M","E","R","B",null,"M","M","?","$","?","E","M","R","T","$","R","M","E","M","R","B",null,"R","$","E","B",null],"character_chosen":"MARISA","items_purchased":["Orichalcum","NonDirectionalLaser","RefractionSpark","OrangePellets","IllusionStar","PowerPotion","Regal Pillow","WitchOfGreed","Ornamental Fan","AsteroidBelt+1","PowerUp+1","DuplicationPotion"],"campfire_rested":4,"item_purchase_floors":[11,11,25,38,38,38,38,38,44,44,53,53],"current_hp_per_floor":[74,80,72,71,71,66,53,77,77,69,81,76,55,46,70,16,81,81,81,65,65,65,65,59,74,74,69,59,59,51,46,70,29,81,67,56,43,58,57,43,42,81,81,81,81,80,80,80,80,53,81,81,81,78,15],"gold":35,"neow_bonus":"RANDOM_COMMON_RELIC","is_daily":false,"chose_seed":false,"campfire_upgraded":0,"win_rate":0.0,"timestamp":1613186518,"path_taken":["M","?","?","?","M","M","E","R","T","E","?","M","E","M","R","BOSS","M","?","?","M","?","R","E","$","T","M","E","R","M","E","R","BOSS","M","M","?","$","?","E","M","R","T","$","R","?","E","M","R","BOSS","R","$","E","BOSS"],"items_purchased_type":["Relic","Card","Card","Relic","Card","Potion","Relic","Card","Relic","Card","Card","Potion"],"build_version":"2020-12-22","purchased_purges":0,"victory":true,"max_hp_per_floor":[75,81,81,81,81,81,81,81,81,81,81,81,81,81,81,81,81,81,81,81,81,81,81,81,81,81,81,81,81,81,81,81,81,81,81,81,81,81,81,81,81,81,81,81,81,81,81,81,81,81,81,81,81,81,81],"card_choices":[{"not_picked":["WitchLeyline","AsteroidBelt"],"picked":"OneTimeOff","floor":1},{"not_picked":["MeteoricShower","StarBarrage"],"picked":"ChargeUpSpray","floor":4},{"not_picked":["PowerUp","GravityBeat"],"picked":"MilkyWay","floor":5},{"not_picked":["AsteroidBelt","MysteriousBeam"],"picked":"6A","floor":6},{"not_picked":["Orbital","PulseMagic"],"picked":"CasketOfStar","floor":7},{"not_picked":["LuminesStrike","ShootingEcho"],"picked":"WitchOfGreed","floor":10},{"not_picked":["ShootingEcho","BlazeAway"],"picked":"DoubleSpark","floor":12},{"not_picked":["DarkMatter","GalacticHalo"],"picked":"AlicesGift","floor":13},{"not_picked":["MagicAbsorber","ChargeUpSpray"],"picked":"AsteroidBelt","floor":14},{"not_picked":["AbsoluteMagnitude","TreasureHunter"],"picked":"MillisecondPulsars","floor":16},{"not_picked":["MeteoricShower+1","AsteroidBelt"],"picked":"MilkyWay","floor":18},{"not_picked":["GrandCross","MagicChant"],"picked":"GasGiant","floor":21},{"not_picked":["GravityBeat","WitchLeyline"],"picked":"AsteroidBelt","floor":24},{"not_picked":["NonDirectionalLaser+1","SprinkleStarSeal+1"],"picked":"ChargeUpSpray","floor":27},{"not_picked":["UnstableBomb","OneTimeOff"],"picked":"MysteriousBeam","floor":28},{"not_picked":["MeteoricShower+1","NonDirectionalLaser"],"picked":"GrandCross+1","floor":30},{"not_picked":["AbsoluteMagnitude","JA"],"picked":"OpenUniverse","floor":31},{"not_picked":["BinaryStars","CasketOfStar"],"picked":"FinalSpark","floor":33},{"not_picked":["ChargingUp","SporeBomb+1"],"picked":"AlicesGift","floor":35},{"not_picked":["Robbery+1","ChargeUpSpray"],"picked":"MilkyWay+1","floor":36},{"not_picked":["AlicesGift","BlazeAway+1"],"picked":"MysteriousBeam+1","floor":37},{"not_picked":["Acceleration","WitchOfGreed+1"],"picked":"UnstableBomb+1","floor":39},{"not_picked":["CollectingQuirk","WitchLeyline"],"picked":"EventHorizon+1","floor":40},{"not_picked":["NonDirectionalLaser","MilkyWay"],"picked":"MysteriousBeam+1","floor":41},{"not_picked":["GrandCross","GalacticHalo+1"],"picked":"BlazeAway+1","floor":46},{"not_picked":["OrrerysSun","Occultation+1"],"picked":"BlazingStar","floor":47},{"not_picked":["WitchLeyline","MilkyWay+1"],"picked":"IllusionStar+1","floor":48},{"not_picked":["PowerUp+1","GalacticHalo+1"],"picked":"MysteriousBeam+1","floor":54}],"player_experience":210569,"relics_obtained":[{"floor":7,"key":"MealTicket"},{"floor":10,"key":"War Paint"},{"floor":13,"key":"Shovel"},{"floor":20,"key":"Nilry\u0027s Codex"},{"floor":24,"key":"PreservedInsect"},{"floor":26,"key":"Gremlin Horn"},{"floor":28,"key":"Oddly Smooth Stone"},{"floor":29,"key":"Happy Flower"},{"floor":31,"key":"MawBank"},{"floor":37,"key":"Du-Vu Doll"},{"floor":39,"key":"Torii"},{"floor":40,"key":"Omamori"},{"floor":43,"key":"Toxic Egg 2"},{"floor":45,"key":"ShroomBag"},{"floor":47,"key":"Nunchaku"},{"floor":49,"key":"Bottled Flame"},{"floor":52,"key":"Kunai"},{"floor":54,"key":"Bag of Preparation"}],"event_choices":[{"damage_healed":0,"gold_gain":0,"player_choice":"RENOUNCE","damage_taken":116,"max_hp_gain":0,"max_hp_loss":0,"event_name":"betterThird:BetterSerpent","floor":2,"gold_loss":116,"cards_obtained":["Enlightenment"]},{"damage_healed":0,"gold_gain":75,"player_choice":"Touch","damage_taken":8,"max_hp_gain":0,"max_hp_loss":0,"event_name":"FaceTrader","floor":3,"gold_loss":0},{"cards_removed":["Defend_MRS"],"damage_healed":0,"gold_gain":0,"player_choice":"Give","damage_taken":0,"max_hp_gain":0,"max_hp_loss":0,"event_name":"betterNote:BetterNote","floor":19,"gold_loss":0,"cards_obtained":["Defend_MRS"]},{"damage_healed":0,"gold_gain":0,"player_choice":"Obtained Book","damage_taken":16,"max_hp_gain":0,"max_hp_loss":0,"event_name":"Cursed Tome","floor":20,"gold_loss":0},{"cards_removed":["Enlightenment"],"damage_healed":0,"gold_gain":0,"player_choice":"Gave Gold","damage_taken":0,"max_hp_gain":0,"max_hp_loss":0,"event_name":"Beggar","floor":22,"gold_loss":75},{"damage_healed":0,"gold_gain":0,"player_choice":"Fight","damage_taken":0,"max_hp_gain":0,"max_hp_loss":0,"event_name":"MindBloom","floor":37,"gold_loss":0},{"damage_healed":0,"gold_gain":0,"player_choice":"Fight","damage_taken":0,"max_hp_gain":0,"max_hp_loss":0,"event_name":"Mysterious Sphere","floor":39,"gold_loss":0}],"is_beta":false,"boss_relics":[{"not_picked":["Fusion Hammer","Coffee Dripper"],"picked":"ExperimentalFamiliar"},{"not_picked":["Empty Cage","Cursed Key"],"picked":"RampagingMagicTools"}],"items_purged_floors":[],"is_endless":false,"potions_floor_spawned":[4,5,6,16,21,24,30,31,33,37,39],"ascension_level":1}}