{"host":"xp5rvh2jwe2ejyfm","time":1613219581,"event":{"mods":["2.2 Compatiblity","Aspiration","BaseMod","Better Altar","Better Match","Better Note","Better Sensory Stone","Better Skull","BetterRewards","Colored Powertips","Conspire","Downfall","GifTheSpireLib","Gremlin Mod","GungeonMod","Hermit","Hubris","Jorbs\u0027s Wanderer Trilogy","Minty Spire (QoL Compilation)","Potionbrewer","Quick Restart","Replay The Spire","Robot Space Explorer","Shade Mod","Somnambulant","StSLib","The Bug Knight","The Clintock","The Construct","The Cursed","The Disciple","The Forsaken","The Hierophant","The Necromancer","The Runesmith","The Servant 0.9.4","The Valiant","The Witch","TheFirefly","thorton"],"gold_per_floor":[115,40,0,0,15,15,48,9,9,23,70,87,87,112,112,211,211,228,150,133,133,133],"floor_reached":21,"language":"ENG","playtime":905,"items_purged":[],"score":187,"play_id":"f4fbfed3-49e5-4024-b9c5-e295207d6215","local_time":"20210213073301","is_ascension_mode":false,"campfire_choices":[{"floor":6,"key":"RECALL"},{"data":"hermit:Combo","floor":13,"key":"SMITH"},{"floor":15,"key":"REST"}],"circlet_count":0,"master_deck":["hermit:Strike_Hermit","hermit:Strike_Hermit","hermit:Strike_Hermit","hermit:Strike_Hermit","hermit:Defend_Hermit","hermit:Defend_Hermit","hermit:Defend_Hermit","hermit:Defend_Hermit","hermit:Snapshot+1","hermit:Covet","hermit:Combo+1","hermit:Deadeye+1","hermit:Showdown","Injury","hermit:Desperado+1","hermit:Snipe","hermit:Brawl","hermit:LowProfile","hermit:Vantage","hermit:Determination","hermit:Determination","hermit:Reprieve","Spot Weakness+1","Evolve","hermit:TakeAim","Cleave+1","Twin Strike+1"],"relics":["hermit:Momento","Molten Egg 2","MealTicket","Prayer Wheel","Replay:Bottled Snecko","aspiration:IroncladSkillbook"],"acts_visited":["Exordium","TheCity"],"potions_floor_usage":[7,14,16],"damage_taken":[{"damage":0,"enemies":"conspire:RoseBush","floor":1,"turns":2},{"damage":5,"enemies":"Jaw Worm","floor":5,"turns":2},{"damage":18,"enemies":"HollowMod:MossKnight","floor":7,"turns":8},{"damage":0,"enemies":"Small Slimes","floor":10,"turns":3},{"damage":16,"enemies":"Blue Slaver","floor":12,"turns":3},{"damage":27,"enemies":"Gremlin Nob","floor":14,"turns":4},{"damage":1,"enemies":"Slime Boss","floor":16,"turns":9},{"damage":34,"enemies":"conspire:FuzzyDice","floor":18,"turns":7},{"damage":37,"enemies":"2 Thieves","floor":20,"turns":4},{"damage":11,"enemies":"Snake Plant","floor":21,"turns":2}],"seed_played":"1113798161657410526","potions_obtained":[{"floor":1,"key":"LiquidMemories"},{"floor":10,"key":"Swift Potion"},{"floor":14,"key":"hermit:Tonic"}],"is_trial":false,"path_per_floor":["M","?","$","?","M","R","E","$","T","M","T","M","R","E","R","B",null,"M","$","M","M"],"character_chosen":"HERMIT","items_purchased":["hermit:Showdown","hermit:Brawl","hermit:TakeAim"],"campfire_rested":1,"item_purchase_floors":[3,8,19],"current_hp_per_floor":[75,75,75,75,70,70,52,67,67,67,67,51,51,24,46,45,75,49,64,31,20,20],"gold":133,"neow_bonus":"UPGRADE_CARD","is_daily":false,"chose_seed":false,"campfire_upgraded":1,"win_rate":0.0,"timestamp":1613219581,"path_taken":["M","?","$","?","M","R","E","?","T","M","?","M","R","E","R","BOSS","M","$","M","M"],"items_purchased_type":["Card","Card","Card"],"build_version":"2020-12-22","purchased_purges":0,"victory":false,"max_hp_per_floor":[75,75,75,75,75,75,75,75,75,75,75,75,75,75,75,75,75,75,75,75,75,75],"card_choices":[{"not_picked":["hermit:Feint","hermit:Glare"],"picked":"hermit:Combo","floor":1},{"not_picked":["hermit:Determination+1","hermit:FullyLoaded+1"],"picked":"hermit:Deadeye+1","floor":2},{"not_picked":["hermit:LowProfile","hermit:Ricochet+1"],"picked":"hermit:Desperado+1","floor":5},{"not_picked":["hermit:Misfire+1","hermit:Roulette+1"],"picked":"hermit:Snipe","floor":7},{"not_picked":["hermit:Vantage","hermit:BodyArmor"],"picked":"hermit:LowProfile","floor":10},{"not_picked":["hermit:LowProfile","hermit:HeroicBravado"],"picked":"hermit:Vantage","floor":10},{"not_picked":["hermit:Cheat","hermit:CursedWeapon+1"],"picked":"hermit:Determination","floor":12},{"not_picked":["hermit:Combo","hermit:Maintenance","hermit:NoHoldsBarred+1"],"picked":"SKIP","floor":12},{"not_picked":["hermit:Spite+1","hermit:Gestalt"],"picked":"hermit:Determination","floor":14},{"not_picked":["hermit:HeroicBravado","hermit:FatalDesire"],"picked":"hermit:Reprieve","floor":16},{"not_picked":["Ghostly Armor","hermit:Headshot+1","Replay:Undeath\u0027s Touch+1"],"picked":"Spot Weakness+1","floor":18},{"not_picked":["hermit:SprayPray+1","hermit:HighCaliber+1","Headbutt+1"],"picked":"Evolve","floor":18},{"not_picked":["hermit:TakeAim","Heavy Blade+1","hubris:SharpeningStone"],"picked":"Cleave+1","floor":20},{"not_picked":["Abandon+1","hermit:Misfire+1","hermit:BodyArmor+1"],"picked":"Twin Strike+1","floor":20}],"player_experience":492004,"relics_obtained":[{"floor":7,"key":"MealTicket"},{"floor":9,"key":"Prayer Wheel"},{"floor":14,"key":"Replay:Bottled Snecko"}],"event_choices":[{"damage_healed":0,"gold_gain":0,"player_choice":"2","damage_taken":0,"max_hp_gain":0,"max_hp_loss":0,"event_name":"betterMatch:BetterMatch","floor":2,"gold_loss":0,"cards_obtained":["betterMatch:UncommonCard"]}],"is_beta":false,"boss_relics":[{"not_picked":["SlaversCollar","aspiration:FutureDiary"],"picked":"aspiration:IroncladSkillbook"}],"items_purged_floors":[],"is_endless":false,"potions_floor_spawned":[1,10,14],"killed_by":"Snake Plant","ascension_level":0}}