{"host":"krw8blyxua7at9ak","time":1613209705,"event":{"mods":["BaseMod","Highlight Path","Minty Spire (QoL Compilation)","ojb\u0027s Info Mod"],"gold_per_floor":[114,138,138,138,149,149,175,192,245,277,287,307,307,307,307,380,380,400,24,24,38,51,80,30,49,74,89,89,119,134,134,134,207,207,220,220,239,22,37,72,72,107,107,132,182,213,231,243,243,243,243,243],"floor_reached":51,"language":"ENG","playtime":2407,"items_purged":[],"score":1874,"play_id":"06204bcd-91bf-4013-9125-e43844c5d08e","local_time":"20210213104825","is_ascension_mode":true,"campfire_choices":[{"data":"Neutralize","floor":6.0,"key":"SMITH"},{"data":"Cloak And Dagger","floor":13.0,"key":"SMITH"},{"data":"Cloak And Dagger","floor":15.0,"key":"SMITH"},{"data":"Malaise","floor":32.0,"key":"SMITH"},{"data":"Wraith Form v2","floor":41.0,"key":"SMITH"},{"floor":49.0,"key":"RECALL"}],"circlet_count":0,"master_deck":["AscendersBane","Strike_G+1","Strike_G+1","Strike_G+1","Strike_G+1","Strike_G+1","Defend_G+1","Defend_G+1","Defend_G+1","Defend_G+1","Survivor+1","Neutralize+1","All Out Attack","Infinite Blades","After Image","Cloak And Dagger+1","Cloak And Dagger+1","Glass Knife","Backstab","Ghostly","Ghostly","Ghostly","Infinite Blades","Malaise+1","Endless Agony","Escape Plan","Wraith Form v2+1","Blade Dance","PiercingWail+1"],"relics":["Ring of the Snake","NeowsBlessing","Happy Flower","StrikeDummy","Bag of Preparation","Bottled Flame","Letter Opener","WristBlade","Vajra","ClockworkSouvenir","Singing Bowl","Pen Nib","Bottled Tornado","War Paint","Busted Crown","Chemical X","Incense Burner","Snake Skull","Thread and Needle","Oddly Smooth Stone"],"acts_visited":["Exordium","TheCity","TheBeyond"],"potions_floor_usage":[51],"damage_taken":[{"damage":0.0,"enemies":"Cultist","floor":1.0,"turns":1.0},{"damage":0.0,"enemies":"2 Louse","floor":5.0,"turns":1.0},{"damage":0.0,"enemies":"Lagavulin","floor":7.0,"turns":1.0},{"damage":1.0,"enemies":"Jaw Worm","floor":8.0,"turns":2.0},{"damage":12.0,"enemies":"3 Sentries","floor":10.0,"turns":6.0},{"damage":6.0,"enemies":"Exordium Thugs","floor":11.0,"turns":6.0},{"damage":0.0,"enemies":"Large Slime","floor":12.0,"turns":6.0},{"damage":0.0,"enemies":"Hexaghost","floor":16.0,"turns":8.0},{"damage":6.0,"enemies":"2 Thieves","floor":18.0,"turns":4.0},{"damage":0.0,"enemies":"Spheric Guardian","floor":21.0,"turns":4.0},{"damage":0.0,"enemies":"Centurion and Healer","floor":22.0,"turns":6.0},{"damage":0.0,"enemies":"Slavers","floor":23.0,"turns":5.0},{"damage":2.0,"enemies":"Cultist and Chosen","floor":25.0,"turns":6.0},{"damage":10.0,"enemies":"Shelled Parasite and Fungi","floor":27.0,"turns":4.0},{"damage":0.0,"enemies":"Gremlin Leader","floor":29.0,"turns":5.0},{"damage":0.0,"enemies":"Chosen and Byrds","floor":30.0,"turns":4.0},{"damage":21.0,"enemies":"Automaton","floor":33.0,"turns":8.0},{"damage":0.0,"enemies":"3 Darklings","floor":35.0,"turns":5.0},{"damage":0.0,"enemies":"Orb Walker","floor":37.0,"turns":4.0},{"damage":3.0,"enemies":"Transient","floor":39.0,"turns":6.0},{"damage":0.0,"enemies":"Giant Head","floor":40.0,"turns":6.0},{"damage":0.0,"enemies":"Nemesis","floor":42.0,"turns":7.0},{"damage":0.0,"enemies":"Mind Bloom Boss Battle","floor":44.0,"turns":9.0},{"damage":0.0,"enemies":"Giant Head","floor":46.0,"turns":7.0},{"damage":0.0,"enemies":"Sphere and 2 Shapes","floor":47.0,"turns":5.0},{"damage":0.0,"enemies":"Maw","floor":48.0,"turns":9.0},{"damage":28.0,"enemies":"Time Eater","floor":50.0,"turns":13.0},{"damage":14,"enemies":"Donu and Deca","floor":51,"turns":3}],"seed_played":"9160100789047495500","potions_obtained":[{"floor":5.0,"key":"EssenceOfSteel"},{"floor":10.0,"key":"Dexterity Potion"},{"floor":12.0,"key":"CultistPotion"},{"floor":23.0,"key":"BlessingOfTheForge"},{"floor":30.0,"key":"PowerPotion"},{"floor":33.0,"key":"AttackPotion"}],"is_trial":false,"path_per_floor":["M","T","?","$","M","R","E","M","T","E","M","M","R","T","R","B",null,"M","$","?","M","M","E","?","M","T","M","T","E","M","?","R","B",null,"M","?","M","$","M","E","R","E","T","?","?","E","M","M","R","B","B"],"character_chosen":"THE_SILENT","items_purchased":["Vajra","ClockworkSouvenir","Backstab","Blade Dance","Chemical X"],"campfire_rested":0,"item_purchase_floors":[19,19,19,38,38],"current_hp_per_floor":[59,59,39,39,39,39,39,38,38,26,20,20,20,20,20,20,55,49,49,33,33,33,33,33,31,31,23,23,23,25,25,25,4,29,31,31,33,33,32,34,34,36,36,36,36,38,40,42,42,14,0,0],"gold":243,"neow_bonus":"THREE_ENEMY_KILL","is_daily":false,"chose_seed":false,"campfire_upgraded":5,"win_rate":0.0,"timestamp":1613209705,"path_taken":["M","?","?","?","M","R","E","M","T","E","?","M","R","?","R","BOSS","M","$","?","M","M","E","?","M","T","?","?","E","M","?","R","BOSS","M","?","M","$","M","E","R","E","T","?","?","E","M","M","R","BOSS","BOSS"],"items_purchased_type":["Relic","Relic","Card","Card","Relic"],"build_version":"2020-12-22","purchased_purges":0,"victory":false,"max_hp_per_floor":[66,66,66,66,66,66,66,66,66,66,66,66,66,66,66,66,66,66,66,33,33,33,33,33,33,33,35,35,35,37,37,37,37,37,39,39,41,41,43,45,45,47,47,47,47,49,51,53,53,53,53,53],"card_choices":[{"not_picked":["PiercingWail","Acrobatics","Leg Sweep"],"picked":"SKIP","floor":1.0},{"not_picked":["Distraction","Deflect","Bane"],"picked":"SKIP","floor":5.0},{"not_picked":["Flying Knee","Heel Hook"],"picked":"All Out Attack","floor":7.0},{"not_picked":["Bane","Outmaneuver"],"picked":"Infinite Blades","floor":8.0},{"not_picked":["Outmaneuver","Backflip"],"picked":"After Image","floor":10.0},{"not_picked":["Dagger Spray","Deflect"],"picked":"Cloak And Dagger","floor":11.0},{"not_picked":["Poisoned Stab","Quick Slash"],"picked":"Cloak And Dagger","floor":12.0},{"not_picked":["Grand Finale","Storm of Steel"],"picked":"Glass Knife","floor":16.0},{"not_picked":["Backflip","Sucker Punch","Skewer+1"],"picked":"SKIP","floor":18.0},{"not_picked":["Poisoned Stab","Flying Knee"],"picked":"Infinite Blades","floor":21.0},{"not_picked":["Deadly Poison","Flying Knee","Outmaneuver"],"picked":"SKIP","floor":22.0},{"not_picked":["Acrobatics","Noxious Fumes"],"picked":"Malaise","floor":23.0},{"not_picked":["Outmaneuver+1","Expertise"],"picked":"Endless Agony","floor":25.0},{"not_picked":["Deflect","Setup","Quick Slash"],"picked":"Singing Bowl","floor":27.0},{"not_picked":["Deflect","Sucker Punch"],"picked":"Escape Plan","floor":29.0},{"not_picked":["Dagger Spray","Dodge and Roll","Underhanded Strike"],"picked":"Singing Bowl","floor":30.0},{"not_picked":["Adrenaline","Bullet Time"],"picked":"Wraith Form v2","floor":33.0},{"not_picked":["Bane"],"picked":"Singing Bowl","floor":35.0},{"not_picked":["Crippling Poison"],"picked":"Singing Bowl","floor":37.0},{"not_picked":["Dash"],"picked":"Singing Bowl","floor":39.0},{"not_picked":["Setup"],"picked":"Singing Bowl","floor":40.0},{"not_picked":["Outmaneuver"],"picked":"Singing Bowl","floor":42.0},{"not_picked":[],"picked":"PiercingWail+1","floor":44.0},{"not_picked":["Prepared"],"picked":"Singing Bowl","floor":46.0},{"not_picked":["Riddle With Holes+1"],"picked":"Singing Bowl","floor":47.0},{"not_picked":["Sucker Punch"],"picked":"Singing Bowl","floor":48.0}],"player_experience":401172,"relics_obtained":[{"floor":2.0,"key":"Happy Flower"},{"floor":7.0,"key":"StrikeDummy"},{"floor":9.0,"key":"Bag of Preparation"},{"floor":10.0,"key":"Bottled Flame"},{"floor":14.0,"key":"Letter Opener"},{"floor":23.0,"key":"Singing Bowl"},{"floor":26.0,"key":"Pen Nib"},{"floor":28.0,"key":"Bottled Tornado"},{"floor":29.0,"key":"War Paint"},{"floor":40.0,"key":"Incense Burner"},{"floor":42.0,"key":"Snake Skull"},{"floor":44.0,"key":"Thread and Needle"},{"floor":46.0,"key":"Oddly Smooth Stone"}],"event_choices":[{"damage_healed":0.0,"max_hp_gain":0.0,"max_hp_loss":0.0,"gold_gain":0.0,"event_name":"Shining Light","player_choice":"Entered Light","floor":3.0,"gold_loss":0.0,"damage_taken":20.0,"cards_upgraded":["Survivor","Defend_G"]},{"damage_healed":0.0,"max_hp_gain":0.0,"max_hp_loss":33.0,"gold_gain":0.0,"event_name":"Ghosts","player_choice":"Became a Ghost","floor":20.0,"gold_loss":0.0,"damage_taken":0.0,"cards_obtained":["Ghostly","Ghostly","Ghostly"]},{"damage_healed":0.0,"max_hp_gain":0.0,"max_hp_loss":0.0,"gold_gain":0.0,"event_name":"The Joust","player_choice":"Bet on Owner","floor":24.0,"gold_loss":50.0,"damage_taken":0.0},{"damage_healed":0.0,"max_hp_gain":0.0,"max_hp_loss":0.0,"gold_gain":0.0,"event_name":"Back to Basics","player_choice":"Simplicity","floor":31.0,"gold_loss":0.0,"damage_taken":0.0,"cards_upgraded":["Strike_G","Strike_G","Strike_G","Strike_G","Strike_G","Defend_G","Defend_G"]},{"cards_removed":["Defend_G"],"damage_healed":0.0,"max_hp_gain":0.0,"max_hp_loss":0.0,"gold_gain":0.0,"event_name":"Falling","player_choice":"Removed Skill","floor":36.0,"gold_loss":0.0,"damage_taken":0.0},{"damage_healed":0.0,"max_hp_gain":0.0,"max_hp_loss":0.0,"gold_gain":0.0,"event_name":"MindBloom","player_choice":"Fight","floor":44.0,"gold_loss":0.0,"damage_taken":0.0},{"damage_healed":0.0,"max_hp_gain":0.0,"max_hp_loss":0.0,"gold_gain":50.0,"event_name":"Golden Shrine","player_choice":"Pray","floor":45.0,"gold_loss":0.0,"damage_taken":0.0}],"is_beta":false,"boss_relics":[{"not_picked":["HoveringKite","Tiny House"],"picked":"WristBlade"},{"not_picked":["Fusion Hammer","Pandora\u0027s Box"],"picked":"Busted Crown"}],"items_purged_floors":[],"is_endless":false,"potions_floor_spawned":[5,10,11,12,23,30,33,40,42,48],"killed_by":"Donu and Deca","ascension_level":20}}