{"host":"kwyq3wo3fj8d4s27","time":1613194820,"event":{"mods":["AchievementEnabler","BaseMod","Colored Map","Highlight Path","Minty Spire (QoL Compilation)","StSLib"],"gold_per_floor":[1616,1090,1090,1090,1111,1111,1129,364,364,387,423,423,443,443,443,574,574,593,0,0,600,699,699,699,699,723,748,175,882,902,927,927,1053,1053,1068,1068,615,633,647,647,678,678,678,702,740,46,64,77,77,77],"floor_reached":51,"language":"ENG","playtime":2779,"items_purged":["Strike_P","Strike_P","Defend_P","Omniscience","Defend_P","MasterReality","Omniscience"],"score":845,"play_id":"48debf66-9c2a-45b0-8812-ce438b1c4799","local_time":"20210212214020","is_ascension_mode":false,"campfire_choices":[{"data":"ThirdEye","floor":6,"key":"SMITH"},{"data":"LikeWater","floor":15,"key":"SMITH"},{"data":"LikeWater","floor":23,"key":"SMITH"},{"data":"Madness","floor":32,"key":"SMITH"},{"data":"InnerPeace","floor":40,"key":"SMITH"},{"floor":42,"key":"REST"},{"data":"Panache","floor":49,"key":"SMITH"}],"circlet_count":0,"master_deck":["Vigilance","ThirdEye+1","LikeWater+1","LikeWater+1","CutThroughFate","PathToVictory+1","Apotheosis","Madness+1","InnerPeace+1","Panache+1"],"relics":["PureWater","Shuriken","Pen Nib","Golden Idol","OrangePellets","Girya","Lantern","Letter Opener","Odd Mushroom","Ginger","WingedGreaves","Empty Cage","Enchiridion","Sundial","Bottled Lightning","Melange","Meat on the Bone","Toy Ornithopter","Tiny Chest","Question Card","Regal Pillow","Lee\u0027s Waffle","Snecko Eye","Darkstone Periapt","Mummified Hand","FossilizedHelix","White Beast Statue","MawBank","CaptainsWheel"],"acts_visited":["Exordium","TheCity","TheBeyond"],"potions_floor_usage":[],"damage_taken":[{"damage":22,"enemies":"Jaw Worm","floor":1,"turns":2},{"damage":0,"enemies":"Small Slimes","floor":5,"turns":4},{"damage":1,"enemies":"Cultist","floor":7,"turns":4},{"damage":0,"enemies":"2 Fungi Beasts","floor":10,"turns":5},{"damage":2,"enemies":"The Mushroom Lair","floor":11,"turns":9},{"damage":2,"enemies":"Exordium Wildlife","floor":13,"turns":9},{"damage":62,"enemies":"Slime Boss","floor":16,"turns":30},{"damage":15,"enemies":"3 Byrds","floor":18,"turns":6},{"damage":60,"enemies":"Chosen","floor":27,"turns":14},{"damage":0,"enemies":"Shelled Parasite and Fungi","floor":30,"turns":3},{"damage":0,"enemies":"Snake Plant","floor":31,"turns":3},{"damage":32,"enemies":"Collector","floor":33,"turns":3},{"damage":0,"enemies":"3 Shapes","floor":35,"turns":3},{"damage":0,"enemies":"3 Darklings","floor":38,"turns":5},{"damage":0,"enemies":"Transient","floor":39,"turns":5},{"damage":37,"enemies":"Reptomancer","floor":41,"turns":4},{"damage":0,"enemies":"Spire Growth","floor":44,"turns":2},{"damage":0,"enemies":"Giant Head","floor":45,"turns":2},{"damage":0,"enemies":"3 Darklings","floor":47,"turns":2},{"damage":0,"enemies":"Maw","floor":48,"turns":3},{"damage":21,"enemies":"Awakened One","floor":50,"turns":5}],"seed_played":"-2526063259149374513","potions_obtained":[{"floor":1,"key":"PowerPotion"},{"floor":7,"key":"Dexterity Potion"},{"floor":16,"key":"Ancient Potion"},{"floor":41,"key":"SkillPotion"}],"is_trial":false,"path_per_floor":["M","$","?","?","M","R","M","$","T","M","?","T","M","?","R","B",null,"M","?","?","$","?","R","?","T","T","M","$","$","M","M","R","B",null,"M","?","$","M","M","R","E","R","T","M","E","$","M","M","R","B",null],"character_chosen":"WATCHER","items_purchased":["ThirdEye","Shuriken","Pen Nib","LikeWater","OrangePellets","Girya","Lantern","MasterReality","Sundial","Bottled Lightning","Melange","Tiny Chest","Apotheosis","Madness","InnerPeace","Question Card","Regal Pillow","Lee\u0027s Waffle","Mummified Hand","Panache","CaptainsWheel"],"campfire_rested":1,"item_purchase_floors":[2,2,2,8,8,8,8,21,21,21,21,28,28,28,29,29,29,29,37,46,46],"current_hp_per_floor":[79,79,60,60,60,60,59,59,59,59,57,57,55,43,43,40,79,64,64,48,48,48,48,48,48,48,40,40,86,86,86,86,54,86,86,86,86,86,86,86,49,86,86,86,86,86,86,86,86,65],"gold":77,"neow_bonus":"TEN_PERCENT_HP_BONUS","is_daily":false,"chose_seed":false,"campfire_upgraded":6,"win_rate":0.0,"timestamp":1613194820,"path_taken":["M","$","?","?","?","R","M","$","T","M","?","?","M","?","R","BOSS","M","?","?","$","?","R","?","?","T","M","$","$","M","M","R","BOSS","M","?","$","M","M","R","E","R","T","M","E","$","?","?","R","BOSS"],"items_purchased_type":["Card","Relic","Relic","Card","Relic","Relic","Relic","Card","Relic","Relic","Relic","Relic","Card","Card","Card","Relic","Relic","Relic","Relic","Card","Relic"],"build_version":"2020-12-22","purchased_purges":7,"victory":true,"max_hp_per_floor":[79,79,79,79,79,79,79,79,79,79,79,79,79,79,79,79,79,79,79,79,79,79,79,79,79,79,79,79,86,86,86,86,86,86,86,86,86,86,86,86,86,86,86,86,86,86,86,86,86,86],"card_choices":[{"not_picked":["Weave","Evaluate","FollowUp"],"picked":"SKIP","floor":1},{"not_picked":["Halt","ThirdEye","SashWhip"],"picked":"SKIP","floor":5},{"not_picked":["SandsOfTime","Wallop"],"picked":"LikeWater","floor":7},{"not_picked":["ClearTheMind","SashWhip","FollowUp"],"picked":"SKIP","floor":10},{"not_picked":["BattleHymn","CrushJoints","Evaluate"],"picked":"SKIP","floor":13},{"not_picked":["EmptyFist","Crescendo","JustLucky"],"picked":"SKIP","floor":18},{"not_picked":["Study","FlurryOfBlows+1"],"picked":"PathToVictory+1","floor":27},{"not_picked":["Weave+1","Fasting2","CutThroughFate","BowlingBash"],"picked":"SKIP","floor":30},{"not_picked":["Sanctity","ThirdEye","PathToVictory","Evaluate+1"],"picked":"SKIP","floor":31},{"not_picked":["EmptyMind+1","EmptyFist","CutThroughFate+1","FlyingSleeves+1"],"picked":"SKIP","floor":35},{"not_picked":["SandsOfTime+1","Pray+1","ThirdEye+1","Meditate"],"picked":"SKIP","floor":38},{"not_picked":["ClearTheMind","PathToVictory+1","SashWhip+1","WheelKick"],"picked":"SKIP","floor":39},{"not_picked":["SashWhip+1","SignatureMove+1","Evaluate","TalkToTheHand"],"picked":"SKIP","floor":41},{"not_picked":["FlurryOfBlows","WreathOfFlame","PathToVictory","Crescendo"],"picked":"SKIP","floor":44},{"not_picked":["PathToVictory","CrushJoints","ClearTheMind+1"],"picked":"Omniscience","floor":45},{"not_picked":["SashWhip+1","Consecrate","ReachHeaven+1","Halt"],"picked":"SKIP","floor":47},{"not_picked":["Conclude+1","Crescendo+1","JustLucky","EmptyFist+1"],"picked":"SKIP","floor":48}],"player_experience":11132,"relics_obtained":[{"floor":9,"key":"Letter Opener"},{"floor":11,"key":"Odd Mushroom"},{"floor":12,"key":"Ginger"},{"floor":20,"key":"Enchiridion"},{"floor":25,"key":"Meat on the Bone"},{"floor":26,"key":"Toy Ornithopter"},{"floor":41,"key":"FossilizedHelix"},{"floor":43,"key":"White Beast Statue"},{"floor":45,"key":"MawBank"}],"event_choices":[{"damage_healed":0,"gold_gain":0,"player_choice":"Take Damage","damage_taken":19,"relics_obtained":["Golden Idol"],"max_hp_gain":0,"max_hp_loss":0,"event_name":"Golden Idol","floor":3,"gold_loss":0},{"cards_removed":["Eruption"],"damage_healed":0,"gold_gain":0,"player_choice":"Offered Basic","damage_taken":0,"max_hp_gain":0,"max_hp_loss":0,"event_name":"Bonfire Elementals","floor":4,"gold_loss":0},{"damage_healed":0,"gold_gain":0,"player_choice":"Fought Mushrooms","damage_taken":0,"max_hp_gain":0,"max_hp_loss":0,"event_name":"Mushrooms","floor":11,"gold_loss":0},{"damage_healed":0,"gold_gain":0,"player_choice":"Success","damage_taken":12,"relics_obtained":["WingedGreaves"],"max_hp_gain":0,"max_hp_loss":0,"event_name":"Scrap Ooze","floor":14,"gold_loss":0},{"damage_healed":0,"gold_gain":0,"player_choice":"Paid Fearfully","damage_taken":0,"max_hp_gain":0,"max_hp_loss":0,"event_name":"Masked Bandits","floor":19,"gold_loss":593},{"damage_healed":0,"gold_gain":0,"player_choice":"Obtained Book","damage_taken":16,"max_hp_gain":0,"max_hp_loss":0,"event_name":"Cursed Tome","floor":20,"gold_loss":0},{"damage_healed":0,"gold_gain":99,"player_choice":"Stole From Cult","damage_taken":0,"max_hp_gain":0,"max_hp_loss":0,"event_name":"Nest","floor":22,"gold_loss":0},{"damage_healed":0,"gold_gain":0,"cards_transformed":["Defend_P","Defend_P"],"player_choice":"Became Test Subject","damage_taken":0,"max_hp_gain":0,"max_hp_loss":0,"event_name":"Drug Dealer","floor":24,"gold_loss":0,"cards_obtained":["CutThroughFate","Omniscience"]},{"damage_healed":0,"gold_gain":0,"player_choice":"Gave Potion","damage_taken":0,"relics_obtained":["Darkstone Periapt"],"max_hp_gain":0,"max_hp_loss":0,"event_name":"WeMeetAgain","floor":36,"gold_loss":0}],"is_beta":false,"boss_relics":[{"not_picked":["Philosopher\u0027s Stone","VioletLotus"],"picked":"Empty Cage"},{"not_picked":["Runic Dome","Black Star"],"picked":"Snecko Eye"}],"items_purged_floors":[2,8,21,28,29,37,46],"is_endless":false,"potions_floor_spawned":[1,7,16,18,30,31,33,39,41,44,45,47,48],"ascension_level":0}}