{"host":"nlbr7nnijupf3yfg","time":1613245456,"event":{"mods":["AchievementEnabler","BaseMod","BetterRewards","Colored Powertips","DeckTracker","Hermit","Hubris","Infinite Spire","Minty Spire (QoL Compilation)","Quick Restart","Replay The Spire","StSLib","SuperFastMode"],"gold_per_floor":[113,113,90,170,170,195,211,228,228,228,239,239,259,69,69,69,69],"floor_reached":16,"language":"ENG","playtime":264,"items_purged":[],"score":100,"play_id":"a41b7e39-73a0-4dbb-a080-b2f60bde20ba","local_time":"20210213144416","is_ascension_mode":false,"campfire_choices":[{"data":"hermit:Showdown","floor":10,"key":"SMITH"},{"floor":12,"key":"REST"},{"floor":15,"key":"DIG"}],"circlet_count":0,"master_deck":["hermit:Strike_Hermit","hermit:Strike_Hermit","hermit:Strike_Hermit","hermit:Strike_Hermit","hermit:Defend_Hermit","hermit:Defend_Hermit","hermit:Defend_Hermit","hermit:Defend_Hermit","hermit:Snapshot","hermit:Covet+1","hermit:Showdown+1","hermit:HighCaliber","ReplayTheSpireMod:Faulty Equipment","hubris:Wrath","infinitespire:Execution","hermit:Manifest+1","hermit:Combo","hermit:BodyArmor+1","hermit:Maintenance+1","hermit:ShadowCloak","hermit:HoleUp+1","hermit:Manifest+1","Mind Blast","hermit:SprayPray","hermit:Roulette"],"relics":["hermit:Momento","NeowsBlessing","Toxic Egg 2","hermit:Horseshoe","BargainBundle","Replay:Kaleidoscope"],"acts_visited":["Exordium"],"potions_floor_usage":[],"damage_taken":[{"damage":0,"enemies":"Jaw Worm","floor":1,"turns":1},{"damage":9,"enemies":"3 Sentries","floor":6,"turns":2},{"damage":0,"enemies":"Small Slimes","floor":7,"turns":1},{"damage":0,"enemies":"2 Louse","floor":8,"turns":2},{"damage":20,"enemies":"Red Slaver","floor":11,"turns":4},{"damage":0,"enemies":"Blue Slaver","floor":13,"turns":3},{"damage":69,"enemies":"Fading Forest","floor":16,"turns":9}],"seed_played":"3935007420502124225","potions_obtained":[{"floor":7,"key":"Explosive Potion"},{"floor":8,"key":"Block Potion"},{"floor":11,"key":"SneckoOil"}],"is_trial":false,"path_per_floor":["M","?","$","?","?","E","M","M","T","R","M","R","M","$","R","B"],"character_chosen":"HERMIT","items_purchased":["hermit:HighCaliber","BargainBundle","hermit:HoleUp+1","hermit:Manifest+1","Mind Blast","hermit:SprayPray","hermit:Roulette"],"campfire_rested":1,"item_purchase_floors":[3,14,14,14,14,14,14],"current_hp_per_floor":[75,75,75,75,75,66,66,66,66,66,46,68,68,68,68,0,0],"gold":69,"neow_bonus":"THREE_ENEMY_KILL","is_daily":false,"chose_seed":false,"campfire_upgraded":1,"win_rate":0.0,"timestamp":1613245456,"path_taken":["M","?","$","?","?","E","M","?","T","R","M","R","M","$","R","BOSS"],"items_purchased_type":["Card","Relic","Card","Card","Card","Card","Card"],"build_version":"2020-12-22","purchased_purges":0,"victory":false,"max_hp_per_floor":[75,75,75,75,75,75,75,75,75,75,75,75,75,75,75,75,75],"card_choices":[{"not_picked":["hermit:Roulette","hermit:Headshot"],"picked":"hermit:Showdown","floor":1},{"not_picked":["hubris:Fate","infinitespire:Menacing"],"picked":"infinitespire:Execution","floor":5},{"not_picked":["hermit:Snipe+1","hermit:DeadMansHand+1"],"picked":"hermit:Manifest+1","floor":6},{"not_picked":["hermit:Roulette","hermit:CalledShot"],"picked":"hermit:Combo","floor":7},{"not_picked":["hermit:Snipe+1","hermit:ItchyTrigger"],"picked":"hermit:BodyArmor+1","floor":8},{"not_picked":["hermit:Misfire","hermit:Gambit+1"],"picked":"hermit:Maintenance+1","floor":11},{"not_picked":["hermit:Desperado","hermit:SprayPray"],"picked":"hermit:ShadowCloak","floor":13}],"player_experience":55693,"relics_obtained":[{"floor":6,"key":"Toxic Egg 2"},{"floor":9,"key":"hermit:Horseshoe"},{"floor":15,"key":"Replay:Kaleidoscope"}],"event_choices":[{"damage_healed":0,"gold_gain":80,"player_choice":"Gained Gold","damage_taken":0,"max_hp_gain":0,"max_hp_loss":0,"event_name":"Golden Wing","floor":4,"gold_loss":0}],"is_beta":false,"boss_relics":[],"items_purged_floors":[],"is_endless":false,"potions_floor_spawned":[7,8,11],"killed_by":"Fading Forest","ascension_level":0}}