{"host":"zx10cf1fsoa3eqiy","time":1613189072,"event":{"mods":["BaseMod","Colored Powertips","Downfall","Highlight Path","Minty Spire (QoL Compilation)","Quick Restart","Replay The Spire","Shop Mod","StSLib","Td1madao Mod","The Servant 0.9.4","Yuri Mod"],"gold_per_floor":[99,110,110,110,130,149,149,149,149,163,163,180,180,212,212,228,238,335,335,335,335,355,373,177,452,475,475,489,489,489,489],"floor_reached":29,"language":"ZHS","playtime":1313,"items_purged":[],"score":261,"play_id":"83aa7f3b-f728-44db-86c1-1feca0852a87","local_time":"20210213120432","is_ascension_mode":true,"campfire_choices":[{"data":"bronze:Strike","floor":1,"key":"SMITH"},{"floor":8,"key":"REST"},{"floor":11,"key":"REST"},{"floor":13,"key":"REST"},{"floor":15,"key":"REST"},{"data":"bronze:Overheat","floor":20,"key":"SMITH"},{"floor":27,"key":"REST"}],"circlet_count":0,"master_deck":["bronze:Strike","bronze:Strike","bronze:Defend","bronze:Defend","bronze:Defend","bronze:Defend","bronze:Replicate+1","bronze:Goto","bronze:ChildClass","bronze:OilSpill","bronze:Backtrace","bronze:Overheat","bronze:Refactor","bronze:Overheat+1","bronze:DelayedGuard","bronze:Separator+1","bronze:SpaghettiCode","bronze:WildBeam","bronze:Iterate+1","bronze:Overheat","bronze:Overheat+1","expansioncontent:QuickStudy","Regret","bronze:Frontload"],"relics":["bronze:BronzeCore","Lantern","Empty Cage","Whetstone"],"acts_visited":["Exordium","TheCity"],"potions_floor_usage":[],"damage_taken":[{"damage":14,"enemies":"Jaw Worm","floor":2,"turns":6},{"damage":1,"enemies":"Cultist","floor":5,"turns":3},{"damage":10,"enemies":"Small Slimes","floor":6,"turns":3},{"damage":18,"enemies":"2 Fungi Beasts","floor":10,"turns":3},{"damage":17,"enemies":"Exordium Thugs","floor":12,"turns":3},{"damage":31,"enemies":"Lagavulin","floor":14,"turns":4},{"damage":7,"enemies":"Blue Slaver","floor":16,"turns":2},{"damage":0,"enemies":"3 Louse","floor":17,"turns":2},{"damage":23,"enemies":"IC_STATUS_ARCHETYPE","floor":18,"turns":7},{"damage":0,"enemies":"Chosen","floor":21,"turns":1},{"damage":10,"enemies":"Spheric Guardian","floor":22,"turns":3},{"damage":43,"enemies":"Shelled Parasite and Fungi","floor":23,"turns":7},{"damage":5,"enemies":"downfall:FleeingMerchant","floor":24,"turns":4},{"damage":36,"enemies":"Snake Plant","floor":28,"turns":5},{"damage":6,"enemies":"downfall:FleeingMerchant","floor":29,"turns":2}],"seed_played":"5671025591531726671","potions_obtained":[{"floor":2,"key":"SkillPotion"},{"floor":14,"key":"champ:CounterPotion"},{"floor":16,"key":"Strength Potion"},{"floor":17,"key":"Elixir"},{"floor":28,"key":"LifebloodPotion"}],"is_trial":false,"path_per_floor":["R","M","PTL","PTL","M","M","?","R","T","M","R","M","R","E","R","M","M","B",null,"R","M","M","M","$","?","T","R","M","$"],"character_chosen":"THE_AUTOMATON","items_purchased":["expansioncontent:QuickStudy"],"campfire_rested":5,"item_purchase_floors":[24],"current_hp_per_floor":[77,63,63,63,62,52,52,75,75,57,77,60,77,46,69,62,62,39,77,77,77,67,24,19,19,19,42,6,0,0,0],"gold":489,"neow_bonus":"TEN_PERCENT_HP_BONUS","is_daily":false,"chose_seed":false,"campfire_upgraded":2,"win_rate":0.0,"timestamp":1613189072,"path_taken":["R","M","PTL","PTL","M","M","?","R","T","M","R","M","R","E","R","M","M","BOSS","R","M","M","M","$","?","T","R","M","?"],"items_purchased_type":["Card"],"build_version":"2020-12-22","purchased_purges":0,"victory":false,"max_hp_per_floor":[77,77,77,77,77,77,77,77,77,77,77,77,77,77,77,77,77,77,77,77,77,77,77,77,77,77,77,77,77,77,77],"card_choices":[{"not_picked":["bronze:Repair","bronze:BitShift"],"picked":"bronze:ChildClass","floor":2},{"not_picked":["bronze:BronzeOrb","bronze:Deprecate"],"picked":"bronze:OilSpill","floor":5},{"not_picked":["bronze:Repulsor","bronze:Shield"],"picked":"bronze:Backtrace","floor":6},{"not_picked":["bronze:Deprecate","bronze:CutThrough"],"picked":"bronze:Overheat","floor":10},{"not_picked":["bronze:BuggyMess","bronze:Overheat"],"picked":"bronze:Refactor","floor":12},{"not_picked":["bronze:ChildClass","bronze:WildBeam"],"picked":"bronze:Overheat","floor":14},{"not_picked":["bronze:ChildClass","bronze:Terminator"],"picked":"bronze:DelayedGuard","floor":16},{"not_picked":["bronze:Turbo","bronze:FineTuning"],"picked":"bronze:Separator","floor":17},{"not_picked":["bronze:CleanCode","bronze:Library"],"picked":"bronze:SpaghettiCode","floor":18},{"not_picked":["bronze:BuggyMess","bronze:WhirlingStrike+1"],"picked":"bronze:WildBeam","floor":21},{"not_picked":["bronze:Allocate+1","bronze:CutThrough"],"picked":"bronze:Iterate+1","floor":22},{"not_picked":["bronze:Turbo","bronze:Branch"],"picked":"bronze:Overheat","floor":23},{"not_picked":["bronze:Frontload","bronze:Shell"],"picked":"bronze:Overheat+1","floor":24},{"not_picked":["bronze:ItsAFeature","bronze:Turbo"],"picked":"bronze:Frontload","floor":28}],"player_experience":334556,"relics_obtained":[{"floor":14,"key":"Lantern"},{"floor":26,"key":"Whetstone"}],"event_choices":[],"is_beta":false,"boss_relics":[{"not_picked":["Ring of Chaos","bronze:ElectromagneticCoil"],"picked":"Empty Cage"}],"items_purged_floors":[],"is_endless":false,"potions_floor_spawned":[2,14,16,17,22,28],"killed_by":"downfall:FleeingMerchant","ascension_level":1}}