{"host":"kdt6w7ix8lwe69i9","time":1613182042,"event":{"mods":["100% Spire Juice","BaseMod","ChefMod","Evolution","Koishi","Minty Spire (QoL Compilation)","Poor People Problems","Reimu（博丽灵梦）","Robot Space Explorer","Shade Mod","StSLib","The Druid","The Gatherer","The Poker Player","The Servant 0.9.4","TheSurvivalist"],"gold_per_floor":[113,88,107,107,126,126,126,140,140,215,245,245,263,48,48,177,177,202,301,319,319,142,142,173,173,199,199,238,261,8,8,8],"floor_reached":31,"language":"ENG","playtime":2573,"items_purged":[],"score":241,"play_id":"cc719b5f-ec99-4cfc-9f22-3783ba2a7078","local_time":"20210212210722","is_ascension_mode":false,"campfire_choices":[{"data":"TimeWarp","floor":6,"key":"SMITH"},{"floor":12,"key":"REST"},{"floor":15,"key":"REST"},{"floor":23,"key":"REST"},{"floor":27,"key":"REST"}],"circlet_count":0,"master_deck":["Strike_S","Strike_S","Strike_S","Strike_S","Defend_S","Defend_S","Defend_S","Defend_S","KidneyShot+1","Exchange","FanOfKnives","ShatteredReality","TimeWarp+1","Potential","Orbit","TimeTheft","Rearm","Dilation","LightFlow","RealityMarble","ShatteredReality+1","SurpressingFire","Rearm","Potential","Rearm","ForgedInTime","Barrier","Starlight"],"relics":["Uniform","EVO:Axolotl","Golden Idol","Mummified Hand","Odd Mushroom","Bronze Scales","Black Star","MutagenicStrength","Red Mask","Potion Belt","StoneCalendar","Regal Pillow","Juzu Bracelet"],"acts_visited":["Exordium","TheCity"],"potions_floor_usage":[11,11,16,31],"damage_taken":[{"damage":1,"enemies":"Cultist","floor":1,"turns":4},{"damage":0,"enemies":"2 Louse","floor":3,"turns":1},{"damage":6,"enemies":"Jaw Worm","floor":5,"turns":2},{"damage":5,"enemies":"3 Louse","floor":8,"turns":2},{"damage":0,"enemies":"The Mushroom Lair","floor":11,"turns":3},{"damage":7,"enemies":"Blue Slaver","floor":13,"turns":2},{"damage":16,"enemies":"Slime Boss","floor":16,"turns":8},{"damage":0,"enemies":"3 Byrds","floor":18,"turns":3},{"damage":37,"enemies":"2 Thieves","floor":20,"turns":3},{"damage":10,"enemies":"Masked Bandits","floor":24,"turns":3},{"damage":35,"enemies":"Slavers","floor":28,"turns":4},{"damage":16,"enemies":"Centurion and Healer","floor":29,"turns":7},{"damage":7,"enemies":"Snake Plant","floor":31,"turns":1}],"seed_played":"-1538480698866466481","potions_obtained":[{"floor":4,"key":"SteroidPotion"},{"floor":4,"key":"FearPotion"},{"floor":4,"key":"SmokeBomb"},{"floor":5,"key":"EssenceOfSteel"},{"floor":8,"key":"Strength Potion"},{"floor":24,"key":"Ancient Potion"}],"is_trial":false,"path_per_floor":["M","$","M","?","M","R","?","M","T","?","?","R","M","$","R","B",null,"M","?","M","?","$","R","?","?","T","R","E","M","$","M"],"character_chosen":"THE_SERVANT","items_purchased":["ShatteredReality","Bronze Scales","Dilation","SurpressingFire","Rearm","Potential","Starlight","Juzu Bracelet","DuplicationPotion"],"campfire_rested":4,"item_purchase_floors":[2,14,14,22,22,22,30,30,30],"current_hp_per_floor":[64,64,64,64,58,58,42,37,37,26,26,45,38,38,57,41,65,65,65,28,28,28,47,37,37,37,56,21,5,5,0,0],"gold":8,"neow_bonus":"UPGRADE_CARD","is_daily":false,"chose_seed":false,"campfire_upgraded":1,"win_rate":0.0,"timestamp":1613182042,"path_taken":["M","$","?","?","?","R","?","M","T","?","?","R","?","?","R","BOSS","M","?","M","?","$","R","?","?","T","R","E","M","?","M"],"items_purchased_type":["Card","Relic","Card","Card","Card","Card","Card","Relic","Potion"],"build_version":"2020-12-22","purchased_purges":0,"victory":false,"max_hp_per_floor":[65,65,65,65,65,65,65,65,65,65,65,65,65,65,65,65,65,65,65,65,65,65,65,65,65,65,65,65,65,65,65,65],"card_choices":[{"not_picked":["ShatteredReality","DoubleEdge"],"picked":"FanOfKnives","floor":1},{"not_picked":["Rewind","Revamp"],"picked":"TimeWarp","floor":3},{"not_picked":["Alleviate","BottledTime"],"picked":"Potential","floor":5},{"not_picked":["Read","DoubleEdge"],"picked":"Orbit","floor":8},{"not_picked":["Shuttle","Deadline"],"picked":"TimeTheft","floor":11},{"not_picked":["Rewind","Gouge"],"picked":"Rearm","floor":13},{"not_picked":["TheWorld","Dilation"],"picked":"LightFlow","floor":16},{"not_picked":["DoubleEdge+1","FanOfKnives"],"picked":"RealityMarble","floor":18},{"not_picked":["Orbit","Alleviate"],"picked":"ShatteredReality+1","floor":20},{"not_picked":["Moondial+1","Collapse"],"picked":"Rearm","floor":24},{"not_picked":["Moondial","Rearm+1"],"picked":"ForgedInTime","floor":28},{"not_picked":["Misdirection","TimeWarp"],"picked":"Barrier","floor":29}],"player_experience":1587301,"relics_obtained":[{"floor":9,"key":"Mummified Hand"},{"floor":11,"key":"Odd Mushroom"},{"floor":24,"key":"Red Mask"},{"floor":26,"key":"Potion Belt"},{"floor":28,"key":"StoneCalendar"},{"floor":28,"key":"Regal Pillow"}],"event_choices":[{"damage_healed":0,"gold_gain":0,"player_choice":"Got Potions","damage_taken":0,"max_hp_gain":0,"max_hp_loss":0,"event_name":"Lab","floor":4,"gold_loss":0},{"damage_healed":0,"gold_gain":0,"player_choice":"Take Damage","damage_taken":16,"relics_obtained":["Golden Idol"],"max_hp_gain":0,"max_hp_loss":0,"event_name":"Golden Idol","floor":7,"gold_loss":0},{"damage_healed":0,"gold_gain":75,"player_choice":"Gather Gold","damage_taken":11,"max_hp_gain":0,"max_hp_loss":0,"event_name":"World of Goop","floor":10,"gold_loss":0},{"damage_healed":0,"gold_gain":0,"player_choice":"Fought Mushrooms","damage_taken":0,"max_hp_gain":0,"max_hp_loss":0,"event_name":"Mushrooms","floor":11,"gold_loss":0},{"damage_healed":0,"gold_gain":99,"player_choice":"Stole From Cult","damage_taken":0,"max_hp_gain":0,"max_hp_loss":0,"event_name":"Nest","floor":19,"gold_loss":0},{"damage_healed":0,"gold_gain":0,"player_choice":"Inject Mutagens","damage_taken":0,"relics_obtained":["MutagenicStrength"],"max_hp_gain":0,"max_hp_loss":0,"event_name":"Drug Dealer","floor":21,"gold_loss":0},{"damage_healed":0,"gold_gain":0,"player_choice":"Fought Bandits","damage_taken":0,"max_hp_gain":0,"max_hp_loss":0,"event_name":"Masked Bandits","floor":24,"gold_loss":0},{"damage_healed":0,"gold_gain":0,"player_choice":"Ignored","damage_taken":0,"max_hp_gain":0,"max_hp_loss":0,"event_name":"Beggar","floor":25,"gold_loss":0}],"is_beta":false,"boss_relics":[{"not_picked":["Cursed Key","Tiny House"],"picked":"Black Star"}],"items_purged_floors":[],"is_endless":false,"potions_floor_spawned":[5,8,18,24],"killed_by":"Snake Plant","ascension_level":0}}