{"host":"7k2a2omxz3voj5ax","time":1613230472,"event":{"mods":["BaseMod","Marisa£¨ìFÓê¡¡Ä§ÀíÉ³£©","Minty Spire (QoL Compilation)","Quick Restart","Spicy Shops","StSLib","Starting Relic: Pandora\u0027s Box","Yakumo Yukari mod","¡¾ÒÅÎï¿¨ÅÆ¡¿REMEMod","óô»ðÖ¸ÄÏ"],"gold_per_floor":[116,130,49,67,67,78,108,108,134,234,261,1,14,26,52,52,52,52,52,150,150,160,160,160,160,172,197,9,36,36,36,36,48,77,92,127,127,14,638,638,816,1019,455,665,3065,3065,3111,2652,2206,2605,2605,1855,1327,1535,1801,2617,4552,4899,5071,4828,5828,5828,5332,4435,4469,4469],"floor_reached":67,"language":"ZHS","playtime":3227,"items_purged":["UnstableBomb","UpSweep","UnstableBomb","GasGiant","PowerUp","MilkyWay+1","TreasureHunter+1","MilkyWay+1","Orbital+1","EarthLightRay+1","Robbery+1"],"score":2101,"play_id":"6cd6aaa6-bbe7-4aee-8049-1ecd0b0c4114","local_time":"20210214003432","is_ascension_mode":true,"campfire_choices":[{"data":"BlazeAway","floor":8.0,"key":"SMITH"},{"data":"Deep Breath","floor":16.0,"key":"SMITH"},{"data":"MilkyWay","floor":18.0,"key":"SMITH"},{"data":"Singularity","floor":19.0,"key":"SMITH"},{"data":"MilkyWay","floor":32.0,"key":"SMITH"},{"floor":37.0,"key":"RECALL"}],"circlet_count":3,"master_deck":["BlazeAway+1","Human_Monster_Realm_purple+1","Singularity+1","6A+1","Deep Breath+1","Deep Breath+1","SatelliteIllusion+1"],"relics":["MiniHakkero","REME_ComplimentaryCards","NeowsBlessing","Bottled Lightning","Pen Nib","Lantern","Bag of Preparation","ShroomBag","Black Star","Orichalcum","Blood Vial","Eternal Feather","Membership Card","TheAbacus","Singing Bowl","Dream Catcher","Molten Egg 2","WingedGreaves","Pantograph","Question Card","BreadOfAWashokuLover","Old Coin","Calling Bell","Regal Pillow","HandmadeGrimoire","Unceasing Top","Calipers","Toxic Egg 2","Frozen Egg 2","Peace Pipe","MagicBroom","SproutingBranch","Darkstone Periapt","Akabeko","Smiling Mask","Medical Kit","Torii","Shuriken","Mummified Hand","Bottled Tornado","ClockworkSouvenir","Strawberry","Nunchaku","REME_IWantAll","SimpleLauncher","Ice Cream","CaptainsWheel","Sling","InkBottle","TungstenRod","Pear","Bird Faced Urn","Centennial Puzzle","Anchor","Boot","Happy Flower","Gremlin Horn","Toy Ornithopter","AmplifyWand","Incense Burner","FossilizedHelix","Turnip","Circlet","Pocketwatch","Thread and Needle","Mango","Ginger","Gambling Chip"],"acts_visited":["Exordium","TheCity","TheBeyond","TheEnding"],"potions_floor_usage":[66],"damage_taken":[{"damage":0.0,"enemies":"2 Louse","floor":1.0,"turns":1.0},{"damage":0.0,"enemies":"Cultist","floor":2.0,"turns":1.0},{"damage":0.0,"enemies":"Jaw Worm","floor":4.0,"turns":1.0},{"damage":4.0,"enemies":"Gremlin Gang","floor":6.0,"turns":3.0},{"damage":4.0,"enemies":"3 Sentries","floor":7.0,"turns":4.0},{"damage":0.0,"enemies":"Lagavulin","floor":9.0,"turns":5.0},{"damage":0.0,"enemies":"2 Fungi Beasts","floor":13.0,"turns":2.0},{"damage":0.0,"enemies":"Looter","floor":14.0,"turns":2.0},{"damage":0.0,"enemies":"3 Sentries","floor":15.0,"turns":3.0},{"damage":0.0,"enemies":"Slime Boss","floor":20.0,"turns":2.0},{"damage":10.0,"enemies":"Shell Parasite","floor":22.0,"turns":3.0},{"damage":0.0,"enemies":"2 Thieves","floor":26.0,"turns":2.0},{"damage":27.0,"enemies":"Book of Stabbing","floor":27.0,"turns":5.0},{"damage":0.0,"enemies":"Slavers","floor":29.0,"turns":4.0},{"damage":5.0,"enemies":"Snake Plant","floor":33.0,"turns":3.0},{"damage":0.0,"enemies":"Book of Stabbing","floor":34.0,"turns":1.0},{"damage":0.0,"enemies":"Cultist and Chosen","floor":35.0,"turns":3.0},{"damage":17.0,"enemies":"Slavers","floor":36.0,"turns":5.0},{"damage":2.0,"enemies":"Champ","floor":39.0,"turns":7.0},{"damage":18.0,"enemies":"3 Darklings","floor":41.0,"turns":7.0},{"damage":0.0,"enemies":"Orb Walker","floor":42.0,"turns":3.0},{"damage":0.0,"enemies":"Mind Bloom Boss Battle","floor":44.0,"turns":5.0},{"damage":0.0,"enemies":"Mind Bloom Boss Battle","floor":45.0,"turns":6.0},{"damage":0.0,"enemies":"Giant Head","floor":47.0,"turns":6.0},{"damage":0.0,"enemies":"Nemesis","floor":50.0,"turns":3.0},{"damage":0.0,"enemies":"Sphere and 2 Shapes","floor":54.0,"turns":4.0},{"damage":0.0,"enemies":"4 Shapes","floor":55.0,"turns":5.0},{"damage":0.0,"enemies":"Giant Head","floor":56.0,"turns":3.0},{"damage":0.0,"enemies":"Transient","floor":57.0,"turns":4.0},{"damage":0.0,"enemies":"Spire Growth","floor":58.0,"turns":3.0},{"damage":0.0,"enemies":"Nemesis","floor":59.0,"turns":3.0},{"damage":0.0,"enemies":"Donu and Deca","floor":61.0,"turns":2.0},{"damage":0.0,"enemies":"Shield and Spear","floor":65.0,"turns":1.0},{"damage":0,"enemies":"The Heart","floor":66,"turns":3}],"seed_played":"319744421294600333","potions_obtained":[{"floor":4.0,"key":"SneckoOil"},{"floor":6.0,"key":"BottledSpark"},{"floor":13.0,"key":"Fire Potion"},{"floor":20.0,"key":"AttackPotion"},{"floor":22.0,"key":"Energy Potion"},{"floor":29.0,"key":"SmokeBomb"},{"floor":36.0,"key":"Weak Potion"},{"floor":42.0,"key":"DistilledChaos"},{"floor":44.0,"key":"BlessingOfTheForge"},{"floor":50.0,"key":"Energy Potion"}],"is_trial":false,"path_per_floor":["M","M","$","M","?","M","E","R","E","?","T","R","M","M","E","R","?","R","R","B",null,"M","?","?","?","M","E","R","E","T","?","R","M","E","M","E","R","R","B",null,"M","M","$","?","?","?","E","R","R","E","T","R","R","M","M","E","M","M","E","R","B",null,"R","$","E","B",null],"character_chosen":"MARISA","items_purchased":["Singularity","Deep Breath","Bag of Preparation","Membership Card","TheAbacus","Calipers","Toxic Egg 2","Frozen Egg 2","Smiling Mask","Medical Kit","Torii","Shuriken","Mummified Hand","Bottled Tornado","ClockworkSouvenir","Strawberry","SimpleLauncher","Ice Cream","CaptainsWheel","Sling","InkBottle","TungstenRod","Pear","Fruit Juice","FairyPotion","Bird Faced Urn","Deep Breath+1","Gremlin Horn","Toy Ornithopter","AmplifyWand","Incense Burner","FossilizedHelix","Turnip","Circlet","Pocketwatch","Thread and Needle","Mango","Ginger","Gambling Chip"],"campfire_rested":0,"item_purchase_floors":[3,12,12,28,28,43,43,43,48,48,48,48,49,49,49,49,52,52,52,52,52,53,53,53,53,53,60,60,60,63,63,63,63,64,64,64,64,64,64],"current_hp_per_floor":[75,75,75,75,75,71,67,67,67,67,67,67,67,71,75,75,68,68,68,72,75,65,65,75,75,75,48,57,69,69,55,64,71,79,88,73,82,88,88,90,74,88,88,96,105,105,107,107,114,116,116,116,131,133,135,137,139,141,143,143,143,143,143,157,157,157],"gold":4469,"neow_bonus":"THREE_ENEMY_KILL","is_daily":false,"chose_seed":false,"campfire_upgraded":5,"win_rate":0.0,"timestamp":1613230472,"path_taken":["M","M","$","M","?","?","E","R","E","?","T","R","M","?","E","R","?","R","R","BOSS","M","?","?","?","M","E","R","E","T","?","R","M","E","M","E","R","R","BOSS","M","M","$","?","?","?","E","R","R","E","T","R","R","?","M","E","M","M","E","R","BOSS","R","$","E","BOSS"],"items_purchased_type":["Card","Card","Relic","Relic","Relic","Relic","Relic","Relic","Relic","Relic","Relic","Relic","Relic","Relic","Relic","Relic","Relic","Relic","Relic","Relic","Relic","Relic","Relic","Potion","Potion","Relic","Card","Relic","Relic","Relic","Relic","Relic","Relic","Undefined","Relic","Relic","Relic","Relic","Relic"],"build_version":"2020-12-22","purchased_purges":11,"victory":true,"max_hp_per_floor":[75,75,75,75,75,75,75,75,75,75,75,75,75,75,75,75,75,75,75,75,75,75,75,75,75,75,75,75,77,77,82,82,84,86,88,88,88,88,90,90,92,94,94,96,105,105,107,107,114,116,116,116,131,133,135,137,139,141,143,143,143,143,143,157,157,157],"card_choices":[{"not_picked":["IllusionStar","MysteriousBeam","OrrerysSun"],"picked":"SKIP","floor":1.0},{"not_picked":["Acceleration","DeepEcoloBomb","FairyDestructionRay"],"picked":"SKIP","floor":2.0},{"not_picked":["ChargingUp","Orbital","LuminesStrike"],"picked":"SKIP","floor":4.0},{"not_picked":["DC","StarBarrage"],"picked":"6A","floor":6.0},{"not_picked":["GrandCross","EscapeVelocity","DarkMatter"],"picked":"SKIP","floor":7.0},{"not_picked":["MysteriousBeam","WitchLeyline","PropBag"],"picked":"SKIP","floor":9.0},{"not_picked":["MilkyWay","OrrerysSun"],"picked":"EarthLightRay","floor":13.0},{"not_picked":["EnergyFlow","WitchOfGreed","GrandCross"],"picked":"SKIP","floor":14.0},{"not_picked":["PropBag","Orbital","AlicesGift"],"picked":"SKIP","floor":15.0},{"not_picked":["BlazingStar","BinaryStars"],"picked":"TreasureHunter","floor":20.0},{"not_picked":["Singularity","MilkyWay+1","StarBarrage"],"picked":"SKIP","floor":22.0},{"not_picked":["PowerUp","AsteroidBelt+1","UnstableBomb"],"picked":"SKIP","floor":26.0},{"not_picked":["AsteroidBelt","SuperNova","Acceleration+1"],"picked":"SKIP","floor":27.0},{"not_picked":["MilkyWay","DoubleSpark+1","ShootingEcho"],"picked":"Singing Bowl","floor":29.0},{"not_picked":["FairyDestructionRay+1","ChargingUp","6A+1"],"picked":"Singing Bowl","floor":33.0},{"not_picked":["ChargeUpSpray+1","DarkMatter","EnergyFlow"],"picked":"Singing Bowl","floor":34.0},{"not_picked":["OpenUniverse+1","ShootingEcho+1","DeepEcoloBomb+1"],"picked":"Singing Bowl","floor":35.0},{"not_picked":["GrandCross+1","EnergyRecoil"],"picked":"Robbery+1","floor":36.0},{"not_picked":["MaximisePower","EscapeVelocity","CasketOfStar","ManaRampage"],"picked":"Singing Bowl","floor":39.0},{"not_picked":["AsteroidBelt+1","WitchLeyline+1","PowerUp","UnstableBomb+1"],"picked":"Singing Bowl","floor":41.0},{"not_picked":["WitchLeyline+1","AsteroidBelt","MilkyWay+1","GrandCross+1"],"picked":"Singing Bowl","floor":42.0},{"not_picked":["GravityBeat+1","RefractionSpark+1","MilkyWay+1","PowerUp+1"],"picked":"Singing Bowl","floor":44.0},{"not_picked":["RefractionSpark+1","DC+1","UnstableBomb+1","ManaConvection+1"],"picked":"Singing Bowl","floor":45.0},{"not_picked":["SporeBomb+1","DoubleSpark+1","MagicChant+1","Orbital+1"],"picked":"Singing Bowl","floor":47.0},{"not_picked":["IllusionStar+1","DC+1","AlicesGift+1","DarkMatter+1"],"picked":"Singing Bowl","floor":50.0},{"not_picked":["WitchLeyline+1","BlazingStar+1","IllusionStar+1","AsteroidBelt+1"],"picked":"Singing Bowl","floor":54.0},{"not_picked":["SporeBomb+1","UnstableBomb+1","GrandCross+1","WitchLeyline+1"],"picked":"Singing Bowl","floor":55.0},{"not_picked":["EscapeVelocity+1","BlazeAway+1","UnstableBomb+1","WitchOfGreed+1"],"picked":"Singing Bowl","floor":56.0},{"not_picked":["UnstableBomb+1","GalacticHalo+1","EnergyRecoil+1","AsteroidBelt+1"],"picked":"Singing Bowl","floor":57.0},{"not_picked":["PowerUp+1","EarthLightRay+1","RefractionSpark+1","ShootTheMoon+1"],"picked":"Singing Bowl","floor":58.0},{"not_picked":["ManaRampage+1","NonDirectionalLaser+1","GrandCross+1","BlazeAway+1"],"picked":"Singing Bowl","floor":59.0},{"not_picked":["ChargeUpSpray+1","OortCloud+1","DoubleSpark+1"],"picked":"SatelliteIllusion+1","floor":65.0}],"player_experience":256759,"relics_obtained":[{"floor":7.0,"key":"Bottled Lightning"},{"floor":9.0,"key":"Pen Nib"},{"floor":11.0,"key":"Lantern"},{"floor":15.0,"key":"ShroomBag"},{"floor":27.0,"key":"Orichalcum"},{"floor":27.0,"key":"Blood Vial"},{"floor":27.0,"key":"Eternal Feather"},{"floor":29.0,"key":"Singing Bowl"},{"floor":29.0,"key":"Dream Catcher"},{"floor":30.0,"key":"Molten Egg 2"},{"floor":34.0,"key":"WingedGreaves"},{"floor":36.0,"key":"Pantograph"},{"floor":36.0,"key":"Question Card"},{"floor":36.0,"key":"BreadOfAWashokuLover"},{"floor":39.0,"key":"Old Coin"},{"floor":40.0,"key":"Regal Pillow"},{"floor":40.0,"key":"HandmadeGrimoire"},{"floor":40.0,"key":"Unceasing Top"},{"floor":44.0,"key":"Peace Pipe"},{"floor":44.0,"key":"MagicBroom"},{"floor":44.0,"key":"SproutingBranch"},{"floor":47.0,"key":"Darkstone Periapt"},{"floor":47.0,"key":"Akabeko"},{"floor":50.0,"key":"Nunchaku"},{"floor":50.0,"key":"REME_IWantAll"},{"floor":56.0,"key":"Centennial Puzzle"},{"floor":56.0,"key":"Anchor"},{"floor":59.0,"key":"Boot"},{"floor":59.0,"key":"Happy Flower"},{"floor":65.0,"key":"Circlet"},{"floor":65.0,"key":"Circlet"}],"event_choices":[{"damage_healed":0.0,"max_hp_gain":0.0,"max_hp_loss":0.0,"gold_gain":0.0,"event_name":"Accursed Blacksmith","player_choice":"Forge","floor":5.0,"gold_loss":0.0,"damage_taken":0.0,"cards_upgraded":["Human_Monster_Realm_purple"]},{"damage_healed":0.0,"max_hp_gain":0.0,"max_hp_loss":0.0,"gold_gain":100.0,"event_name":"Wheel of Change","player_choice":"Gold","floor":10.0,"gold_loss":0.0,"damage_taken":0.0},{"cards_removed":["MasterSpark"],"damage_healed":0.0,"max_hp_gain":0.0,"max_hp_loss":0.0,"gold_gain":0.0,"event_name":"Golden Wing","player_choice":"Card Removal","floor":17.0,"gold_loss":0.0,"damage_taken":7.0},{"damage_healed":0.0,"max_hp_gain":0.0,"max_hp_loss":0.0,"gold_gain":0.0,"event_name":"Vampires","player_choice":"Ignored","floor":23.0,"gold_loss":0.0,"damage_taken":0.0},{"damage_healed":25.0,"max_hp_gain":0.0,"max_hp_loss":0.0,"gold_gain":0.0,"event_name":"The Library","player_choice":"Heal","floor":24.0,"gold_loss":0.0,"damage_taken":0.0},{"damage_healed":0.0,"max_hp_gain":0.0,"max_hp_loss":0.0,"gold_gain":0.0,"event_name":"The Mausoleum","player_choice":"Ignored","floor":25.0,"gold_loss":0.0,"damage_taken":0.0},{"damage_healed":0.0,"max_hp_gain":5.0,"max_hp_loss":0.0,"gold_gain":0.0,"event_name":"Forgotten Altar","player_choice":"Shed Blood","floor":31.0,"gold_loss":0.0,"damage_taken":19.0},{"damage_healed":0.0,"max_hp_gain":0.0,"max_hp_loss":0.0,"gold_gain":0.0,"event_name":"MindBloom","player_choice":"Fight","floor":44.0,"gold_loss":0.0,"damage_taken":0.0},{"damage_healed":0.0,"max_hp_gain":0.0,"max_hp_loss":0.0,"gold_gain":0.0,"event_name":"Upgrade Shrine","player_choice":"Ignored","floor":46.0,"gold_loss":0.0,"damage_taken":0.0}],"is_beta":false,"boss_relics":[{"not_picked":["ExperimentalFamiliar","Ectoplasm"],"picked":"Black Star"},{"not_picked":["Coffee Dripper","SacredBark"],"picked":"Calling Bell"}],"items_purged_floors":[28,38,38,43,43,48,48,49,52,52,64],"is_endless":false,"potions_floor_spawned":[4,6,13,20,22,29,36,42,44,50,54,57,65],"ascension_level":1}}