{"host":"y36bp6mnm73x3iob","time":1613205286,"event":{"mods":["2.2 Compatiblity","Aspiration","BaseMod","Bossed Relics","Downfall","GifTheSpireLib","Hermit","Minty Spire (QoL Compilation)","Reliquary","StSLib"],"gold_per_floor":[115,115,131,131,147,147,163,16,16,28,40,65,65,96,96,192,192,204,204,204,204,303,336,336,366,411,175,203,47,59,69,69,171,171,187,187,187,36,54,88,100,134,203,203,229,229,49,66,66,66,66,66,15,45,45],"floor_reached":56,"language":"ENG","playtime":2192,"items_purged":["Writhe"],"score":1531,"play_id":"de23d41a-0d12-46d7-8c8c-fd972b07dd50","local_time":"20210213103446","is_ascension_mode":true,"campfire_choices":[{"data":"Dualcast","floor":6,"key":"SMITH"},{"data":"Chill","floor":15,"key":"SMITH"},{"floor":24,"key":"REST"},{"data":"Lockon","floor":32,"key":"SMITH"},{"floor":46,"key":"RECALL"},{"data":"Redo","floor":49,"key":"SMITH"},{"data":"Panacea","floor":52,"key":"SMITH"}],"circlet_count":0,"master_deck":["Strike_B","Strike_B","Strike_B","Strike_B","Defend_B","Defend_B","Defend_B","Defend_B","Zap+1","Dualcast+1","Redo+1","Cold Snap","Cold Snap","Reinforced Body","Loop","Chill+1","Ball Lightning","Cold Snap","Biased Cognition","Ball Lightning","J.A.X.","Biased Cognition","Static Discharge","Loop","Lockon+1","Ball Lightning","Reinforced Body","Multi-Cast","Panacea","Trip","Panacea+1","Self Repair","Redo+1","Static Discharge","Hologram+1","Reinforced Body","Static Discharge","Hologram","Tempest"],"relics":["Cracked Core","NeowsBlessing","Chemical X","Matryoshka","Orichalcum","reliquary:PrincelyHelmet","reliquary:RosewoodLute","Black Star","aspiration:HummingbirdHeart","aspiration:Stabinomicon","DataDisk","reliquary:LoveEmittingDiode","Pen Nib","PreservedInsect","Smiling Mask","aspiration:ChemicalBlood","Oddly Smooth Stone","Anchor","Bottled Flame","aspiration:Nostalgia","PureWater","Coffee Dripper","Blue Candle","Nunchaku","Toy Ornithopter","aspiration:FetidBarrel","reliquary:BallBearing","Mercury Hourglass","Akabeko","Vajra","StoneCalendar","Cables"],"acts_visited":["Exordium","TheCity","TheBeyond","TheEnding"],"potions_floor_usage":[12,12,16,31,33,35,45,45,45,50,54,55],"damage_taken":[{"damage":0,"enemies":"Small Slimes","floor":1,"turns":1},{"damage":0,"enemies":"Jaw Worm","floor":3,"turns":1},{"damage":0,"enemies":"Cultist","floor":5,"turns":1},{"damage":0,"enemies":"3 Louse","floor":7,"turns":3},{"damage":0,"enemies":"Exordium Wildlife","floor":10,"turns":5},{"damage":0,"enemies":"2 Fungi Beasts","floor":11,"turns":2},{"damage":2,"enemies":"3 Sentries","floor":12,"turns":8},{"damage":4,"enemies":"Gremlin Nob","floor":14,"turns":4},{"damage":29,"enemies":"Hexaghost","floor":16,"turns":11},{"damage":0,"enemies":"Chosen","floor":18,"turns":4},{"damage":22,"enemies":"Gremlin Leader","floor":23,"turns":7},{"damage":0,"enemies":"Book of Stabbing","floor":25,"turns":3},{"damage":0,"enemies":"Gremlin Leader","floor":28,"turns":4},{"damage":0,"enemies":"Spheric Guardian","floor":30,"turns":2},{"damage":3,"enemies":"Centurion and Healer","floor":31,"turns":4},{"damage":3,"enemies":"Champ","floor":33,"turns":5},{"damage":0,"enemies":"Orb Walker","floor":35,"turns":2},{"damage":3,"enemies":"3 Darklings","floor":39,"turns":5},{"damage":0,"enemies":"Reptomancer","floor":40,"turns":5},{"damage":0,"enemies":"Jaw Worm Horde","floor":41,"turns":3},{"damage":9,"enemies":"Giant Head","floor":42,"turns":6},{"damage":6,"enemies":"Reptomancer","floor":45,"turns":5},{"damage":3,"enemies":"Maw","floor":48,"turns":4},{"damage":0,"enemies":"Donu and Deca","floor":50,"turns":5},{"damage":25,"enemies":"Shield and Spear","floor":54,"turns":6},{"damage":45,"enemies":"The Heart","floor":55,"turns":7}],"seed_played":"-1772667703380733038","potions_obtained":[{"floor":1,"key":"Weak Potion"},{"floor":3,"key":"FocusPotion"},{"floor":5,"key":"LiquidMemories"},{"floor":14,"key":"Dexterity Potion"},{"floor":25,"key":"Weak Potion"},{"floor":28,"key":"FearPotion"},{"floor":30,"key":"LiquidMemories"},{"floor":33,"key":"Regen Potion"},{"floor":35,"key":"Fruit Juice"},{"floor":42,"key":"hexamod:SoulburnPotion"},{"floor":48,"key":"Strength Potion"}],"is_trial":false,"path_per_floor":["M","?","M","?","M","R","M","$","T","M","M","E","?","E","R","B",null,"M","?","?","?","?","E","R","E","T","$","E","$","M","M","R","B",null,"M","?","?","$","M","E","M","E","T","?","E","R","$","M","R","B",null,"R","$","E","B",null],"character_chosen":"DEFECT","items_purchased":["Chemical X","Oddly Smooth Stone","Loop","aspiration:Nostalgia","Panacea","Self Repair","Reinforced Body","Static Discharge","Hologram","Dexterity Potion"],"campfire_rested":1,"item_purchase_floors":[8,27,27,29,38,38,47,47,47,53],"current_hp_per_floor":[75,75,75,75,75,75,75,75,75,75,75,73,61,57,57,28,75,75,75,75,59,59,37,59,59,59,59,59,59,59,56,56,53,75,80,75,65,65,69,69,69,67,67,67,81,81,81,78,78,85,85,85,85,65,32],"gold":45,"neow_bonus":"THREE_ENEMY_KILL","is_daily":false,"chose_seed":false,"campfire_upgraded":5,"win_rate":0.0,"timestamp":1613205286,"path_taken":["M","?","M","?","M","R","?","$","T","M","M","E","?","E","R","BOSS","M","?","?","?","?","E","R","E","T","$","E","$","M","M","R","BOSS","M","?","?","?","M","E","M","E","T","?","E","R","$","?","R","BOSS","R","$","E","BOSS"],"items_purchased_type":["Relic","Relic","Card","Relic","Card","Card","Card","Card","Card","Potion"],"build_version":"2020-12-22","purchased_purges":1,"victory":true,"max_hp_per_floor":[75,75,75,75,75,75,75,75,75,75,75,75,75,75,75,75,75,75,75,75,75,75,75,75,75,75,75,75,75,75,75,75,75,75,80,80,80,80,80,80,80,80,80,80,85,85,85,85,85,85,85,85,85,85,85],"card_choices":[{"not_picked":["Leap","Steam Power"],"picked":"Redo","floor":1},{"not_picked":["Conserve Battery","Gash"],"picked":"Cold Snap","floor":3},{"not_picked":["Rip and Tear","Stack"],"picked":"Cold Snap","floor":5},{"not_picked":["Gash","Hologram"],"picked":"Reinforced Body","floor":7},{"not_picked":["Static Discharge","Undo"],"picked":"Loop","floor":10},{"not_picked":["aspiration:Polymerization","Sunder"],"picked":"Chill","floor":11},{"not_picked":["Steam","Leap"],"picked":"Ball Lightning","floor":12},{"not_picked":["Tempest","Lockon"],"picked":"Cold Snap","floor":14},{"not_picked":["Hyperbeam","Reboot"],"picked":"Biased Cognition","floor":16},{"not_picked":["Leap","Beam Cell+1"],"picked":"Ball Lightning","floor":18},{"not_picked":["Hologram","Tempest"],"picked":"Biased Cognition","floor":23},{"not_picked":["Hyperbeam","Coolheaded"],"picked":"Static Discharge","floor":25},{"not_picked":["Leap","Conserve Battery+1"],"picked":"Lockon","floor":28},{"not_picked":["Redo","Streamline"],"picked":"Ball Lightning","floor":30},{"not_picked":["Darkness","Redo"],"picked":"Reinforced Body","floor":31},{"not_picked":["Rainbow","Amplify"],"picked":"Multi-Cast","floor":33},{"not_picked":["Leap","Rip and Tear","Conserve Battery+1"],"picked":"SKIP","floor":35},{"not_picked":["Finesse","HandOfGreed"],"picked":"Panacea","floor":37},{"not_picked":["The Bomb","Finesse"],"picked":"Trip","floor":37},{"not_picked":["Double Energy+1","Auto Shields+1"],"picked":"Redo","floor":39},{"not_picked":["Steam+1","Conserve Battery"],"picked":"Static Discharge","floor":40},{"not_picked":["Streamline","Conserve Battery+1","Beam Cell+1"],"picked":"SKIP","floor":41},{"not_picked":["Melter+1","Doom and Gloom"],"picked":"Hologram+1","floor":42},{"not_picked":["Amplify","Double Energy","Force Field"],"picked":"SKIP","floor":45},{"not_picked":["Streamline","Melter","Compile Driver"],"picked":"SKIP","floor":48},{"not_picked":["Recycle","Compile Driver"],"picked":"Tempest","floor":54}],"player_experience":563133,"relics_obtained":[{"floor":9,"key":"Matryoshka"},{"floor":12,"key":"Orichalcum"},{"floor":14,"key":"reliquary:RosewoodLute"},{"floor":21,"key":"aspiration:Stabinomicon"},{"floor":23,"key":"DataDisk"},{"floor":23,"key":"reliquary:LoveEmittingDiode"},{"floor":25,"key":"Pen Nib"},{"floor":25,"key":"PreservedInsect"},{"floor":26,"key":"Smiling Mask"},{"floor":26,"key":"aspiration:ChemicalBlood"},{"floor":28,"key":"Anchor"},{"floor":28,"key":"Bottled Flame"},{"floor":40,"key":"Nunchaku"},{"floor":40,"key":"Toy Ornithopter"},{"floor":42,"key":"aspiration:FetidBarrel"},{"floor":42,"key":"reliquary:BallBearing"},{"floor":43,"key":"Mercury Hourglass"},{"floor":45,"key":"Akabeko"},{"floor":45,"key":"Vajra"},{"floor":54,"key":"StoneCalendar"},{"floor":54,"key":"Cables"}],"event_choices":[{"damage_healed":0,"gold_gain":0,"player_choice":"Grow","damage_taken":0,"max_hp_gain":0,"max_hp_loss":0,"event_name":"Living Wall","floor":2,"gold_loss":0,"cards_upgraded":["Redo"]},{"damage_healed":0,"gold_gain":0,"player_choice":"Upgraded","damage_taken":0,"max_hp_gain":0,"max_hp_loss":0,"event_name":"Upgrade Shrine","floor":4,"gold_loss":0,"cards_upgraded":["Zap"]},{"damage_healed":0,"gold_gain":0,"player_choice":"Success","damage_taken":12,"relics_obtained":["reliquary:PrincelyHelmet"],"max_hp_gain":0,"max_hp_loss":0,"event_name":"Scrap Ooze","floor":13,"gold_loss":0},{"damage_healed":0,"gold_gain":0,"player_choice":"Obtain J.A.X.","damage_taken":0,"max_hp_gain":0,"max_hp_loss":0,"event_name":"Drug Dealer","floor":19,"gold_loss":0,"cards_obtained":["J.A.X."]},{"damage_healed":0,"gold_gain":0,"player_choice":"Opened","damage_taken":0,"relics_obtained":["aspiration:HummingbirdHeart"],"max_hp_gain":0,"max_hp_loss":0,"event_name":"The Mausoleum","floor":20,"gold_loss":0,"cards_obtained":["Writhe"]},{"damage_healed":0,"gold_gain":0,"player_choice":"Obtained Book","damage_taken":16,"max_hp_gain":0,"max_hp_loss":0,"event_name":"Cursed Tome","floor":21,"gold_loss":0},{"damage_healed":0,"gold_gain":99,"player_choice":"Stole From Cult","damage_taken":0,"max_hp_gain":0,"max_hp_loss":0,"event_name":"Nest","floor":22,"gold_loss":0},{"damage_healed":0,"gold_gain":0,"player_choice":"Memory 3","damage_taken":10,"max_hp_gain":0,"max_hp_loss":0,"event_name":"SensoryStone","floor":37,"gold_loss":0},{"damage_healed":0,"gold_gain":0,"player_choice":"Ignored","damage_taken":0,"max_hp_gain":0,"max_hp_loss":0,"event_name":"Tomb of Lord Red Mask","floor":44,"gold_loss":0}],"is_beta":false,"boss_relics":[{"not_picked":["reliquary:Craggleroot","Astrolabe"],"picked":"Black Star"},{"not_picked":["Tiny House","reliquary:RedPaperclip"],"picked":"Coffee Dripper"}],"items_purged_floors":[27],"is_endless":false,"potions_floor_spawned":[1,3,5,14,25,28,30,33,35,42,48],"ascension_level":1}}