{"host":"vyrim7c8c6ucsmzk","time":1613179084,"event":{"mods":["BaseMod","Colored Map","Downfall","Minty Spire (QoL Compilation)","StSLib"],"gold_per_floor":[199,215,228,85,85,85,137,237,249,284,384,402,302,138,157,255,255,155,166,177,18,18,18,44,44,63,63,76,96,96,111,121,219,219,219,238,295,344,344,244,271,303,313,313,313,330,28,28,38,38,38,69,19,19,19,19,19,19],"floor_reached":56,"language":"ENG","playtime":8143,"items_purged":["Guardian:Strike_Guardian","Guardian:Strike_Guardian","Guardian:Strike_Guardian","Guardian:ChargeCore"],"score":777,"play_id":"a0533cbb-249b-40b9-9219-235232935ad0","local_time":"20210212201804","is_ascension_mode":false,"campfire_choices":[{"data":"Guardian:TwinSlam","floor":1.0,"key":"SMITH"},{"data":"Guardian:ShieldSpikes","floor":6.0,"key":"SMITH"},{"floor":13.0,"key":"RECALL"},{"data":"Guardian:DecasProtection","floor":18.0,"key":"SMITH"},{"data":"Guardian:BodySlam","floor":23.0,"key":"SMITH"},{"data":"Guardian:EvasiveProtocol","floor":25.0,"key":"SMITH"},{"data":"Guardian:Harden","floor":27.0,"key":"SMITH"},{"data":"Guardian:Repulse","floor":30.0,"key":"SMITH"},{"data":"Guardian:CurlUp","floor":35.0,"key":"SMITH"},{"data":"Guardian:Suspension","floor":40,"key":"SMITH"},{"data":"Guardian:TimeSifter","floor":44,"key":"SMITH"},{"data":"Guardian:StasisField","floor":54,"key":"SMITH"}],"circlet_count":0,"master_deck":["Guardian:Defend_Guardian","Guardian:Defend_Guardian","Guardian:Defend_Guardian","Guardian:CurlUp+1","Guardian:TwinSlam+1","Guardian:ShieldSpikes+1","Guardian:HyperBeam_Guardian","Guardian:Reroute","Guardian:EvasiveProtocol+1","Guardian:DecasProtection+1","Guardian:Recover","Guardian:Planning","Guardian:TimeSifter+1","Guardian:Repulse+1","Guardian:RollAttack","Guardian:BodySlam+1","Guardian:Harden+1","Guardian:Suspension+1","Guardian:PiercingHide+1","Guardian:Recover","Guardian:Incinerate+1","Guardian:BronzeOrb+1","Guardian:ShieldCharger+1","Guardian:Recover+1","Guardian:StasisField+1"],"relics":["Guardian:ModeShifterPlus","Pen Nib","Orichalcum","downfall:HeartBlessingGreen","Bag of Preparation","downfall:HeartBlessingRed","Centennial Puzzle","Black Star","ClockworkSouvenir","WingedGreaves","downfall:HeartBlessingBlue","Smiling Mask","Torii","Kunai","Mummified Hand","Anchor","Bronze Scales"],"acts_visited":["TheCity","TheBeyond","TheEnding"],"potions_floor_usage":[38,56,56,56],"damage_taken":[{"damage":1.0,"enemies":"2 Louse","floor":2.0,"turns":2.0},{"damage":0.0,"enemies":"Small Slimes","floor":3.0,"turns":5.0},{"damage":0.0,"enemies":"downfall:FleeingMerchant","floor":4.0,"turns":4.0},{"damage":0.0,"enemies":"Jaw Worm","floor":9.0,"turns":1.0},{"damage":15.0,"enemies":"Gremlin Nob","floor":10.0,"turns":3.0},{"damage":5.0,"enemies":"Large Slime","floor":12.0,"turns":5.0},{"damage":9.0,"enemies":"downfall:FleeingMerchant","floor":14.0,"turns":4.0},{"damage":0.0,"enemies":"2 Fungi Beasts","floor":15.0,"turns":3.0},{"damage":17.0,"enemies":"WA_ARCHETYPE_RETAIN","floor":16.0,"turns":8.0},{"damage":8.0,"enemies":"3 Byrds","floor":19.0,"turns":8.0},{"damage":6.0,"enemies":"Snecko","floor":20.0,"turns":7.0},{"damage":0.0,"enemies":"downfall:FleeingMerchant","floor":21.0,"turns":4.0},{"damage":0.0,"enemies":"Chosen and Byrds","floor":26.0,"turns":5.0},{"damage":4.0,"enemies":"Shelled Parasite and Fungi","floor":28.0,"turns":5.0},{"damage":0.0,"enemies":"Snake Plant","floor":29.0,"turns":3.0},{"damage":0.0,"enemies":"Centurion and Healer","floor":31.0,"turns":5.0},{"damage":0.0,"enemies":"Cultist and Chosen","floor":32.0,"turns":3.0},{"damage":25.0,"enemies":"IC_MUSHROOM_ARCHETYPE","floor":33.0,"turns":10.0},{"damage":4.0,"enemies":"3 Darklings","floor":36.0,"turns":4.0},{"damage":0.0,"enemies":"downfall:FleeingMerchant","floor":37.0,"turns":4.0},{"damage":0,"enemies":"2 Orb Walkers","floor":38,"turns":7},{"damage":2,"enemies":"Nemesis","floor":42,"turns":7},{"damage":0,"enemies":"3 Shapes","floor":43,"turns":4},{"damage":0,"enemies":"Maw","floor":46,"turns":4},{"damage":0,"enemies":"Transient","floor":49,"turns":5},{"damage":0,"enemies":"DF_ARCHETYPE_ORBS","floor":50,"turns":5},{"damage":0,"enemies":"downfall:CharBossMerchant","floor":52,"turns":7},{"damage":28,"enemies":"downfall:NeowBoss","floor":55,"turns":28},{"damage":70,"enemies":"downfall:NeowBossFinal","floor":56,"turns":11}],"seed_played":"2359136549522210535","potions_obtained":[{"floor":2.0,"key":"SteroidPotion"},{"floor":9.0,"key":"Explosive Potion"},{"floor":12.0,"key":"Block Potion"},{"floor":15.0,"key":"hexamod:SoulburnPotion"},{"floor":26.0,"key":"Ancient Potion"},{"floor":38,"key":"Block Potion"}],"is_trial":false,"path_per_floor":["R","M","M","$","?","R","T","?","M","E","?","M","R","$","M","B",null,"R","M","M","$","?","R","T","R","M","R","M","M","R","M","M","B",null,"R","M","$","?","?","R","T","E","M","R","?","M","$","?","M","B",null,"E","$","R","B","B"],"character_chosen":"GUARDIAN","items_purchased":["Guardian:Reroute","Bag of Preparation","Guardian:BodySlam","CultistPotion","ClockworkSouvenir","Guardian:Recover","Mummified Hand"],"campfire_rested":0,"item_purchase_floors":[4,14,21,21,37,37,47],"current_hp_per_floor":[80,79,79,79,79,79,79,79,79,64,64,59,59,50,50,33,80,80,72,66,66,66,66,66,66,66,66,62,62,62,62,62,37,80,80,76,76,76,76,86,86,84,84,84,84,84,84,84,84,84,90,90,90,90,62,0,0,0],"gold":19,"neow_bonus":"HUNDRED_GOLD","is_daily":false,"chose_seed":false,"campfire_upgraded":11,"win_rate":0.0,"timestamp":1613179084,"path_taken":["R","M","M","$","?","R","T","?","M","E","?","M","R","$","M","BOSS","R","M","M","$","?","R","T","R","M","R","M","M","R","M","M","BOSS","R","M","$","?","?","R","T","E","M","R","?","M","$","?","M","BOSS","E","$","R","BOSS","BOSS"],"items_purchased_type":["Card","Relic","Card","Potion","Relic","Card","Relic"],"build_version":"2020-12-22","purchased_purges":4,"victory":false,"max_hp_per_floor":[80,80,80,80,80,80,80,80,80,80,80,80,80,80,80,80,80,80,80,80,80,80,80,80,80,80,80,80,80,80,80,80,80,80,80,80,80,80,80,90,90,90,90,90,90,90,90,90,90,90,90,90,90,90,90,90,90,90],"card_choices":[{"not_picked":["Guardian:Recover","Guardian:Reroute"],"picked":"Guardian:ShieldSpikes","floor":2.0},{"not_picked":["Guardian:ChargeCore","Guardian:Recover"],"picked":"Guardian:HyperBeam_Guardian","floor":3.0},{"not_picked":["Guardian:Gem_Cyan","Guardian:SentryBeam"],"picked":"Guardian:ChargeCore","floor":4.0},{"not_picked":["Guardian:PrimingBeam","Guardian:PrismaticBeam"],"picked":"Guardian:Gem_Red","floor":9.0},{"not_picked":["Guardian:Reroute","Guardian:Repulse"],"picked":"Guardian:EvasiveProtocol","floor":10.0},{"not_picked":["Guardian:FastForward","Guardian:PrismaticBeam"],"picked":"Guardian:DecasProtection","floor":12.0},{"not_picked":["Guardian:ShieldSpikes","Guardian:ShieldCharger"],"picked":"Guardian:Recover","floor":14.0},{"not_picked":["Guardian:VentSteam","Guardian:Recover"],"picked":"Guardian:Planning","floor":15.0},{"not_picked":["Guardian:SphericShield","Guardian:ConstructionForm"],"picked":"Guardian:TimeSifter","floor":16.0},{"not_picked":["Guardian:ChargeCore","Guardian:TemporalShield"],"picked":"Guardian:Repulse","floor":19.0},{"not_picked":["Guardian:Suspension","Guardian:TimeBomb","Guardian:PrimingBeam"],"picked":"SKIP","floor":20.0},{"not_picked":["Guardian:DecasProtection","Guardian:Gem_Red"],"picked":"Guardian:RollAttack","floor":21.0},{"not_picked":["Guardian:ChargeCore","Guardian:Suspension+1"],"picked":"Guardian:Harden","floor":26.0},{"not_picked":["Guardian:EvasiveProtocol","Guardian:RollAttack","Guardian:Planning"],"picked":"SKIP","floor":28.0},{"not_picked":["Guardian:Gem_Fragmented","Guardian:Gem_Red","Guardian:Incinerate+1"],"picked":"SKIP","floor":29.0},{"not_picked":["Guardian:Planning+1","Guardian:Gem_Red","Guardian:TemporalShield"],"picked":"SKIP","floor":31.0},{"not_picked":["Guardian:FastForward","Guardian:Incinerate","Guardian:PolyBeam"],"picked":"SKIP","floor":32.0},{"not_picked":["Guardian:TemporalStrike","Guardian:PrismaticBeam+1"],"picked":"Guardian:Suspension","floor":36.0},{"not_picked":["Guardian:WalkerClaw+1","Guardian:Gem_Cyan"],"picked":"Guardian:PiercingHide+1","floor":37.0},{"not_picked":["Guardian:TemporalShield+1","Guardian:Planning"],"picked":"Guardian:Incinerate+1","floor":38},{"not_picked":["Guardian:Harden+1","Guardian:Suspension","Guardian:Incinerate+1"],"picked":"SKIP","floor":42},{"not_picked":["Guardian:Gem_Green","Guardian:PrismaticBarrier+1"],"picked":"Guardian:BronzeOrb+1","floor":43},{"not_picked":["Guardian:BaubleBeam","Guardian:Planning"],"picked":"Guardian:ShieldCharger+1","floor":46},{"not_picked":["Guardian:ShieldSpikes","Guardian:PiercingHide"],"picked":"Guardian:Recover+1","floor":49},{"not_picked":["Guardian:Emergency","Guardian:Gem_Lightblue"],"picked":"Guardian:StasisField","floor":52}],"player_experience":1369085,"relics_obtained":[{"floor":7.0,"key":"Pen Nib"},{"floor":10.0,"key":"Orichalcum"},{"floor":24.0,"key":"Centennial Puzzle"},{"floor":38,"key":"WingedGreaves"},{"floor":41,"key":"Smiling Mask"},{"floor":42,"key":"Torii"},{"floor":42,"key":"Kunai"},{"floor":52,"key":"Anchor"},{"floor":52,"key":"Bronze Scales"}],"event_choices":[{"damage_healed":0.0,"max_hp_gain":0.0,"max_hp_loss":0.0,"gold_gain":0.0,"event_name":"The Library","player_choice":"Read","floor":22.0,"gold_loss":0.0,"damage_taken":0.0,"cards_obtained":["Guardian:Gem_Crimson"]},{"damage_healed":0,"gold_gain":0,"player_choice":"Fight","damage_taken":0,"max_hp_gain":0,"max_hp_loss":0,"event_name":"Mysterious Sphere","floor":38,"gold_loss":0},{"cards_removed":["Guardian:Strike_Guardian"],"damage_healed":0,"gold_gain":0,"player_choice":"Removed Attack","damage_taken":0,"max_hp_gain":0,"max_hp_loss":0,"event_name":"Falling","floor":48,"gold_loss":0}],"is_beta":false,"boss_relics":[{"not_picked":["Tiny House","Sozu"],"picked":"Guardian:ModeShifterPlus"},{"not_picked":["Runic Dome","Snecko Eye"],"picked":"Black Star"}],"items_purged_floors":[4,37,47,53],"is_endless":false,"potions_floor_spawned":[2,9,12,15,26,29,32,33,38,42,43],"killed_by":"downfall:NeowBossFinal","ascension_level":0}}