{"host":"8cqz7u612ax6p4mk","time":1613187241,"event":{"mods":["AchievementEnabler","BaseMod","Bestiary","DeckTracker","Minty Spire (QoL Compilation)","Relic Stats","The Servant 0.9.4"],"gold_per_floor":[119,294,244,319,333,333,365,385,466,316,332,47,80,90,90,185,185,202,218,233,246,263,263,288,304,327,327,327,356,456,473,473,578,578,593,605,619,669,723,756,508,528,555,555,555,572,39,51,51,51],"floor_reached":51,"language":"ENG","playtime":3475,"items_purged":["Injury","Strike_S","Defend_S"],"score":806,"play_id":"c9c25be0-3773-4507-803c-058f033bd778","local_time":"20210212223401","is_ascension_mode":false,"campfire_choices":[{"data":"Defy","floor":6,"key":"SMITH"},{"data":"LightFlow","floor":15,"key":"SMITH"},{"data":"Unruled","floor":23,"key":"SMITH"},{"data":"Revamp","floor":27,"key":"SMITH"},{"data":"DoubleEdge","floor":32,"key":"SMITH"},{"data":"MoonPhase","floor":45,"key":"SMITH"},{"data":"TimeWarp","floor":49,"key":"SMITH"}],"circlet_count":0,"master_deck":["Strike_S","Strike_S","Strike_S","Defend_S","Defend_S","Defend_S","KidneyShot","Exchange","BottledTime","Defy+1","LightFlow+1","TimeWarp+1","SpecialFormula","Unruled+1","Gouge","MurderousAura","Starlight","FlawlessForm","GearUp","Rewind","SpecialFormula+1","Revamp+1","Desolation","DoubleEdge+1","LightFlow","CurseOfTheBell","Alleviate+1","MoonPhase+1","ShiftingGears+1"],"relics":["Uniform","CaptainsWheel","MealTicket","Pear","Lantern","Eternal Feather","Runic Pyramid","Kunai","Strawberry","PocketWatch","Toxic Egg 2","Calling Bell","Vajra","InkBottle","Unceasing Top","Calipers","Torii","Bag of Marbles","Bronze Scales","CeramicFish","Orichalcum","TheAbacus"],"acts_visited":["Exordium","TheCity","TheBeyond"],"potions_floor_usage":[7,16,16,24,29,33,33,38,40,46,46,48,50,50,50,50],"damage_taken":[{"damage":1,"enemies":"Jaw Worm","floor":1,"turns":4},{"damage":2,"enemies":"2 Louse","floor":5,"turns":2},{"damage":25,"enemies":"Gremlin Nob","floor":7,"turns":6},{"damage":0,"enemies":"Cultist","floor":8,"turns":3},{"damage":11,"enemies":"Red Slaver","floor":11,"turns":4},{"damage":3,"enemies":"Lagavulin","floor":13,"turns":4},{"damage":3,"enemies":"2 Fungi Beasts","floor":14,"turns":3},{"damage":0,"enemies":"Slime Boss","floor":16,"turns":3},{"damage":11,"enemies":"2 Thieves","floor":18,"turns":4},{"damage":3,"enemies":"Shell Parasite","floor":19,"turns":2},{"damage":4,"enemies":"Centurion and Healer","floor":20,"turns":6},{"damage":4,"enemies":"Sentry and Sphere","floor":21,"turns":5},{"damage":10,"enemies":"Snake Plant","floor":22,"turns":4},{"damage":11,"enemies":"Slavers","floor":24,"turns":5},{"damage":28,"enemies":"3 Cultists","floor":25,"turns":7},{"damage":12,"enemies":"Book of Stabbing","floor":29,"turns":5},{"damage":1,"enemies":"Snecko","floor":31,"turns":3},{"damage":58,"enemies":"Automaton","floor":33,"turns":8},{"damage":0,"enemies":"3 Shapes","floor":35,"turns":3},{"damage":11,"enemies":"Orb Walker","floor":36,"turns":3},{"damage":19,"enemies":"Spire Growth","floor":37,"turns":5},{"damage":9,"enemies":"Mind Bloom Boss Battle","floor":38,"turns":5},{"damage":40,"enemies":"2 Orb Walkers","floor":39,"turns":5},{"damage":20,"enemies":"Nemesis","floor":40,"turns":5},{"damage":9,"enemies":"Sphere and 2 Shapes","floor":42,"turns":6},{"damage":15,"enemies":"Jaw Worm Horde","floor":46,"turns":4},{"damage":0,"enemies":"4 Shapes","floor":48,"turns":3},{"damage":17,"enemies":"Donu and Deca","floor":50,"turns":8}],"seed_played":"-690955109161637493","potions_obtained":[{"floor":5,"key":"AttackPotion"},{"floor":11,"key":"SteroidPotion"},{"floor":14,"key":"SteroidPotion"},{"floor":19,"key":"PowerPotion"},{"floor":22,"key":"LiquidMemories"},{"floor":24,"key":"SkillPotion"},{"floor":33,"key":"SkillPotion"},{"floor":35,"key":"ColorlessPotion"},{"floor":36,"key":"Swift Potion"},{"floor":39,"key":"Energy Potion"},{"floor":42,"key":"GamblersBrew"},{"floor":46,"key":"Fruit Juice"}],"is_trial":false,"path_per_floor":["M","?","?","?","M","R","E","M","T","$","M","$","E","M","R","B",null,"M","M","M","M","M","R","E","M","T","R","T","E","?","M","R","B",null,"M","M","M","?","?","E","$","M","T","?","R","M","$","M","R","B",null],"character_chosen":"THE_SERVANT","items_purchased":["SpecialFormula","Lantern","Gouge","Fire Potion","Bronze Scales","Orichalcum","TheAbacus","EntropicBrew"],"campfire_rested":0,"item_purchase_floors":[10,12,12,12,41,47,47,47],"current_hp_per_floor":[64,64,64,53,51,51,26,26,36,51,45,60,62,59,68,73,75,69,71,72,75,75,75,75,59,66,81,81,76,76,80,82,24,82,82,76,70,61,34,27,42,41,41,41,59,62,77,83,83,79],"gold":51,"neow_bonus":"ONE_RARE_RELIC","is_daily":false,"chose_seed":false,"campfire_upgraded":7,"win_rate":0.0,"timestamp":1613187241,"path_taken":["M","?","?","?","?","R","E","M","T","$","M","$","E","M","R","BOSS","M","M","M","M","M","R","E","?","T","R","?","E","?","M","R","BOSS","M","M","M","?","?","E","$","M","T","?","R","?","$","M","R","BOSS"],"items_purchased_type":["Card","Relic","Card","Potion","Relic","Relic","Relic","Potion"],"build_version":"2020-12-22","purchased_purges":3,"victory":true,"max_hp_per_floor":[65,65,65,65,65,65,65,65,75,75,75,75,75,75,75,75,75,75,75,75,75,75,75,75,75,82,82,82,82,82,82,82,82,82,82,82,82,82,82,82,82,82,82,78,78,83,83,83,83,83],"relic_stats":{"TheAbacus":[6],"Torii":16,"counters":[28,125],"Bronze Scales":[39],"CeramicFish":0,"MealTicket":60,"Eternal Feather":44,"Kunai":[16],"Orichalcum":[18],"obtain_stats":[{"Lantern":12,"Pear":9,"Calipers":38,"Torii":39,"CeramicFish":43,"Vajra":34,"Eternal Feather":13,"Uniform":0,"Orichalcum":47,"Calling Bell":34,"CaptainsWheel":0,"TheAbacus":47,"Strawberry":26,"Bronze Scales":41,"MealTicket":7,"PocketWatch":28,"Bag of Marbles":40,"Kunai":24,"Toxic Egg 2":29,"InkBottle":34,"Unceasing Top":34,"Runic Pyramid":17},{"Lantern":5,"Pear":4,"Calipers":22,"Torii":23,"CeramicFish":25,"Vajra":18,"Eternal Feather":6,"Uniform":0,"Orichalcum":26,"Calling Bell":18,"CaptainsWheel":0,"TheAbacus":26,"Strawberry":15,"Bronze Scales":24,"MealTicket":3,"PocketWatch":15,"Bag of Marbles":24,"Kunai":14,"Toxic Egg 2":16,"InkBottle":18,"Unceasing Top":18,"Runic Pyramid":8},{"Lantern":19,"Pear":15,"Calipers":94,"Torii":99,"CeramicFish":110,"Vajra":78,"Eternal Feather":23,"Uniform":0,"Orichalcum":114,"Calling Bell":78,"CaptainsWheel":0,"TheAbacus":114,"Strawberry":62,"Bronze Scales":104,"MealTicket":12,"PocketWatch":62,"Bag of Marbles":104,"Kunai":55,"Toxic Egg 2":67,"InkBottle":78,"Unceasing Top":78,"Runic Pyramid":29}],"InkBottle":[16],"Unceasing Top":[4]},"card_choices":[{"not_picked":["StarChef","Desolation"],"picked":"BottledTime","floor":1},{"not_picked":["BottledTime","Unruled"],"picked":"Defy","floor":5},{"not_picked":["Rearm","SurpressingFire"],"picked":"LightFlow","floor":7},{"not_picked":["FanOfKnives","Ricochet"],"picked":"TimeWarp","floor":8},{"not_picked":["StarChef","Potential"],"picked":"Unruled","floor":11},{"not_picked":["FastForward","ShiftingGears"],"picked":"MurderousAura","floor":13},{"not_picked":["TimeWarp","Revamp"],"picked":"Starlight","floor":14},{"not_picked":["KillingDoll","PendulumOfEternity"],"picked":"FlawlessForm","floor":16},{"not_picked":["Rearm","Defy"],"picked":"GearUp","floor":18},{"not_picked":["Ricochet","Contraction"],"picked":"Rewind","floor":19},{"not_picked":["Ricochet","FanOfKnives"],"picked":"SpecialFormula+1","floor":20},{"not_picked":["SilverBlades","Deny","Luminosity"],"picked":"SKIP","floor":21},{"not_picked":["Shuttle","Starlight","Replace+1"],"picked":"SKIP","floor":22},{"not_picked":["Luminosity","Collapse"],"picked":"Revamp","floor":24},{"not_picked":["Moondial+1","Defy"],"picked":"Desolation","floor":25},{"not_picked":["Dilation+1","FanOfKnives"],"picked":"DoubleEdge","floor":29},{"not_picked":["Potential","Rearm+1","Defy+1"],"picked":"SKIP","floor":31},{"not_picked":["Solidify+1","PendulumOfEternity"],"picked":"LightFlow","floor":33},{"not_picked":["Replace+1","Unruled"],"picked":"Alleviate+1","floor":35},{"not_picked":["Alleviate+1","Replace+1"],"picked":"MoonPhase","floor":36},{"not_picked":["MurderousAura","Reset+1","Unruled"],"picked":"SKIP","floor":37},{"not_picked":["Unruled","StarChef"],"picked":"ShiftingGears+1","floor":40},{"not_picked":["Defy+1","Desolation","Shuttle+1"],"picked":"SKIP","floor":42},{"not_picked":["Comet+1","ShatteredReality+1","Revamp+1"],"picked":"SKIP","floor":46},{"not_picked":["Defy+1","Moonlight","TimeWarp"],"picked":"SKIP","floor":48}],"player_experience":170677,"relics_obtained":[{"floor":7,"key":"MealTicket"},{"floor":9,"key":"Pear"},{"floor":13,"key":"Eternal Feather"},{"floor":24,"key":"Kunai"},{"floor":26,"key":"Strawberry"},{"floor":28,"key":"PocketWatch"},{"floor":29,"key":"Toxic Egg 2"},{"floor":34,"key":"Vajra"},{"floor":34,"key":"InkBottle"},{"floor":34,"key":"Unceasing Top"},{"floor":38,"key":"Calipers"},{"floor":39,"key":"Torii"},{"floor":40,"key":"Bag of Marbles"},{"floor":43,"key":"CeramicFish"}],"event_choices":[{"damage_healed":0,"gold_gain":175,"player_choice":"AGREE","damage_taken":0,"max_hp_gain":0,"max_hp_loss":0,"event_name":"Liars Game","floor":2,"gold_loss":0,"cards_obtained":["Doubt"]},{"cards_removed":["Doubt"],"damage_healed":0,"gold_gain":0,"player_choice":"Card Removal","damage_taken":0,"max_hp_gain":0,"max_hp_loss":0,"event_name":"The Cleric","floor":3,"gold_loss":50},{"damage_healed":0,"gold_gain":75,"player_choice":"Gather Gold","damage_taken":11,"max_hp_gain":0,"max_hp_loss":0,"event_name":"World of Goop","floor":4,"gold_loss":0},{"damage_healed":0,"gold_gain":100,"player_choice":"Pray","damage_taken":0,"max_hp_gain":0,"max_hp_loss":0,"event_name":"Golden Shrine","floor":30,"gold_loss":0},{"damage_healed":0,"gold_gain":0,"player_choice":"Fight","damage_taken":0,"max_hp_gain":0,"max_hp_loss":0,"event_name":"MindBloom","floor":38,"gold_loss":0},{"damage_healed":0,"gold_gain":0,"player_choice":"Fight","damage_taken":0,"max_hp_gain":0,"max_hp_loss":0,"event_name":"Mysterious Sphere","floor":39,"gold_loss":0},{"damage_healed":0,"gold_gain":0,"player_choice":"Max HP","damage_taken":0,"max_hp_gain":0,"max_hp_loss":4,"event_name":"Winding Halls","floor":44,"gold_loss":0}],"is_beta":false,"boss_relics":[{"not_picked":["SacredBark","Cursed Key"],"picked":"Runic Pyramid"},{"not_picked":["Black Star","Snecko Eye"],"picked":"Calling Bell"}],"items_purged_floors":[10,41,47],"is_endless":false,"potions_floor_spawned":[5,11,14,19,22,24,25,33,35,36,39,42,46],"ascension_level":0}}