{"host":"ao8ok4k25npyixk7","time":1613226876,"event":{"mods":["BaseMod","Colored Map","Minty Spire (QoL Compilation)"],"gold_per_floor":[117,117,127,107,32,62,62,77,146,146,160,170,196,36,36,114,114,128,145,145,145,160,160,193,193,248,258,278,278,304,204,204,204,204],"floor_reached":33,"language":"ENG","playtime":1259,"items_purged":["Strike_G","Strike_G"],"score":640,"play_id":"871c53e9-4299-4101-bdc0-11b9a51af919","local_time":"20210213153436","is_ascension_mode":true,"campfire_choices":[{"data":"Dash","floor":7,"key":"SMITH"},{"data":"Dagger Throw","floor":10,"key":"SMITH"},{"data":"Phantasmal Killer","floor":15,"key":"SMITH"},{"data":"Leg Sweep","floor":23,"key":"SMITH"},{"data":"Die Die Die","floor":25,"key":"SMITH"},{"floor":29,"key":"REST"},{"data":"Tactician","floor":32,"key":"SMITH"}],"circlet_count":0,"master_deck":["AscendersBane","Strike_G","Strike_G","Defend_G","Defend_G","Defend_G","Defend_G","Defend_G","Survivor","Neutralize","Dash+1","Dagger Throw+1","Endless Agony","Leg Sweep+1","Underhanded Strike","Phantasmal Killer+1","Die Die Die+1","Tactician+1","Backstab","Acrobatics","Cloak And Dagger+1","Calculated Gamble","Slice","Underhanded Strike+1","Acrobatics"],"relics":["Ring of the Snake","NeowsBlessing","PreservedInsect","Gremlin Horn","Blood Vial","Bag of Marbles","Philosopher\u0027s Stone","GremlinMask","Omamori","Pen Nib","Bottled Flame"],"acts_visited":["Exordium","TheCity"],"potions_floor_usage":[16,28,33,33],"damage_taken":[{"damage":0,"enemies":"Small Slimes","floor":1,"turns":1},{"damage":0,"enemies":"Cultist","floor":3,"turns":1},{"damage":0,"enemies":"Lagavulin","floor":6,"turns":1},{"damage":0,"enemies":"Jaw Worm","floor":8,"turns":3},{"damage":0,"enemies":"Lots of Slimes","floor":11,"turns":3},{"damage":0,"enemies":"3 Louse","floor":12,"turns":4},{"damage":6,"enemies":"Gremlin Nob","floor":13,"turns":3},{"damage":21,"enemies":"Hexaghost","floor":16,"turns":9},{"damage":0,"enemies":"Spheric Guardian","floor":18,"turns":3},{"damage":13,"enemies":"Shell Parasite","floor":19,"turns":6},{"damage":21,"enemies":"Snake Plant","floor":22,"turns":4},{"damage":11,"enemies":"Book of Stabbing","floor":24,"turns":5},{"damage":1,"enemies":"Snecko","floor":27,"turns":5},{"damage":0,"enemies":"Chosen and Byrds","floor":28,"turns":7},{"damage":3,"enemies":"Gremlin Leader","floor":30,"turns":3},{"damage":60,"enemies":"Automaton","floor":33,"turns":10}],"seed_played":"-2531207003685756828","potions_obtained":[{"floor":1,"key":"Energy Potion"},{"floor":4,"key":"GhostInAJar"},{"floor":13,"key":"FearPotion"},{"floor":18,"key":"Fire Potion"},{"floor":28,"key":"Swift Potion"}],"is_trial":false,"path_per_floor":["M","?","M","?","$","E","R","M","T","R","M","M","E","$","R","B",null,"M","M","?","?","M","R","E","R","T","M","M","R","E","$","R","B"],"character_chosen":"THE_SILENT","items_purchased":["Bag of Marbles"],"campfire_rested":1,"item_purchase_floors":[14],"current_hp_per_floor":[59,59,59,59,59,59,59,59,59,59,59,59,53,53,53,34,58,60,49,49,49,30,30,21,21,21,22,24,43,42,42,42,0,0],"gold":204,"neow_bonus":"THREE_ENEMY_KILL","is_daily":false,"chose_seed":false,"campfire_upgraded":6,"win_rate":0.0,"timestamp":1613226876,"path_taken":["M","?","M","?","$","E","R","?","T","R","M","?","E","$","R","BOSS","M","M","?","?","M","R","E","R","T","?","M","R","E","$","R","BOSS"],"items_purchased_type":["Relic"],"build_version":"2020-12-22","purchased_purges":2,"victory":false,"max_hp_per_floor":[66,66,66,66,66,66,66,66,66,66,66,66,66,66,66,66,66,66,66,66,66,66,66,66,66,66,66,66,66,66,66,66,66,66],"card_choices":[{"not_picked":["Sucker Punch","Cloak And Dagger"],"picked":"Dash","floor":1},{"not_picked":["Underhanded Strike","Bane"],"picked":"Dagger Throw","floor":3},{"not_picked":["Deflect","Burst"],"picked":"Endless Agony","floor":6},{"not_picked":["Accuracy","Footwork"],"picked":"Leg Sweep","floor":8},{"not_picked":["Underhanded Strike","Bane","Flechettes"],"picked":"SKIP","floor":11},{"not_picked":["Prepared","Bane"],"picked":"Underhanded Strike","floor":12},{"not_picked":["Doppelganger","Underhanded Strike"],"picked":"Phantasmal Killer","floor":13},{"not_picked":["Phantasmal Killer","Adrenaline"],"picked":"Die Die Die","floor":16},{"not_picked":["Deadly Poison","Flechettes"],"picked":"Tactician","floor":18},{"not_picked":["Leg Sweep","Masterful Stab"],"picked":"Backstab","floor":19},{"not_picked":["Dagger Throw","Flying Knee"],"picked":"Cloak And Dagger+1","floor":22},{"not_picked":["Reflex","Blade Dance"],"picked":"Calculated Gamble","floor":24},{"not_picked":["Cloak And Dagger","Crippling Poison"],"picked":"Slice","floor":27},{"not_picked":["Backflip","Flying Knee"],"picked":"Underhanded Strike+1","floor":28},{"not_picked":["Dodge and Roll","Flying Knee"],"picked":"Acrobatics","floor":30}],"player_experience":270816,"relics_obtained":[{"floor":6,"key":"PreservedInsect"},{"floor":9,"key":"Gremlin Horn"},{"floor":13,"key":"Blood Vial"},{"floor":24,"key":"Omamori"},{"floor":26,"key":"Pen Nib"},{"floor":30,"key":"Bottled Flame"}],"event_choices":[{"cards_removed":["Strike_G"],"damage_healed":0,"gold_gain":0,"player_choice":"Forget","damage_taken":0,"max_hp_gain":0,"max_hp_loss":0,"event_name":"Living Wall","floor":2,"gold_loss":0},{"damage_healed":0,"gold_gain":0,"player_choice":"Bought 1 Potion","damage_taken":0,"max_hp_gain":0,"max_hp_loss":0,"event_name":"The Woman in Blue","floor":4,"gold_loss":0},{"damage_healed":0,"gold_gain":0,"player_choice":"Read","damage_taken":0,"max_hp_gain":0,"max_hp_loss":0,"event_name":"The Library","floor":20,"gold_loss":0,"cards_obtained":["Acrobatics"]},{"damage_healed":0,"gold_gain":0,"player_choice":"Trade","damage_taken":0,"relics_obtained":["GremlinMask"],"max_hp_gain":0,"max_hp_loss":0,"event_name":"FaceTrader","floor":21,"gold_loss":0}],"is_beta":false,"boss_relics":[{"not_picked":["Ring of the Serpent","Pandora\u0027s Box"],"picked":"Philosopher\u0027s Stone"}],"items_purged_floors":[5,31],"is_endless":false,"potions_floor_spawned":[1,6,8,13,18,19,27,28,30],"killed_by":"Automaton","ascension_level":20}}