{"host":"cfcn10u57yqishn5","time":1613228698,"event":{"mods":["2.2 Compatiblity","BaseMod","Better Third Choice","Block Reminder","Curses Come First","GifTheSpireLib","Minty Spire (QoL Compilation)","Reliquary","Spicy Shops","StSLib","The Animator","The Blue Laboratory","The Cursed","The Judge","The Necromancer"],"gold_per_floor":[116,116,130,25,25,25,25,60,139,139,163,63,63,91,91,214,214,239,239,239,255,255,255,268,346,415,415,176,216,216,229,229,357,357,371,109,123,179,179,179,193,207,207,219,231,279,305,341,353,365,377,389,53,96,96,96],"floor_reached":55,"language":"ENG","playtime":5876,"items_purged":[],"score":836,"play_id":"7bb69cd3-34a6-48bc-a5e7-349448e57fab","local_time":"20210213100458","is_ascension_mode":false,"campfire_choices":[{"data":"Scare","floor":6.0,"key":"SMITH"},{"data":"Spectral_Armor","floor":10.0,"key":"SMITH"},{"data":"Blood_Curse","floor":15.0,"key":"SMITH"},{"data":"Summon_Vampire_Lady","floor":23.0,"key":"SMITH"},{"floor":27.0,"key":"RECALL"},{"data":"Bone_Armor","floor":30.0,"key":"SMITH"},{"data":"Thousand_Bone_Knives","floor":32.0,"key":"SMITH"},{"data":"Summon_Death_Knight","floor":40.0,"key":"SMITH"},{"data":"Blood_Shield","floor":44.0,"key":"SMITH"},{"data":"Bone_Bullets","floor":49.0,"key":"SMITH"},{"data":"Bone_Wall","floor":52.0,"key":"SMITH"}],"circlet_count":0,"master_deck":["Strike_W","Strike_W","Strike_W","Defend_W","Defend_W","Defend_W","Defend_W","Bone_Wall+1","Scare+1","Spectral_Armor+1","Bone_Armor+1","Bone_Bullets+1","Thousand_Bone_Knives+1","Blood_Curse+1","Summon_Vampire_Lady+1","Blood_Whip","Bone_Spikes+1","Negative_Energy_Shield","Summon_Death_Knight+1","Bone_Armory+1","Blood_Shield+1","Negative_Energy_Shield","Whirlwind_of_Bones+1"],"relics":["Vampire_Amulet","NeowsBlessing","Golden Idol","Turnip","The Courier","Lee\u0027s Waffle","Odd Mushroom","Velvet Choker","MealTicket","Ornamental Fan","Singing Bowl","Dead Branch","HandDrill","Matryoshka","Coffee Dripper","Pantograph","Orrery","Mango","reliquary:NewFriend","Centennial Puzzle","MawBank","Bird Faced Urn","Chemical X","Ice Cream","reliquary:IridiumChain"],"acts_visited":["Exordium","TheCity","TheBeyond","TheEnding"],"potions_floor_usage":[],"damage_taken":[{"damage":0.0,"enemies":"Small Slimes","floor":1.0,"turns":2.0},{"damage":0.0,"enemies":"Cultist","floor":3.0,"turns":1.0},{"damage":0.0,"enemies":"Gremlin Nob","floor":8.0,"turns":1.0},{"damage":0.0,"enemies":"2 Louse","floor":11.0,"turns":3.0},{"damage":1.0,"enemies":"The Mushroom Lair","floor":14.0,"turns":5.0},{"damage":27.0,"enemies":"The Guardian","floor":16.0,"turns":11.0},{"damage":11.0,"enemies":"3 Byrds","floor":18.0,"turns":7.0},{"damage":18.0,"enemies":"2 Thieves","floor":21.0,"turns":5.0},{"damage":4.0,"enemies":"Shelled Parasite and Fungi","floor":24.0,"turns":5.0},{"damage":16.0,"enemies":"Slavers","floor":29.0,"turns":7.0},{"damage":23.0,"enemies":"Snake Plant","floor":31.0,"turns":5.0},{"damage":65.0,"enemies":"Champ","floor":33.0,"turns":13.0},{"damage":0.0,"enemies":"Orb Walker","floor":35.0,"turns":3.0},{"damage":21.0,"enemies":"3 Darklings","floor":37.0,"turns":8.0},{"damage":76.0,"enemies":"2 Orb Walkers","floor":38.0,"turns":8.0},{"damage":22.0,"enemies":"4 Shapes","floor":41.0,"turns":10.0},{"damage":2.0,"enemies":"Spire Growth","floor":42.0,"turns":6.0},{"damage":36.0,"enemies":"Reptomancer","floor":46.0,"turns":7.0},{"damage":1.0,"enemies":"Writhing Mass","floor":47.0,"turns":7.0},{"damage":2.0,"enemies":"Maw","floor":48.0,"turns":8.0},{"damage":19.0,"enemies":"Time Eater","floor":50.0,"turns":14.0},{"damage":113.0,"enemies":"Shield and Spear","floor":54.0,"turns":13.0},{"damage":0,"enemies":"The Heart","floor":55,"turns":1}],"seed_played":"5639222678513114006","potions_obtained":[{"floor":8.0,"key":"PowerPotion"},{"floor":29.0,"key":"blueLaboratory:Moonshine"},{"floor":31.0,"key":"Ancient Potion"},{"floor":35.0,"key":"DuplicationPotion"},{"floor":41.0,"key":"blueLaboratory:BottledHope"},{"floor":42.0,"key":"Explosive Potion"},{"floor":48.0,"key":"Fruit Juice"}],"is_trial":false,"path_per_floor":["M","?","M","$","?","R","?","E","T","R","M","$","$","?","R","B",null,"M","?","T","M","?","R","M","T","T","R","$","E","R","M","R","B",null,"M","$","M","?","?","R","M","M","T","R","?","E","M","M","R","B",null,"R","$","E","B"],"character_chosen":"NECROMANCER","items_purchased":["Spectral_Armor","Lee\u0027s Waffle","Thousand_Bone_Knives","Dead Branch","HandDrill","Pantograph","Orrery","Chemical X","Ice Cream"],"campfire_rested":0,"item_purchase_floors":[4,12,12,28,28,36,36,53,53],"current_hp_per_floor":[75,75,75,75,57,57,57,59,59,59,63,82,82,82,82,57,82,82,82,82,77,77,77,80,80,80,80,82,84,84,69,69,39,84,86,92,87,41,41,41,56,68,68,68,68,66,90,121,121,121,121,121,121,57,82,82],"gold":96,"neow_bonus":"THREE_ENEMY_KILL","is_daily":false,"chose_seed":false,"campfire_upgraded":10,"win_rate":0.0,"timestamp":1613228698,"path_taken":["M","?","M","?","?","R","?","E","T","R","M","?","$","?","R","BOSS","M","?","?","M","?","R","M","?","T","R","$","E","R","?","R","BOSS","M","$","M","?","?","R","M","?","T","R","?","E","?","M","R","BOSS","R","$","E","BOSS"],"items_purchased_type":["Card","Relic","Card","Relic","Relic","Relic","Relic","Relic","Relic"],"build_version":"2020-12-22","purchased_purges":0,"victory":false,"max_hp_per_floor":[75,75,75,75,75,75,75,75,75,75,75,82,82,82,82,82,82,82,82,82,82,82,82,82,82,82,82,82,84,84,84,84,84,84,86,92,94,108,108,108,110,110,110,110,110,112,114,121,121,121,121,121,121,123,123,123],"card_choices":[{"not_picked":["Blood_Curse","Siphon_Strength"],"picked":"Scare","floor":1.0},{"not_picked":["Whirlwind_of_Bones","Negative_Energy_Sphere","Violent_Necrosis"],"picked":"SKIP","floor":3.0},{"not_picked":["Bones_to_Steel","Violent_Necrosis"],"picked":"Bone_Armor","floor":8.0},{"not_picked":["Shackles_Of_Pain","Chill_Blood"],"picked":"Bone_Bullets","floor":11.0},{"not_picked":["Negative_Energy_Mist","Blood_for_Blood"],"picked":"Blood_Curse","floor":14.0},{"not_picked":["Negative_Energy_Bomb","Hellfire"],"picked":"Summon_Vampire_Lady","floor":16.0},{"not_picked":["Shackles_Of_Pain","Plague_Bolt+1"],"picked":"Blood_Whip","floor":18.0},{"not_picked":["Shackles_Of_Pain","Toxic_Smoke_Screen"],"picked":"Bone_Spikes+1","floor":21.0},{"not_picked":["Finger_Of_Death","Scare+1","Negative_Energy_Mist"],"picked":"SKIP","floor":24.0},{"not_picked":["Blood_Magic","Bones_to_Steel+1","Toxic_Smoke_Screen"],"picked":"Singing Bowl","floor":29.0},{"not_picked":["Life_Drain+1","Blood_Whip"],"picked":"Negative_Energy_Shield","floor":31.0},{"not_picked":["Negative_Energy_Bomb","Detonate_Bones"],"picked":"Summon_Death_Knight","floor":33.0},{"not_picked":["Finger_Of_Death+1","Blood_Is_Power","Scare"],"picked":"Singing Bowl","floor":35.0},{"not_picked":["Negative_Energy_Mist","Blood_Curse"],"picked":"Bone_Armory+1","floor":36.0},{"not_picked":["Grasp_Heart","Blood_Curse+1"],"picked":"Blood_Shield","floor":36.0},{"not_picked":["Blood_Is_Power","Vampiric_Strike","Chill_Blood+1"],"picked":"Singing Bowl","floor":36.0},{"not_picked":["Chill_Blood+1","Shackles_Of_Pain+1","Consume_Illness+1"],"picked":"Singing Bowl","floor":36.0},{"not_picked":["Blood_Whip+1","Toxic_Smoke_Screen+1","Blood_Curse"],"picked":"Singing Bowl","floor":36.0},{"not_picked":["Negative_Energy_Sphere+1","Bone_Prison+1","Negative_Energy_Shield+1"],"picked":"Singing Bowl","floor":37.0},{"not_picked":["Blood_Shield+1","Negative_Energy_Bomb"],"picked":"Negative_Energy_Shield","floor":38.0},{"not_picked":["Consume_Illness+1","Flesh_Made_Foul+1","Shade_Step"],"picked":"Singing Bowl","floor":41.0},{"not_picked":["Thousand_Bone_Knives+1","Blood_Curse+1"],"picked":"Whirlwind_of_Bones+1","floor":42.0},{"not_picked":["Life_Drain+1","Bone_Shift+1","Blood_Shield+1"],"picked":"Singing Bowl","floor":46.0},{"not_picked":["Life_Tap+1","Bone_Armor+1","Spectral_Walk+1"],"picked":"Singing Bowl","floor":47.0},{"not_picked":["Scare+1","Blood_Shield","Blood_Curse"],"picked":"Singing Bowl","floor":48.0},{"not_picked":["Chill_Blood+1","Negative_Energy_Javelin","Necrotic_Claws+1"],"picked":"Singing Bowl","floor":54.0}],"player_experience":245608,"relics_obtained":[{"floor":8.0,"key":"Turnip"},{"floor":9.0,"key":"The Courier"},{"floor":14.0,"key":"Odd Mushroom"},{"floor":20.0,"key":"Ornamental Fan"},{"floor":25.0,"key":"Singing Bowl"},{"floor":29.0,"key":"Matryoshka"},{"floor":38.0,"key":"Mango"},{"floor":39.0,"key":"reliquary:NewFriend"},{"floor":43.0,"key":"Centennial Puzzle"},{"floor":43.0,"key":"MawBank"},{"floor":46.0,"key":"Bird Faced Urn"},{"floor":54.0,"key":"reliquary:IridiumChain"}],"event_choices":[{"cards_removed":["Negative_Energy_Arrows"],"damage_healed":0.0,"max_hp_gain":0.0,"max_hp_loss":0.0,"gold_gain":0.0,"event_name":"Purifier","player_choice":"Purged","floor":2.0,"gold_loss":0.0,"damage_taken":0.0},{"damage_healed":0.0,"max_hp_gain":0.0,"max_hp_loss":0.0,"gold_gain":0.0,"event_name":"Golden Idol","player_choice":"Take Damage","floor":5.0,"gold_loss":0.0,"damage_taken":18.0,"relics_obtained":["Golden Idol"]},{"damage_healed":0.0,"max_hp_gain":0.0,"max_hp_loss":0.0,"gold_gain":0.0,"event_name":"Golden Wing","player_choice":"Ignored","floor":7.0,"gold_loss":0.0,"damage_taken":0.0},{"damage_healed":0.0,"max_hp_gain":0.0,"max_hp_loss":0.0,"gold_gain":0.0,"event_name":"Mushrooms","player_choice":"Fought Mushrooms","floor":14.0,"gold_loss":0.0,"damage_taken":0.0},{"damage_healed":0.0,"max_hp_gain":0.0,"max_hp_loss":0.0,"gold_gain":0.0,"event_name":"The Mausoleum","player_choice":"Opened","floor":19.0,"gold_loss":0.0,"damage_taken":0.0,"relics_obtained":["MealTicket"]},{"damage_healed":0.0,"max_hp_gain":0.0,"max_hp_loss":0.0,"gold_gain":0.0,"event_name":"Cursed Tome","player_choice":"Ignored","floor":22.0,"gold_loss":0.0,"damage_taken":0.0},{"damage_healed":0.0,"max_hp_gain":0.0,"max_hp_loss":0.0,"gold_gain":0.0,"event_name":"Mysterious Sphere","player_choice":"Fight","floor":38.0,"gold_loss":0.0,"damage_taken":0.0},{"damage_healed":0.0,"max_hp_gain":0.0,"max_hp_loss":0.0,"gold_gain":0.0,"event_name":"Wheel of Change","player_choice":"Relic","floor":39.0,"gold_loss":0.0,"damage_taken":0.0},{"cards_removed":["Strike_W"],"damage_healed":0.0,"max_hp_gain":0.0,"max_hp_loss":0.0,"gold_gain":0.0,"event_name":"Purifier","player_choice":"Purged","floor":45.0,"gold_loss":0.0,"damage_taken":0.0}],"is_beta":false,"boss_relics":[{"not_picked":["Philosopher\u0027s Stone","Runic Pyramid"],"picked":"Velvet Choker"},{"not_picked":["Snecko Eye","Black Star"],"picked":"Coffee Dripper"}],"items_purged_floors":[],"is_endless":false,"potions_floor_spawned":[8,11,29,31,35,41,42,48,54],"killed_by":"The Heart","ascension_level":0}}