{"host":"a3wpq7kyokchzawk","time":1613182541,"event":{"mods":["BaseMod","Colored Map","Highlight Path","Minty Spire (QoL Compilation)","Permanent Neow","Potion Indicator Mod","Relic Stats","Weighted Paths"],"gold_per_floor":[99,99,99,99,99,99,99,99,99,99,99],"floor_reached":10,"language":"ENG","playtime":966,"items_purged":[],"score":137,"play_id":"0e773a3b-7273-4b2a-a945-2d63f429d93d","local_time":"20210213001541","is_ascension_mode":true,"campfire_choices":[{"data":"Darkness","floor":6,"key":"SMITH"}],"circlet_count":0,"master_deck":["AscendersBane","Strike_B","Strike_B","Strike_B","Strike_B","Defend_B","Defend_B","Defend_B","Defend_B","Zap","Dualcast","Reinforced Body","Self Repair","Darkness+1","Coolheaded","Streamline","Loop"],"relics":["Ectoplasm","Turnip","Potion Belt","Strawberry"],"acts_visited":["Exordium"],"potions_floor_usage":[8],"damage_taken":[{"damage":1,"enemies":"Cultist","floor":1,"turns":4},{"damage":7,"enemies":"Small Slimes","floor":3,"turns":4},{"damage":5,"enemies":"2 Louse","floor":4,"turns":4},{"damage":12,"enemies":"2 Fungi Beasts","floor":5,"turns":5},{"damage":10,"enemies":"Lagavulin","floor":7,"turns":9},{"damage":16,"enemies":"Gremlin Gang","floor":8,"turns":5},{"damage":64,"enemies":"Gremlin Nob","floor":10,"turns":4}],"seed_played":"-283320077787207235","potions_obtained":[{"floor":5,"key":"PotionOfCapacity"},{"floor":7,"key":"Fire Potion"}],"is_trial":false,"path_per_floor":["M","T","M","M","M","R","E","M","T","E"],"character_chosen":"DEFECT","items_purchased":[],"campfire_rested":0,"item_purchase_floors":[],"current_hp_per_floor":[63,63,56,58,53,53,50,41,48,0,0],"gold":99,"neow_bonus":"BOSS_RELIC","is_daily":false,"chose_seed":false,"campfire_upgraded":1,"win_rate":0.0,"timestamp":1613182541,"path_taken":["M","?","M","M","M","R","E","M","T","E"],"items_purchased_type":[],"build_version":"2020-12-22","purchased_purges":0,"victory":false,"max_hp_per_floor":[71,71,71,71,71,71,71,71,78,78,78],"relic_stats":{"counters":[7,35],"Ectoplasm":96,"Turnip":[3],"obtain_stats":[{"Potion Belt":7,"Strawberry":9,"Ectoplasm":0,"Turnip":2,"Cracked Core":0},{"Potion Belt":5,"Strawberry":6,"Ectoplasm":0,"Turnip":1,"Cracked Core":0},{"Potion Belt":26,"Strawberry":31,"Ectoplasm":0,"Turnip":4,"Cracked Core":0}]},"card_choices":[{"not_picked":["Turbo","Go for the Eyes"],"picked":"Reinforced Body","floor":1},{"not_picked":["Leap","Rebound"],"picked":"Self Repair","floor":3},{"not_picked":["Leap","Fission"],"picked":"Darkness","floor":4},{"not_picked":["Conserve Battery","Storm"],"picked":"Coolheaded","floor":5},{"not_picked":["Leap","Go for the Eyes"],"picked":"Streamline","floor":7},{"not_picked":["Recycle","Sweeping Beam"],"picked":"Loop","floor":8}],"player_experience":2702136,"relics_obtained":[{"floor":2,"key":"Turnip"},{"floor":7,"key":"Potion Belt"},{"floor":9,"key":"Strawberry"}],"event_choices":[],"is_beta":false,"boss_relics":[],"items_purged_floors":[],"is_endless":false,"potions_floor_spawned":[5,7],"killed_by":"Gremlin Nob","ascension_level":19}}