{"host":"4t0z2wyk4ymtbfy7","time":1613217631,"event":{"mods":["AchievementEnabler","BaseMod","Colored Map","Colored Powertips","DeckTracker","Keyboard Shortcuts","Marisa£¨Ùöéë¡¡Øª×âÞÞ£©","Minty Spire (QoL Compilation)","SuperFastMode","Td1madao Mod"],"gold_per_floor":[115,115,190,190,204,235,258,11,86,121,121,144,167,87,87,213,213,237,237,261,208,283,283,283],"floor_reached":23,"language":"KOR","playtime":538,"items_purged":[],"score":314,"play_id":"5a712bfe-6f36-4638-aa01-4f8f55446b1b","local_time":"20210213210031","is_ascension_mode":true,"campfire_choices":[{"floor":11,"key":"REST"},{"floor":15,"key":"REST"}],"circlet_count":0,"master_deck":["Strike_G","Strike_G","Strike_G","Strike_G","Strike_G","Defend_G","Defend_G","Defend_G","Defend_G","Defend_G","Survivor","Neutralize","Poisoned Stab","Bane","Bane","Noxious Fumes","Deflect+1","Leg Sweep+1","Flying Knee+1","Dodge and Roll+1","Outmaneuver+1","Slice+1","Deadly Poison+1","Die Die Die+1","PiercingWail+1","Outmaneuver+1","Poisoned Stab+1"],"relics":["Ring of the Snake","NeowsBlessing","Golden Idol","Dream Catcher","Toxic Egg 2","Molten Egg 2","Incense Burner","Philosopher\u0027s Stone"],"acts_visited":["Exordium","TheCity"],"potions_floor_usage":[10,16,16],"damage_taken":[{"damage":0,"enemies":"2 Louse","floor":1,"turns":1},{"damage":0,"enemies":"Small Slimes","floor":5,"turns":1},{"damage":0,"enemies":"Gremlin Nob","floor":6,"turns":1},{"damage":0,"enemies":"Cultist","floor":7,"turns":2},{"damage":34,"enemies":"3 Sentries","floor":10,"turns":7},{"damage":0,"enemies":"Looter","floor":12,"turns":4},{"damage":3,"enemies":"Blue Slaver","floor":13,"turns":4},{"damage":37,"enemies":"Slime Boss","floor":16,"turns":9},{"damage":2,"enemies":"Chosen","floor":18,"turns":4},{"damage":9,"enemies":"Spheric Guardian","floor":20,"turns":5},{"damage":38,"enemies":"Slavers","floor":23,"turns":5}],"seed_played":"8478287410721645193","potions_obtained":[{"floor":6,"key":"Ancient Potion"},{"floor":7,"key":"Explosive Potion"},{"floor":10,"key":"FearPotion"},{"floor":13,"key":"SpeedPotion"},{"floor":18,"key":"FearPotion"},{"floor":20,"key":"EntropicBrew"}],"is_trial":false,"path_per_floor":["M","?","?","?","M","E","M","$","T","E","R","M","M","$","R","B",null,"M","?","M","$","?","E"],"character_chosen":"THE_SILENT","items_purchased":["Toxic Egg 2","Outmaneuver+1","Slice+1","Poisoned Stab+1"],"campfire_rested":2,"item_purchase_floors":[8,14,14,21],"current_hp_per_floor":[63,63,52,35,35,35,35,35,35,1,22,22,19,19,40,3,53,51,51,42,42,35,0,0],"gold":283,"neow_bonus":"THREE_ENEMY_KILL","is_daily":false,"chose_seed":false,"campfire_upgraded":0,"win_rate":0.0,"timestamp":1613217631,"path_taken":["M","?","?","?","M","E","M","$","T","E","R","M","M","$","R","BOSS","M","?","M","$","?","E"],"items_purchased_type":["Relic","Card","Card","Card"],"build_version":"2020-12-22","purchased_purges":0,"victory":false,"max_hp_per_floor":[70,70,70,70,70,70,70,70,70,70,70,70,70,70,70,70,70,70,70,70,70,70,70,70],"card_choices":[{"not_picked":["Caltrops","Underhanded Strike"],"picked":"Poisoned Stab","floor":1},{"not_picked":["Prepared","Footwork"],"picked":"Bane","floor":5},{"not_picked":["Dagger Spray","Terror"],"picked":"Bane","floor":6},{"not_picked":["Acrobatics","Backflip"],"picked":"Noxious Fumes","floor":7},{"not_picked":["Acrobatics+1","A Thousand Cuts"],"picked":"Deflect+1","floor":10},{"not_picked":["Flying Knee+1","Dagger Spray+1"],"picked":"Leg Sweep+1","floor":11},{"not_picked":["Masterful Stab+1","Accuracy"],"picked":"Flying Knee+1","floor":12},{"not_picked":["Cloak And Dagger+1","Flechettes+1"],"picked":"Dodge and Roll+1","floor":13},{"not_picked":["Blade Dance+1","Bane+1"],"picked":"Deadly Poison+1","floor":15},{"not_picked":["Burst+1","Tools of the Trade"],"picked":"Die Die Die+1","floor":16},{"not_picked":["Dash+1","Dagger Throw+1"],"picked":"PiercingWail+1","floor":18},{"not_picked":["Backflip+1","Flying Knee+1"],"picked":"Outmaneuver+1","floor":20}],"player_experience":101649,"relics_obtained":[{"floor":6,"key":"Dream Catcher"},{"floor":9,"key":"Molten Egg 2"},{"floor":10,"key":"Incense Burner"}],"event_choices":[{"damage_healed":0,"gold_gain":0,"player_choice":"Leave","damage_taken":0,"max_hp_gain":0,"max_hp_loss":0,"event_name":"The Cleric","floor":2,"gold_loss":0},{"damage_healed":0,"gold_gain":75,"player_choice":"Gather Gold","damage_taken":11,"max_hp_gain":0,"max_hp_loss":0,"event_name":"World of Goop","floor":3,"gold_loss":0},{"damage_healed":0,"gold_gain":0,"player_choice":"Take Damage","damage_taken":17,"relics_obtained":["Golden Idol"],"max_hp_gain":0,"max_hp_loss":0,"event_name":"Golden Idol","floor":4,"gold_loss":0},{"damage_healed":0,"gold_gain":0,"player_choice":"Ignored","damage_taken":0,"max_hp_gain":0,"max_hp_loss":0,"event_name":"Beggar","floor":19,"gold_loss":0},{"damage_healed":0,"gold_gain":75,"player_choice":"Touch","damage_taken":7,"max_hp_gain":0,"max_hp_loss":0,"event_name":"FaceTrader","floor":22,"gold_loss":0}],"is_beta":false,"boss_relics":[{"not_picked":["SacredBark","Sozu"],"picked":"Philosopher\u0027s Stone"}],"items_purged_floors":[],"is_endless":false,"potions_floor_spawned":[6,7,10,13,18,20],"killed_by":"Slavers","ascension_level":8}}