{"host":"qz0goigh82dax5l2","time":1613187572,"event":{"mods":["Act Like it!","Alarm Clock","BaseMod","Hallownest","Minty Spire (QoL Compilation)","StSLib"],"gold_per_floor":[213,232,79,9,9,42,60,60,107,107,135,135,135,150,150,247,297,308,0,0,13,27,27,27,27],"floor_reached":24,"language":"ZHS","playtime":1263,"items_purged":[],"score":213,"play_id":"55f1c56c-06cf-4a54-bddb-9a8f7d47df3e","local_time":"20210213113932","is_ascension_mode":true,"campfire_choices":[{"floor":8,"key":"REST"},{"data":"Redo","floor":10,"key":"SMITH"},{"floor":13,"key":"RECALL"},{"floor":15,"key":"REST"},{"floor":23,"key":"REST"}],"circlet_count":0,"master_deck":["Strike_B","Strike_B","Strike_B+1","Strike_B","Defend_B","Defend_B","Defend_B","Defend_B","Zap+1","Dualcast","Redo+1","Reinforced Body","Coolheaded","Sunder","Compile Driver","Ball Lightning","Streamline","Electrodynamics","Mind Blast","Stack","Cold Snap","Multi-Cast","Hologram","Leap","Rebound","Glacier","Turbo"],"relics":["Cracked Core","Hallownest:StagBellRelic1","PreservedInsect","Potion Belt","Tiny House","Kunai"],"acts_visited":["Exordium","Hallownest:Greenpath"],"potions_floor_usage":[16,22,22,24],"damage_taken":[{"damage":2,"enemies":"Hallownest:monsterHuskGuard","floor":1,"turns":4},{"damage":6,"enemies":"2_ Uuma","floor":2,"turns":7},{"damage":33,"enemies":"Hallownest:eliteMossKnight","floor":6,"turns":10},{"damage":0,"enemies":"Hallownest:2_MossCreeps","floor":7,"turns":2},{"damage":15,"enemies":"Hallownest:eliteCrystalGuardian","floor":11,"turns":4},{"damage":8,"enemies":"Hallownest:Wandering_and_Horned","floor":14,"turns":3},{"damage":7,"enemies":"Hallownest:BossFalseKnight","floor":16,"turns":11},{"damage":10,"enemies":"Hallownest:2_Mistakes","floor":18,"turns":5},{"damage":21,"enemies":"Hallownest:3_Youths","floor":21,"turns":4},{"damage":23,"enemies":"Hallownest:2_Flukemon","floor":22,"turns":8},{"damage":52,"enemies":"Hallownest:eliteWatcherKnight","floor":24,"turns":10}],"seed_played":"3432486400747113995","potions_obtained":[{"floor":1,"key":"PowerPotion"},{"floor":16,"key":"FearPotion"},{"floor":17,"key":"FearPotion"},{"floor":18,"key":"Explosive Potion"},{"floor":22,"key":"GamblersBrew"}],"is_trial":false,"path_per_floor":["M","M","$","?","?","E","M","R","T","R","E","?","R","M","R","B",null,"M","$","?","M","M","R","E"],"character_chosen":"DEFECT","items_purchased":["Coolheaded","Sunder","Compile Driver","Kunai","Rebound"],"campfire_rested":3,"item_purchase_floors":[3,3,3,19,19],"current_hp_per_floor":[73,67,67,67,67,34,34,56,56,56,41,41,41,33,55,48,80,70,70,70,49,26,50,0,0],"gold":27,"neow_bonus":"HUNDRED_GOLD","is_daily":false,"chose_seed":false,"campfire_upgraded":1,"win_rate":0.0,"timestamp":1613187572,"path_taken":["M","M","$","?","?","E","M","R","T","R","E","?","R","M","R","BOSS","M","$","?","?","M","R","E"],"items_purchased_type":["Card","Card","Card","Relic","Card"],"build_version":"2020-12-22","purchased_purges":0,"victory":false,"max_hp_per_floor":[75,75,75,75,75,75,75,75,75,75,75,75,75,75,75,75,80,80,80,80,80,80,80,80,80],"card_choices":[{"not_picked":["Darkness","Rebound"],"picked":"Redo","floor":1},{"not_picked":["Ball Lightning","Recycle"],"picked":"Reinforced Body","floor":2},{"not_picked":["Beam Cell","Recycle"],"picked":"Ball Lightning","floor":6},{"not_picked":["Redo","Rebound"],"picked":"Streamline","floor":7},{"not_picked":["FTL","Undo"],"picked":"Electrodynamics","floor":11},{"not_picked":["Madness","Metamorphosis"],"picked":"Mind Blast","floor":12},{"not_picked":["Rebound","Barrage"],"picked":"Stack","floor":12},{"not_picked":["Sweeping Beam","Chill"],"picked":"Cold Snap","floor":14},{"not_picked":["Buffer","Biased Cognition"],"picked":"Multi-Cast","floor":16},{"not_picked":["Barrage","Streamline"],"picked":"Hologram","floor":17},{"not_picked":["Rebound","Amplify"],"picked":"Leap","floor":18},{"not_picked":["Coolheaded","Gash"],"picked":"Glacier","floor":21},{"not_picked":["Coolheaded","Reprogram+1"],"picked":"Turbo","floor":22}],"player_experience":64709,"relics_obtained":[{"floor":6,"key":"PreservedInsect"},{"floor":11,"key":"Potion Belt"}],"event_choices":[],"is_beta":false,"boss_relics":[{"not_picked":["Runic Dome","SlaversCollar"],"picked":"Tiny House"}],"items_purged_floors":[],"is_endless":false,"potions_floor_spawned":[1,16,18,22],"killed_by":"Hallownest:eliteWatcherKnight","ascension_level":1}}