{"host":"kubg1eqfxrnqnv0b","time":1613256093,"event":{"mods":["Aspiration","BaseMod","BetterRewards","Colored Map","Conspire","Energized Spire","Gremlin Skip","Halation","Hubris","Infinite Spire","Minty Spire (QoL Compilation)","Quick Restart","Replay The Spire","StSLib"],"gold_per_floor":[111,61,61,61,71,101,101,101,126,144,159,186,197,226,226,322,322,292,292,292,292,292,292,292,292,292,292,292,292,292,292,292,292,292,292,292,292,292,292,292,292,292,292,292,292,292,292,292,292,292],"floor_reached":51,"language":"ENG","playtime":1685,"items_purged":[],"score":1026,"play_id":"390a4863-e0a2-4e9b-bf4d-19b19f75cb8b","local_time":"20210213184133","is_ascension_mode":false,"campfire_choices":[{"data":"Inflame","floor":7,"key":"SMITH"},{"data":"Twin Strike","floor":7,"key":"SMITH"},{"data":"Pummel","floor":15,"key":"SMITH"},{"data":"Clash","floor":15,"key":"SMITH"},{"data":"infinitespire:Punishment","floor":23,"key":"SMITH"},{"data":"Replay:Undeath\u0027s Touch","floor":23,"key":"SMITH"},{"data":"Sword Boomerang","floor":27,"key":"SMITH"},{"data":"Clash","floor":27,"key":"SMITH"},{"data":"Sword Boomerang","floor":32,"key":"SMITH"},{"data":"Reckless Charge","floor":32,"key":"SMITH"},{"data":"Flex","floor":40,"key":"SMITH"},{"data":"Cleave","floor":40,"key":"SMITH"},{"floor":47,"key":"REST"},{"floor":49,"key":"REST"}],"circlet_count":0,"master_deck":["Strike_R","Strike_R","Strike_R","Strike_R","Defend_R","Defend_R","Defend_R","Bash","Twin Strike+1","Twin Strike+1","Inflame+1","Pummel+1","Clash+1","Clash+1","Whirlwind","Reckless Charge+1","Double Tap","Twin Strike+1","Replay:Undeath\u0027s Touch+1","Inflame+1","infinitespire:Punishment+1","Replay:Undeath\u0027s Touch+1","Sword Boomerang+1","Sword Boomerang+1","Flex+1","Cleave+1","Flex+1","Spot Weakness","Thunderclap+1","Replay:Parry","Clash","Flex"],"relics":["Burning Blood","Matryoshka","halation:PinkSoulGem","halation:PrussianBluePaint","halation:PenCase","hubris:Metronome","Self Forming Clay","Vajra","MealTicket","Gambling Chip","Ectoplasm","DollysMirror","Bag of Marbles","Nunchaku","Replay:Bottled Eggs","aspiration:RitualDagger","Frozen Eye","Replay:Accelerometer"],"acts_visited":["Exordium","TheCity","TheBeyond"],"potions_floor_usage":[6,14,18,38,50,50],"damage_taken":[{"damage":0,"enemies":"Small Slimes","floor":1,"turns":3},{"damage":1,"enemies":"2 Louse","floor":5,"turns":3},{"damage":17,"enemies":"3 Sentries","floor":6,"turns":7},{"damage":0,"enemies":"Cultist","floor":10,"turns":2},{"damage":0,"enemies":"Looter","floor":11,"turns":1},{"damage":0,"enemies":"Gremlin Nob","floor":12,"turns":2},{"damage":7,"enemies":"Blue Slaver","floor":13,"turns":2},{"damage":0,"enemies":"Lagavulin","floor":14,"turns":2},{"damage":37,"enemies":"Hexaghost","floor":16,"turns":4},{"damage":3,"enemies":"2 Thieves","floor":18,"turns":2},{"damage":10,"enemies":"Chosen","floor":20,"turns":2},{"damage":12,"enemies":"Centurion and Healer","floor":22,"turns":2},{"damage":5,"enemies":"Chosen and Byrds","floor":24,"turns":3},{"damage":18,"enemies":"Shelled Parasite and Fungi","floor":25,"turns":2},{"damage":0,"enemies":"Cultist and Chosen","floor":30,"turns":2},{"damage":0,"enemies":"Snake Plant","floor":31,"turns":1},{"damage":0,"enemies":"Champ","floor":33,"turns":3},{"damage":21,"enemies":"3 Shapes","floor":35,"turns":1},{"damage":3,"enemies":"Orb Walker","floor":36,"turns":1},{"damage":3,"enemies":"Jaw Worm Horde","floor":38,"turns":1},{"damage":14,"enemies":"Giant Head","floor":41,"turns":3},{"damage":33,"enemies":"4 Shapes","floor":42,"turns":2},{"damage":15,"enemies":"Transient","floor":46,"turns":5},{"damage":27,"enemies":"3 Darklings","floor":48,"turns":3},{"damage":143,"enemies":"conspire:OrnateMirror","floor":50,"turns":3}],"seed_played":"-7814717507239851720","potions_obtained":[{"floor":5,"key":"ColorlessPotion"},{"floor":10,"key":"ElixirPotion"},{"floor":11,"key":"Milkshake"},{"floor":14,"key":"Block Potion"},{"floor":20,"key":"SteroidPotion"},{"floor":24,"key":"Ancient Potion"},{"floor":33,"key":"ColorlessPotion"},{"floor":38,"key":"SkillPotion"}],"is_trial":false,"path_per_floor":["M","?","?","?","M","E","R","?","T","M","M","E","M","E","R","B",null,"M","?","M","AVR","M","R","M","M","T","R","?","T","M","M","R","B",null,"M","M","AVR","M","?","R","E","M","T","?","?","M","R","M","R","B",null],"character_chosen":"IRONCLAD","items_purchased":["Matryoshka"],"campfire_rested":2,"item_purchase_floors":[0],"current_hp_per_floor":[77,77,77,77,80,69,69,69,69,75,80,80,79,80,80,49,80,80,80,76,76,70,70,71,59,59,59,59,59,65,71,71,77,80,65,68,68,71,71,71,63,36,36,39,39,30,54,33,57,31],"gold":292,"neow_bonus":"","is_daily":false,"chose_seed":false,"campfire_upgraded":12,"win_rate":0.0,"timestamp":1613256093,"path_taken":["M","?","?","?","?","E","R","?","T","M","M","E","M","E","R","BOSS","M","?","M","AVR","M","R","M","M","T","R","?","?","M","M","R","BOSS","M","M","AVR","M","?","R","E","M","T","?","?","M","R","M","R","BOSS"],"items_purchased_type":["Relic"],"build_version":"2020-12-22","purchased_purges":0,"victory":true,"max_hp_per_floor":[80,80,80,80,80,80,80,80,80,80,80,80,80,80,80,80,80,80,80,80,80,80,80,80,80,80,80,80,80,80,80,80,80,80,80,80,80,80,80,80,80,80,80,83,83,83,83,83,83,83],"card_choices":[{"not_picked":["Clothesline","ReplayTheSpireMod:Strike From Hell"],"picked":"Twin Strike","floor":1},{"not_picked":["Iron Wave","Body Slam"],"picked":"Twin Strike","floor":5},{"not_picked":["Battle Trance","Dual Wield"],"picked":"Inflame","floor":6},{"not_picked":["Pommel Strike","Battle Trance"],"picked":"Pummel","floor":10},{"not_picked":["Demon Form","Infernal Blade"],"picked":"Clash","floor":11},{"not_picked":["Heavy Blade","Carnage"],"picked":"Clash","floor":12},{"not_picked":["Battle Trance","hubris:ReadiedAction"],"picked":"Whirlwind","floor":13},{"not_picked":["Bludgeon","Intimidate"],"picked":"Reckless Charge","floor":14},{"not_picked":["Berserk","hubris:StunningStrike"],"picked":"Double Tap","floor":16},{"not_picked":["Headbutt","ReplayTheSpireMod:Stacked"],"picked":"Twin Strike","floor":18},{"not_picked":["hubris:SharpeningStone","Metallicize","ReplayTheSpireMod:Strike From Hell"],"picked":"SKIP","floor":20},{"not_picked":["Perfected Strike","Run Through"],"picked":"Replay:Undeath\u0027s Touch+1","floor":22},{"not_picked":["Anger","Abandon","hubris:ReadiedAction"],"picked":"SKIP","floor":24},{"not_picked":["Thunderclap","Burning Pact"],"picked":"Sword Boomerang","floor":25},{"not_picked":["Metallicize+1","Reckless Charge+1","ReplayTheSpireMod:Strike From Hell"],"picked":"SKIP","floor":30},{"not_picked":["Massacre","Perfected Strike"],"picked":"Sword Boomerang","floor":31},{"not_picked":["Shrug It Off+1","Body Slam"],"picked":"Flex","floor":35},{"not_picked":["Massacre+1","Iron Wave"],"picked":"Cleave","floor":36},{"not_picked":["Defy Death+1","Heavy Blade+1"],"picked":"Flex+1","floor":38},{"not_picked":["hubris:ReadiedAction+1","Ghostly Armor"],"picked":"Spot Weakness","floor":41},{"not_picked":["Body Slam","Twin Strike"],"picked":"Thunderclap+1","floor":42},{"not_picked":["Madness","hubris:EnhanceAbility"],"picked":"Replay:Parry","floor":45},{"not_picked":["Massacre+1","Rampage+1"],"picked":"Clash","floor":46},{"not_picked":["Pommel Strike","Twin Strike+1"],"picked":"Flex","floor":48}],"player_experience":2179,"relics_obtained":[{"floor":4,"key":"halation:PrussianBluePaint"},{"floor":6,"key":"halation:PenCase"},{"floor":8,"key":"hubris:Metronome"},{"floor":9,"key":"Self Forming Clay"},{"floor":9,"key":"Vajra"},{"floor":12,"key":"MealTicket"},{"floor":14,"key":"Gambling Chip"},{"floor":26,"key":"Bag of Marbles"},{"floor":26,"key":"Nunchaku"},{"floor":29,"key":"Replay:Bottled Eggs"},{"floor":43,"key":"Replay:Accelerometer"}],"event_choices":[{"cards_removed":["Strike_R"],"damage_healed":0,"gold_gain":0,"player_choice":"Card Removal","damage_taken":0,"max_hp_gain":0,"max_hp_loss":0,"event_name":"The Cleric","floor":2,"gold_loss":50},{"damage_healed":0,"gold_gain":0,"player_choice":"Relic","damage_taken":0,"max_hp_gain":0,"max_hp_loss":0,"event_name":"Wheel of Change","floor":4,"gold_loss":0},{"damage_healed":0,"gold_gain":0,"player_choice":"Read","damage_taken":0,"max_hp_gain":0,"max_hp_loss":0,"event_name":"The Library","floor":19,"gold_loss":0,"cards_obtained":["Replay:Undeath\u0027s Touch"]},{"damage_healed":0,"gold_gain":0,"player_choice":"Ignored","damage_taken":0,"max_hp_gain":0,"max_hp_loss":0,"event_name":"Ghosts","floor":28,"gold_loss":0},{"cards_removed":["Defend_R"],"damage_healed":0,"gold_gain":0,"player_choice":"Removed Skill","damage_taken":0,"max_hp_gain":0,"max_hp_loss":0,"event_name":"Falling","floor":39,"gold_loss":0},{"damage_healed":0,"gold_gain":0,"player_choice":"Memory 1","damage_taken":0,"max_hp_gain":0,"max_hp_loss":0,"event_name":"SensoryStone","floor":45,"gold_loss":0}],"is_beta":false,"boss_relics":[{"not_picked":["halation:ForbiddenBikini","Snecko Eye"],"picked":"Ectoplasm"},{"not_picked":["halation:PlatinumPhoenix","Ring of Chaos"],"picked":"aspiration:RitualDagger"}],"items_purged_floors":[],"is_endless":false,"potions_floor_spawned":[5,10,11,14,20,24,33,38,42,46],"ascension_level":0}}