{"host":"iptbjd7kkdc69fbc","time":1613239374,"event":{"mods":["BaseMod","Colored Map","Colored Powertips","Highlight Path","Minty Spire (QoL Compilation)","StSLib"],"gold_per_floor":[15,25,40,40,55,84,84,104,104,104,137,58,58,58],"floor_reached":13,"language":"ENG","playtime":777,"items_purged":[],"score":109,"play_id":"783e5d62-9e3d-48fe-99f9-fa94edde3d19","local_time":"20210213190254","is_ascension_mode":true,"campfire_choices":[{"data":"Sucker Punch","floor":7,"key":"SMITH"}],"circlet_count":0,"master_deck":["Strike_G","Strike_G","Strike_G","Strike_G","Defend_G","Defend_G","Defend_G","Defend_G","Survivor","Neutralize","Riddle With Holes","Sucker Punch+1","Dodge and Roll","Flechettes","Blade Dance","Riddle With Holes","Cloak And Dagger","Accuracy"],"relics":["Ring of the Snake","Boot","Singing Bowl","Matryoshka","Blue Candle"],"acts_visited":["Exordium"],"potions_floor_usage":[11,11],"damage_taken":[{"damage":41,"enemies":"Jaw Worm","floor":1,"turns":9},{"damage":0,"enemies":"Cultist","floor":2,"turns":3},{"damage":5,"enemies":"Small Slimes","floor":3,"turns":4},{"damage":4,"enemies":"3 Louse","floor":5,"turns":3},{"damage":17,"enemies":"3 Sentries","floor":6,"turns":7},{"damage":0,"enemies":"Exordium Wildlife","floor":8,"turns":3},{"damage":2,"enemies":"Lagavulin","floor":11,"turns":5},{"damage":16,"enemies":"Gremlin Nob","floor":13,"turns":2}],"seed_played":"8220056987665146489","potions_obtained":[{"floor":1,"key":"LiquidMemories"},{"floor":5,"key":"Energy Potion"},{"floor":11,"key":"Poison Potion"}],"is_trial":false,"path_per_floor":["M","M","M","?","M","E","R","M","T","?","E","$","E"],"character_chosen":"THE_SILENT","items_purchased":["Accuracy"],"campfire_rested":0,"item_purchase_floors":[12],"current_hp_per_floor":[29,29,24,24,20,3,3,3,3,3,1,1,0,0],"gold":58,"neow_bonus":"REMOVE_TWO","is_daily":false,"chose_seed":false,"campfire_upgraded":1,"win_rate":0.0,"timestamp":1613239374,"path_taken":["M","M","M","?","?","E","R","M","T","?","E","$","E"],"items_purchased_type":["Card"],"build_version":"2020-12-22","purchased_purges":0,"victory":false,"max_hp_per_floor":[70,70,70,70,70,70,70,70,70,70,70,70,70,70],"card_choices":[{"not_picked":["Crippling Poison","Backflip"],"picked":"Riddle With Holes","floor":1},{"not_picked":["Backflip","Choke"],"picked":"Sucker Punch","floor":2},{"not_picked":["Infinite Blades","Deflect"],"picked":"Dodge and Roll","floor":3},{"not_picked":["Expertise","Acrobatics"],"picked":"Flechettes","floor":5},{"not_picked":["Footwork","Bouncing Flask"],"picked":"Blade Dance","floor":6},{"not_picked":["Acrobatics","Backflip"],"picked":"Riddle With Holes","floor":8},{"not_picked":["Flying Knee","Footwork"],"picked":"Cloak And Dagger","floor":11}],"player_experience":250856,"relics_obtained":[{"floor":4,"key":"Boot"},{"floor":6,"key":"Singing Bowl"},{"floor":9,"key":"Matryoshka"},{"floor":11,"key":"Blue Candle"}],"event_choices":[{"damage_healed":0,"gold_gain":0,"player_choice":"Relic","damage_taken":0,"max_hp_gain":0,"max_hp_loss":0,"event_name":"Wheel of Change","floor":4,"gold_loss":0},{"damage_healed":0,"gold_gain":0,"player_choice":"Ignored","damage_taken":0,"max_hp_gain":0,"max_hp_loss":0,"event_name":"Golden Wing","floor":10,"gold_loss":0}],"is_beta":false,"boss_relics":[],"items_purged_floors":[],"is_endless":false,"potions_floor_spawned":[1,5,11],"killed_by":"Gremlin Nob","ascension_level":3}}