{"host":"hcfgv6p6h0ubjkk0","time":1613185311,"event":{"mods":["AchievementEnabler","BaseMod","Highlight Path","Minty Spire (QoL Compilation)","Quick Restart","Replay The Spire","StSLib"],"gold_per_floor":[114,114,114,64,84,84,101,101,149,166,201,201,201,217,217,317,317,333,333,345,345,345],"floor_reached":21,"language":"ENG","playtime":777,"items_purged":[],"score":215,"play_id":"f0bc0800-d105-4829-9b79-53739df47152","local_time":"20210213030151","is_ascension_mode":true,"campfire_choices":[{"data":"Searing Blow","floor":6,"key":"SMITH"},{"data":"Searing Blow+1","floor":12,"key":"SMITH"},{"data":"Searing Blow+2","floor":15,"key":"SMITH"}],"circlet_count":0,"master_deck":["Strike_R","Defend_R","Defend_R","Defend_R","Defend_R","Bash","ReplayReversal","Searing Blow+4","Flame Barrier","Juggernaut","Body Slam"],"relics":["Burning Blood","Ring of Hypnosis","Orichalcum","Tiny Chest","Black Star"],"acts_visited":["Exordium","TheCity"],"potions_floor_usage":[11,16,20,21,21],"damage_taken":[{"damage":1,"enemies":"Cultist","floor":1,"turns":5},{"damage":3,"enemies":"Small Slimes","floor":5,"turns":6},{"damage":0,"enemies":"2 Louse","floor":7,"turns":3},{"damage":3,"enemies":"Blue Slaver","floor":10,"turns":4},{"damage":27,"enemies":"Lagavulin","floor":11,"turns":9},{"damage":21,"enemies":"Exordium Wildlife","floor":14,"turns":6},{"damage":54,"enemies":"Fading Forest","floor":16,"turns":11},{"damage":8,"enemies":"Chosen","floor":18,"turns":5},{"damage":28,"enemies":"Shell Parasite","floor":20,"turns":5},{"damage":76,"enemies":"3 Cultists","floor":21,"turns":5}],"seed_played":"-2750778579128381161","potions_obtained":[{"floor":5,"key":"BloodPotion"},{"floor":7,"key":"BloodPotion"},{"floor":11,"key":"LiquidMemories"},{"floor":14,"key":"Swift Potion"},{"floor":18,"key":"AttackPotion"},{"floor":20,"key":"DistilledChaos"}],"is_trial":false,"path_per_floor":["M","?","?","?","M","R","M","$","T","M","E","R","?","M","R","B",null,"M","?","M","M"],"character_chosen":"IRONCLAD","items_purchased":[],"campfire_rested":0,"item_purchase_floors":[],"current_hp_per_floor":[80,80,80,80,80,80,80,80,80,80,75,75,68,53,53,15,80,78,78,56,0,0],"gold":345,"neow_bonus":"REMOVE_CARD","is_daily":false,"chose_seed":false,"campfire_upgraded":3,"win_rate":0.0,"timestamp":1613185311,"path_taken":["M","?","?","?","M","R","M","?","T","?","E","R","?","M","R","BOSS","M","?","?","M"],"items_purchased_type":[],"build_version":"2020-12-22","purchased_purges":0,"victory":false,"max_hp_per_floor":[80,80,80,80,80,80,80,80,80,80,80,80,80,80,80,80,80,80,80,80,80,80],"card_choices":[{"not_picked":["Clothesline","Headbutt"],"picked":"ReplayReversal","floor":1},{"not_picked":["Intimidate","Perfected Strike"],"picked":"Searing Blow","floor":5},{"not_picked":["Life Link","Reckless Charge"],"picked":"Flame Barrier","floor":7},{"not_picked":["Barricade","Replay:Undeath\u0027s Touch","Anger"],"picked":"SKIP","floor":10},{"not_picked":["Power Through","Second Wind","Iron Wave"],"picked":"SKIP","floor":11},{"not_picked":["Body Slam","Dual Wield","Headbutt"],"picked":"SKIP","floor":14},{"not_picked":["Bludgeon","Barricade"],"picked":"Juggernaut","floor":16},{"not_picked":["Thunderclap+1","Second Wind+1","Sever Soul"],"picked":"SKIP","floor":18},{"not_picked":["Bloodletting","Replay:Undeath\u0027s Touch"],"picked":"Body Slam","floor":20}],"player_experience":200275,"relics_obtained":[{"floor":2,"key":"Ring of Hypnosis"},{"floor":9,"key":"Orichalcum"},{"floor":11,"key":"Tiny Chest"}],"event_choices":[{"cards_removed":["Strike_R"],"damage_healed":0,"gold_gain":0,"player_choice":"Card Removal","damage_taken":0,"max_hp_gain":0,"max_hp_loss":0,"event_name":"The Cleric","floor":4,"gold_loss":50},{"cards_removed":["Strike_R"],"damage_healed":0,"gold_gain":0,"player_choice":"Card Removal","damage_taken":7,"max_hp_gain":0,"max_hp_loss":0,"event_name":"Golden Wing","floor":13,"gold_loss":0},{"damage_healed":0,"gold_gain":0,"player_choice":"Upgraded","damage_taken":0,"max_hp_gain":0,"max_hp_loss":0,"event_name":"Upgrade Shrine","floor":19,"gold_loss":0,"cards_upgraded":["Searing Blow"]}],"is_beta":false,"boss_relics":[{"not_picked":["Replay:Drink Me","SacredBark"],"picked":"Black Star"}],"items_purged_floors":[],"is_endless":false,"potions_floor_spawned":[5,7,11,14,18,20],"killed_by":"3 Cultists","ascension_level":4}}