{"host":"6ra5lt5rtw92upyd","time":1613206176,"event":{"mods":["Act Like it!","BaseMod","Minty Spire (QoL Compilation)","Robot Space Explorer","Spicy Shops","StSLib"],"gold_per_floor":[114,114,114,129,144,144,174,189,214,139,139,139,169,184,184,284,284,299,314,314,314,64,64,94,94,94,124,49,79,79,94,94,194,194,209,11,26,26,37,67,67,97,97,127,202,232,32,47,47,47],"floor_reached":51,"language":"ZHS","playtime":1840,"items_purged":["Chill","Leap","Rip and Tear"],"score":1127,"play_id":"2d96796d-c1c7-4f64-b154-f286b002a846","local_time":"20210213164936","daily_mods":["SealedDeck","Red Cards","Elite Swarm"],"is_ascension_mode":false,"campfire_choices":[{"data":"Reprogram","floor":6.0,"key":"SMITH"},{"data":"Limit Break","floor":11.0,"key":"SMITH"},{"data":"Gash","floor":15.0,"key":"SMITH"},{"floor":23.0,"key":"REST"},{"data":"1","floor":25.0,"key":"LIFT"},{"data":"Reboot","floor":30.0,"key":"SMITH"},{"data":"2","floor":32.0,"key":"LIFT"},{"data":"Enlightenment","floor":41,"key":"SMITH"},{"data":"Sweeping Beam+1","floor":49,"key":"PURGE"}],"circlet_count":0,"master_deck":["Conserve Battery","Auto Shields","Flex","Intimidate","Gash+1","FTL+1","Reprogram+1","Go for the Eyes","Limit Break+1","Machine Learning","Scrape+1","Reboot+1","All For One","Reaper","Enlightenment+1","Impatience","Reboot","Fission"],"relics":["Cracked Core","Ornamental Fan","Bag of Preparation","Letter Opener","Bottled Lightning","Runic Pyramid","Enchiridion","Tiny Chest","Girya","Orichalcum","Thread and Needle","Lantern","PreservedInsect","Busted Crown","Membership Card","Incense Burner","Unceasing Top","Smiling Mask","Prayer Wheel","Whetstone","Bottled Flame","Nunchaku","Peace Pipe"],"acts_visited":["Exordium","TheCity","TheBeyond"],"potions_floor_usage":[50,50],"damage_taken":[{"damage":0.0,"enemies":"Jaw Worm","floor":1.0,"turns":3.0},{"damage":0.0,"enemies":"Cultist","floor":4.0,"turns":3.0},{"damage":0.0,"enemies":"Small Slimes","floor":5.0,"turns":2.0},{"damage":0.0,"enemies":"Lagavulin","floor":7.0,"turns":7.0},{"damage":1.0,"enemies":"Exordium Wildlife","floor":8.0,"turns":3.0},{"damage":0.0,"enemies":"3 Sentries","floor":13.0,"turns":4.0},{"damage":0.0,"enemies":"Looter","floor":14.0,"turns":2.0},{"damage":6.0,"enemies":"The Guardian","floor":16.0,"turns":5.0},{"damage":0.0,"enemies":"Shell Parasite","floor":18.0,"turns":3.0},{"damage":16.0,"enemies":"2 Thieves","floor":19.0,"turns":3.0},{"damage":5.0,"enemies":"Book of Stabbing","floor":24.0,"turns":3.0},{"damage":0.0,"enemies":"Gremlin Leader","floor":27.0,"turns":3.0},{"damage":0.0,"enemies":"Book of Stabbing","floor":29.0,"turns":2.0},{"damage":1.0,"enemies":"Sentry and Sphere","floor":31.0,"turns":2.0},{"damage":0.0,"enemies":"Collector","floor":33.0,"turns":4.0},{"damage":0.0,"enemies":"3 Darklings","floor":35.0,"turns":2.0},{"damage":0,"enemies":"3 Shapes","floor":37,"turns":2},{"damage":0,"enemies":"2 Orb Walkers","floor":39,"turns":2},{"damage":0,"enemies":"Reptomancer","floor":40,"turns":2},{"damage":0,"enemies":"Giant Head","floor":42,"turns":3},{"damage":0,"enemies":"Reptomancer","floor":44,"turns":2},{"damage":24,"enemies":"Nemesis","floor":46,"turns":3},{"damage":0,"enemies":"Writhing Mass","floor":48,"turns":1},{"damage":0,"enemies":"Donu and Deca","floor":50,"turns":3}],"seed_played":"6099103822572544471","potions_obtained":[{"floor":1.0,"key":"Swift Potion"},{"floor":5.0,"key":"Regen Potion"},{"floor":7.0,"key":"BlessingOfTheForge"},{"floor":13.0,"key":"LiquidMemories"},{"floor":29.0,"key":"EssenceOfSteel"},{"floor":40,"key":"PowerPotion"}],"is_trial":false,"path_per_floor":["M","?","?","M","M","R","E","M","T","$","R","T","E","M","R","B",null,"M","M","?","?","$","R","E","R","T","E","$","E","R","M","R","B",null,"M","$","M","?","?","E","R","E","T","E","T","E","$","M","R","B",null],"character_chosen":"DEFECT","items_purchased":["Tiny Chest","Lantern","Membership Card","Enlightenment","Peace Pipe"],"campfire_rested":1,"item_purchase_floors":[22,28,36,36,47],"current_hp_per_floor":[75,80,80,80,80,80,80,79,79,79,79,79,79,79,79,73,80,80,64,48,33,33,58,53,53,53,53,53,53,53,52,52,85,85,85,85,85,75,85,85,85,85,85,85,85,73,73,73,73,85],"gold":47,"neow_bonus":"","is_daily":true,"chose_seed":false,"campfire_upgraded":5,"win_rate":0.0,"timestamp":1613206176,"path_taken":["M","?","?","M","?","R","E","M","T","$","R","?","E","M","R","BOSS","BOSS","M","?","?","?","$","R","E","R","T","E","?","E","R","M","R","BOSS","M","$","M","?","?","E","R","E","T","E","?","E","$","?","R","BOSS"],"items_purchased_type":["Relic","Relic","Relic","Card","Relic"],"build_version":"2020-12-22","purchased_purges":3,"victory":true,"max_hp_per_floor":[75,80,80,80,80,80,80,80,80,80,80,80,80,80,80,80,80,80,80,80,85,85,85,85,85,85,85,85,85,85,85,85,85,85,85,85,85,85,85,85,85,85,85,85,85,85,85,85,85,85],"card_choices":[{"not_picked":["Doom and Gloom","Dual Wield"],"picked":"Rip and Tear","floor":1.0},{"not_picked":["Hemokinesis","Hologram"],"picked":"Reprogram","floor":4.0},{"not_picked":["Pommel Strike","Redo"],"picked":"Go for the Eyes","floor":5.0},{"not_picked":["Biased Cognition","Berserk"],"picked":"Limit Break","floor":7.0},{"not_picked":["Power Through","Steam","Storm"],"picked":"SKIP","floor":8.0},{"not_picked":["Immolate","Hyperbeam","Meteor Strike"],"picked":"SKIP","floor":13.0},{"not_picked":["Body Slam","Entrench","Infernal Blade"],"picked":"SKIP","floor":14.0},{"not_picked":["Bludgeon","Biased Cognition"],"picked":"Machine Learning","floor":16.0},{"not_picked":["Chaos","Twin Strike","Anger"],"picked":"SKIP","floor":18.0},{"not_picked":["Reprogram+1","FTL"],"picked":"Scrape+1","floor":19.0},{"not_picked":["Impervious","Amplify"],"picked":"Reboot","floor":24.0},{"not_picked":["Buffer","Exhume"],"picked":"All For One","floor":27.0},{"not_picked":["Immolate","Thunder Strike"],"picked":"Reaper","floor":29.0},{"not_picked":["Warcry","Barrage","Metallicize+1"],"picked":"SKIP","floor":31.0},{"not_picked":["Infernal Blade+1"],"picked":"SKIP","floor":35.0},{"not_picked":["Auto Shields"],"picked":"SKIP","floor":37},{"not_picked":[],"picked":"Impatience","floor":38},{"not_picked":[],"picked":"Reboot","floor":40},{"not_picked":[],"picked":"Fission","floor":42},{"not_picked":["Buffer"],"picked":"SKIP","floor":44},{"not_picked":["Hyperbeam"],"picked":"SKIP","floor":46},{"not_picked":["Auto Shields+1"],"picked":"SKIP","floor":48},{"not_picked":["Chaos"],"picked":"SKIP","floor":48}],"player_experience":274320,"relics_obtained":[{"floor":7.0,"key":"Ornamental Fan"},{"floor":9.0,"key":"Bag of Preparation"},{"floor":12.0,"key":"Letter Opener"},{"floor":13.0,"key":"Bottled Lightning"},{"floor":20.0,"key":"Enchiridion"},{"floor":24.0,"key":"Girya"},{"floor":26.0,"key":"Orichalcum"},{"floor":27.0,"key":"Thread and Needle"},{"floor":29.0,"key":"PreservedInsect"},{"floor":39,"key":"Incense Burner"},{"floor":40,"key":"Unceasing Top"},{"floor":42,"key":"Smiling Mask"},{"floor":43,"key":"Prayer Wheel"},{"floor":44,"key":"Whetstone"},{"floor":45,"key":"Bottled Flame"},{"floor":46,"key":"Nunchaku"}],"event_choices":[{"damage_healed":0.0,"max_hp_gain":5.0,"max_hp_loss":0.0,"gold_gain":0.0,"event_name":"Big Fish","player_choice":"Donut","floor":2.0,"gold_loss":0.0,"damage_taken":0.0},{"cards_removed":["Anger"],"damage_healed":5.0,"max_hp_gain":0.0,"max_hp_loss":0.0,"gold_gain":0.0,"event_name":"Bonfire Elementals","player_choice":"Offered Common","floor":3.0,"gold_loss":0.0,"damage_taken":0.0},{"cards_removed":["Anger"],"damage_healed":5.0,"max_hp_gain":0.0,"max_hp_loss":0.0,"gold_gain":0.0,"event_name":"Bonfire Elementals","player_choice":"Offered Special","floor":3.0,"gold_loss":0.0,"damage_taken":0.0},{"damage_healed":0.0,"max_hp_gain":0.0,"max_hp_loss":0.0,"gold_gain":0.0,"event_name":"Cursed Tome","player_choice":"Obtained Book","floor":20.0,"gold_loss":0.0,"damage_taken":16.0},{"damage_healed":0.0,"max_hp_gain":5.0,"max_hp_loss":0.0,"gold_gain":0.0,"event_name":"Forgotten Altar","player_choice":"Shed Blood","floor":21.0,"gold_loss":0.0,"damage_taken":20.0},{"damage_healed":0,"gold_gain":0,"player_choice":"Memory 3","damage_taken":10,"max_hp_gain":0,"max_hp_loss":0,"event_name":"SensoryStone","floor":38,"gold_loss":0},{"damage_healed":0,"gold_gain":0,"player_choice":"Fight","damage_taken":0,"max_hp_gain":0,"max_hp_loss":0,"event_name":"Mysterious Sphere","floor":39,"gold_loss":0}],"is_beta":false,"boss_relics":[{"not_picked":["FrozenCore","Coffee Dripper"],"picked":"Runic Pyramid"},{"not_picked":["Black Star","Velvet Choker"],"picked":"Busted Crown"}],"items_purged_floors":[10,22,47],"is_endless":false,"potions_floor_spawned":[1,5,7,13,19,29,33,39,40,42,48],"ascension_level":0}}