{"host":"pj7egx7jkoz18hom","time":1613196248,"event":{"mods":["AchievementEnabler","BaseMod","Keyboard Shortcuts","Minty Spire (QoL Compilation)","SuperFastMode"],"gold_per_floor":[110,285,304,322,338,372,384,155,178,193,205,222,222,242,242,344,344,357,357,368,380,127,152,152,152,152,163,173,202,202,202,202],"floor_reached":31,"language":"KOR","playtime":1633,"items_purged":["Doubt","Defend_B"],"score":262,"play_id":"818531f1-1bf7-4f9f-8bf1-b2cf8bdebd19","local_time":"20210213150408","is_ascension_mode":false,"campfire_choices":[{"data":"Blizzard","floor":15,"key":"SMITH"},{"floor":24,"key":"REST"}],"circlet_count":0,"master_deck":["Strike_B","Strike_B","Defend_B","Defend_B","Zap","Dualcast","Self Repair","Glacier","Capacitor","Redo","Ball Lightning","Storm","Aggregate","Blizzard+1","Buffer","Cold Snap","Double Energy","Defragment","Coolheaded","Amplify"],"relics":["FrozenCore","Bronze Scales","Boot","Spirit Poop","Anchor","Strawberry","HornCleat","Red Mask","Nloth\u0027s Gift"],"acts_visited":["Exordium","TheCity"],"potions_floor_usage":[4,10,23,23,28,29],"damage_taken":[{"damage":1,"enemies":"Small Slimes","floor":1,"turns":4},{"damage":3,"enemies":"Jaw Worm","floor":3,"turns":6},{"damage":5,"enemies":"Cultist","floor":4,"turns":6},{"damage":13,"enemies":"Looter","floor":5,"turns":4},{"damage":16,"enemies":"3 Sentries","floor":6,"turns":7},{"damage":25,"enemies":"Gremlin Gang","floor":7,"turns":3},{"damage":0,"enemies":"Large Slime","floor":10,"turns":5},{"damage":5,"enemies":"Looter","floor":11,"turns":3},{"damage":13,"enemies":"Red Slaver","floor":12,"turns":2},{"damage":1,"enemies":"3 Louse","floor":14,"turns":2},{"damage":46,"enemies":"Slime Boss","floor":16,"turns":9},{"damage":16,"enemies":"Spheric Guardian","floor":18,"turns":4},{"damage":0,"enemies":"3 Byrds","floor":20,"turns":3},{"damage":26,"enemies":"Cultist and Chosen","floor":21,"turns":7},{"damage":40,"enemies":"Slavers","floor":23,"turns":4},{"damage":13,"enemies":"Snake Plant","floor":27,"turns":4},{"damage":17,"enemies":"3 Cultists","floor":28,"turns":5},{"damage":18,"enemies":"Masked Bandits","floor":29,"turns":4},{"damage":34,"enemies":"Gremlin Leader","floor":31,"turns":7}],"seed_played":"-2481968540297370117","potions_obtained":[{"floor":3,"key":"Fruit Juice"},{"floor":6,"key":"SkillPotion"},{"floor":10,"key":"Strength Potion"},{"floor":12,"key":"GamblersBrew"},{"floor":16,"key":"SteroidPotion"},{"floor":21,"key":"LiquidBronze"},{"floor":23,"key":"SneckoOil"},{"floor":28,"key":"DuplicationPotion"}],"is_trial":false,"path_per_floor":["M","?","M","M","M","E","M","$","T","M","M","M","?","M","R","B",null,"M","?","M","M","$","E","R","?","T","M","M","?","?","E"],"character_chosen":"DEFECT","items_purchased":["Bronze Scales","Anchor"],"campfire_rested":1,"item_purchase_floors":[8,22],"current_hp_per_floor":[74,74,75,80,74,65,47,47,47,54,56,43,69,75,75,36,80,71,71,71,52,52,26,52,52,52,46,36,32,32,0,0],"gold":202,"neow_bonus":"TRANSFORM_TWO_CARDS","is_daily":false,"chose_seed":false,"campfire_upgraded":1,"win_rate":0.0,"timestamp":1613196248,"path_taken":["M","?","M","M","M","E","M","$","T","M","M","M","?","M","R","BOSS","M","?","?","M","$","E","R","?","T","M","?","?","?","E"],"items_purchased_type":["Relic","Relic"],"build_version":"2020-12-22","purchased_purges":2,"victory":false,"max_hp_per_floor":[75,75,75,80,80,80,80,80,80,80,80,80,80,80,80,80,80,80,80,80,80,80,87,87,87,87,87,87,87,87,87,87],"card_choices":[{"not_picked":["Melter","Compile Driver"],"picked":"Capacitor","floor":1},{"not_picked":["Self Repair","Hologram"],"picked":"Redo","floor":3},{"not_picked":["Hologram","Steam"],"picked":"Ball Lightning","floor":4},{"not_picked":["Genetic Algorithm","Steam Power"],"picked":"Storm","floor":5},{"not_picked":["FTL","Gash","Undo"],"picked":"SKIP","floor":6},{"not_picked":["Consume","Stack","Steam Power"],"picked":"SKIP","floor":7},{"not_picked":["Blizzard","Gash"],"picked":"Aggregate","floor":10},{"not_picked":["Compile Driver","Glacier","Doom and Gloom"],"picked":"SKIP","floor":11},{"not_picked":["Tempest","Multi-Cast"],"picked":"Blizzard","floor":12},{"not_picked":["Blizzard","Hologram","Rebound"],"picked":"SKIP","floor":14},{"not_picked":["Machine Learning","Creative AI"],"picked":"Buffer","floor":16},{"not_picked":["Chaos","Leap"],"picked":"Cold Snap","floor":18},{"not_picked":["Go for the Eyes","Streamline+1"],"picked":"Double Energy","floor":20},{"not_picked":["FTL+1","Stack"],"picked":"Defragment","floor":21},{"not_picked":["Hello World","Conserve Battery"],"picked":"Coolheaded","floor":23},{"not_picked":["Auto Shields","Consume"],"picked":"Amplify","floor":27},{"not_picked":["Sweeping Beam+1","Cold Snap","Gash"],"picked":"SKIP","floor":28}],"player_experience":27170,"relics_obtained":[{"floor":6,"key":"Mercury Hourglass"},{"floor":9,"key":"Boot"},{"floor":23,"key":"Strawberry"},{"floor":26,"key":"HornCleat"},{"floor":29,"key":"Red Mask"}],"event_choices":[{"damage_healed":0,"gold_gain":175,"player_choice":"AGREE","damage_taken":0,"max_hp_gain":0,"max_hp_loss":0,"event_name":"Liars Game","floor":2,"gold_loss":0,"cards_obtained":["Doubt"]},{"damage_healed":26,"gold_gain":0,"player_choice":"Banana","damage_taken":0,"max_hp_gain":0,"max_hp_loss":0,"event_name":"Big Fish","floor":13,"gold_loss":0},{"cards_removed":["Doubt"],"damage_healed":0,"gold_gain":0,"player_choice":"Offered Curse","damage_taken":0,"relics_obtained":["Spirit Poop"],"max_hp_gain":0,"max_hp_loss":0,"event_name":"Bonfire Elementals","floor":19,"gold_loss":0},{"cards_removed":["Strike_B"],"damage_healed":0,"gold_gain":0,"player_choice":"Purged","damage_taken":0,"max_hp_gain":0,"max_hp_loss":0,"event_name":"Purifier","floor":25,"gold_loss":0},{"damage_healed":0,"gold_gain":0,"player_choice":"Fought Bandits","damage_taken":0,"max_hp_gain":0,"max_hp_loss":0,"event_name":"Masked Bandits","floor":29,"gold_loss":0},{"damage_healed":0,"gold_gain":0,"player_choice":"Traded Relic","damage_taken":0,"relics_obtained":["Nloth\u0027s Gift"],"max_hp_gain":0,"max_hp_loss":0,"event_name":"N\u0027loth","floor":30,"relics_lost":["Mercury Hourglass"],"gold_loss":0}],"is_beta":false,"boss_relics":[{"not_picked":["Runic Dome","SacredBark"],"picked":"FrozenCore"}],"items_purged_floors":[8,22],"is_endless":false,"potions_floor_spawned":[3,6,10,12,16,21,23,28],"killed_by":"Gremlin Leader","ascension_level":0}}