{"host":"2yqfi47fogfu1ic4","time":1613223158,"event":{"mods":["AchievementEnabler","BaseMod","Colored Map","Colored Powertips","Highlight Path","Minty Spire (QoL Compilation)","Permanent Neow","Relic Stats","StSLib"],"gold_per_floor":[113,124,143,162,179,179,179,204,204,51,64,64,83,108,108,181,181,199,199,226,239,239,264,189,89,168,168,168,180,190,22,22,99,99,115,115,140,140,156,181,210,242,242,277,277,316,316,338,338,338,338,338,338,39,68,68],"floor_reached":57,"language":"DEU","playtime":7357,"items_purged":["Strike_G","Strike_G","Pain"],"score":3281,"play_id":"38e374a5-eb81-4acf-8a18-a95c87c12bcd","local_time":"20210213143237","is_ascension_mode":true,"campfire_choices":[{"data":"Dash","floor":6,"key":"SMITH"},{"data":"Bouncing Flask","floor":12,"key":"SMITH"},{"data":"Footwork","floor":15,"key":"SMITH"},{"floor":27,"key":"RECALL"},{"data":"Neutralize","floor":32,"key":"SMITH"},{"floor":45,"key":"DIG"},{"floor":47,"key":"DIG"},{"data":"Sadistic Nature","floor":49,"key":"SMITH"},{"floor":53,"key":"DIG"}],"circlet_count":0,"master_deck":["AscendersBane","Strike_G","Defend_G","Defend_G","Defend_G","Defend_G","Defend_G","Survivor","Neutralize+1","Dash+1","Slice","Bouncing Flask+1","Dagger Throw","PiercingWail","Dagger Throw","Footwork+1","Reflex+1","Acrobatics+1","Adrenaline+1","Phantasmal Killer+1","PiercingWail+1","Terror+1","Dodge and Roll+1","Outmaneuver+1","Backflip+1","Concentrate+1","Night Terror+1","PanicButton+1","Sadistic Nature+1","Discovery+1","Backflip+1","Adrenaline+1","Crippling Poison+1","Deflect+1","PanicButton+1"],"relics":["Runic Dome","Dead Branch","Gremlin Horn","Toxic Egg 2","Runic Pyramid","Red Mask","Bottled Tornado","Ginger","Pantograph","WarpedTongs","SlaversCollar","WingedGreaves","White Beast Statue","Gambling Chip","Shovel","Dream Catcher","CeramicFish","The Courier","Tingsha","Bottled Lightning","HornCleat","Lantern"],"acts_visited":["Exordium","TheCity","TheBeyond","TheEnding"],"potions_floor_usage":[8,20],"damage_taken":[{"damage":7,"enemies":"Jaw Worm","floor":1,"turns":5},{"damage":0,"enemies":"2 Louse","floor":2,"turns":4},{"damage":0,"enemies":"Cultist","floor":3,"turns":4},{"damage":11,"enemies":"Exordium Wildlife","floor":4,"turns":5},{"damage":4,"enemies":"Blue Slaver","floor":5,"turns":4},{"damage":9,"enemies":"3 Sentries","floor":8,"turns":7},{"damage":0,"enemies":"2 Fungi Beasts","floor":11,"turns":4},{"damage":0,"enemies":"Lots of Slimes","floor":13,"turns":5},{"damage":0,"enemies":"Gremlin Nob","floor":14,"turns":3},{"damage":1,"enemies":"Hexaghost","floor":16,"turns":10},{"damage":9,"enemies":"3 Byrds","floor":18,"turns":5},{"damage":0,"enemies":"Masked Bandits","floor":20,"turns":2},{"damage":0,"enemies":"Shell Parasite","floor":21,"turns":4},{"damage":0,"enemies":"Book of Stabbing","floor":23,"turns":5},{"damage":3,"enemies":"Snecko","floor":29,"turns":5},{"damage":2,"enemies":"Sentry and Sphere","floor":30,"turns":6},{"damage":7,"enemies":"Champ","floor":33,"turns":8},{"damage":0,"enemies":"3 Darklings","floor":35,"turns":7},{"damage":0,"enemies":"Mind Bloom Boss Battle","floor":37,"turns":3},{"damage":12,"enemies":"3 Shapes","floor":39,"turns":3},{"damage":0,"enemies":"Nemesis","floor":40,"turns":3},{"damage":9,"enemies":"Reptomancer","floor":41,"turns":3},{"damage":0,"enemies":"Nemesis","floor":42,"turns":5},{"damage":0,"enemies":"Reptomancer","floor":44,"turns":4},{"damage":0,"enemies":"Giant Head","floor":46,"turns":6},{"damage":0,"enemies":"3 Darklings","floor":48,"turns":3},{"damage":0,"enemies":"Donu and Deca","floor":50,"turns":5},{"damage":18,"enemies":"Time Eater","floor":51,"turns":12},{"damage":7,"enemies":"Shield and Spear","floor":55,"turns":8},{"damage":61,"enemies":"The Heart","floor":56,"turns":13}],"seed_played":"7501450559204809159","potions_obtained":[{"floor":1,"key":"Swift Potion"},{"floor":3,"key":"SneckoOil"},{"floor":13,"key":"SmokeBomb"},{"floor":14,"key":"Regen Potion"},{"floor":18,"key":"FairyPotion"},{"floor":20,"key":"FairyPotion"}],"is_trial":false,"path_per_floor":["M","M","M","M","M","R","?","E","T","$","M","R","M","E","R","B",null,"M","?","?","M","T","E","?","$","T","R","?","M","M","$","R","B",null,"M","?","?","?","M","E","E","E","T","E","R","E","R","M","R","B","B",null,"R","$","E","B",null],"character_chosen":"THE_SILENT","items_purchased":["Footwork","Concentrate+1","HornCleat","PanicButton+1"],"campfire_rested":0,"item_purchase_floors":[10,31,54,54],"current_hp_per_floor":[52,52,52,41,37,37,32,23,23,23,23,23,23,23,23,22,55,46,46,51,51,51,51,51,51,51,51,51,48,46,46,46,59,64,64,54,66,66,54,54,45,45,45,45,45,45,45,45,45,66,48,62,62,62,55,5],"gold":68,"neow_bonus":"BOSS_RELIC","is_daily":false,"chose_seed":false,"campfire_upgraded":5,"win_rate":0.0,"timestamp":1613223157,"path_taken":["M","M","M","M","M","R","?","E","T","$","M","R","M","E","R","BOSS","M","?","?","?","?","E","?","?","T","R","?","?","M","$","R","BOSS","M","?","?","?","M","E","E","E","T","E","R","E","R","M","R","BOSS","BOSS","R","$","E","BOSS"],"items_purchased_type":["Card","Card","Relic","Card"],"build_version":"2020-12-22","purchased_purges":3,"victory":true,"max_hp_per_floor":[66,66,66,66,66,66,66,66,66,66,66,66,66,66,66,66,66,66,66,66,66,66,66,66,66,66,66,66,66,66,66,66,66,66,66,66,66,66,66,66,66,66,66,66,66,66,66,66,66,66,66,66,66,66,66,66],"relic_stats":{"Dream Catcher":0,"Shovel":3,"Gremlin Horn":[29,29],"counters":[30,161],"Dead Branch":[199],"Pantograph":64,"Gambling Chip":[15],"CeramicFish":27,"Tingsha":[207],"Ginger":[10],"obtain_stats":[{"Lantern":55,"Gremlin Horn":8,"Dead Branch":7,"CeramicFish":45,"Tingsha":47,"The Courier":46,"Ginger":23,"Bottled Tornado":22,"White Beast Statue":40,"WarpedTongs":28,"Runic Dome":0,"SlaversCollar":34,"Dream Catcher":44,"Shovel":42,"HornCleat":54,"Pantograph":26,"Gambling Chip":41,"WingedGreaves":37,"Red Mask":20,"Bottled Lightning":53,"Toxic Egg 2":9,"Ring of the Snake":0,"Runic Pyramid":17},{"Lantern":29,"Gremlin Horn":6,"Dead Branch":5,"CeramicFish":24,"Tingsha":25,"The Courier":25,"Ginger":14,"Bottled Tornado":13,"White Beast Statue":21,"WarpedTongs":14,"Runic Dome":0,"SlaversCollar":17,"Dream Catcher":24,"Shovel":23,"HornCleat":28,"Pantograph":14,"Gambling Chip":22,"WingedGreaves":19,"Red Mask":12,"Bottled Lightning":28,"Toxic Egg 2":6,"Ring of the Snake":0,"Runic Pyramid":10},{"Lantern":148,"Gremlin Horn":29,"Dead Branch":22,"CeramicFish":114,"Tingsha":120,"The Courier":120,"Ginger":67,"Bottled Tornado":62,"White Beast Statue":102,"WarpedTongs":67,"Runic Dome":0,"SlaversCollar":86,"Dream Catcher":114,"Shovel":110,"HornCleat":140,"Pantograph":67,"Gambling Chip":105,"WingedGreaves":96,"Red Mask":58,"Bottled Lightning":140,"Toxic Egg 2":29,"Ring of the Snake":0,"Runic Pyramid":51}],"WarpedTongs":[91]},"card_choices":[{"not_picked":["Calculated Gamble","Endless Agony"],"picked":"Dash","floor":1},{"not_picked":["Prepared","Flechettes"],"picked":"Slice","floor":2},{"not_picked":["Acrobatics","Skewer"],"picked":"Bouncing Flask","floor":3},{"not_picked":["PiercingWail","Concentrate"],"picked":"Dagger Throw","floor":4},{"not_picked":["Acrobatics","Heel Hook"],"picked":"PiercingWail","floor":5},{"not_picked":["Distraction","Escape Plan"],"picked":"Dagger Throw","floor":8},{"not_picked":["Infinite Blades","PiercingWail+1"],"picked":"Reflex+1","floor":11},{"not_picked":["Choke","Reflex+1"],"picked":"Acrobatics+1","floor":13},{"not_picked":["Tools of the Trade","Leg Sweep+1"],"picked":"Adrenaline+1","floor":14},{"not_picked":["Grand Finale","Envenom"],"picked":"Phantasmal Killer+1","floor":16},{"not_picked":["Flying Knee","Sucker Punch"],"picked":"PiercingWail+1","floor":18},{"not_picked":["Deflect+1","All Out Attack"],"picked":"Dodge and Roll+1","floor":20},{"not_picked":["Masterful Stab","Sucker Punch"],"picked":"Outmaneuver+1","floor":21},{"not_picked":["Underhanded Strike","Masterful Stab","All Out Attack"],"picked":"SKIP","floor":23},{"not_picked":["Expertise+1","Slice+1"],"picked":"Backflip+1","floor":29},{"not_picked":["Envenom","Bane","Poisoned Stab"],"picked":"SKIP","floor":30},{"not_picked":["Venomology+1","After Image"],"picked":"Night Terror+1","floor":33},{"not_picked":["Cloak And Dagger+1","Bouncing Flask+1","Slice"],"picked":"SKIP","floor":35},{"not_picked":["Trip+1","Magnetism"],"picked":"PanicButton+1","floor":36},{"not_picked":["Discovery+1","Mayhem"],"picked":"Sadistic Nature","floor":36},{"not_picked":["Metamorphosis+1","Flash of Steel"],"picked":"Discovery+1","floor":36},{"not_picked":["Acrobatics+1","Well Laid Plans"],"picked":"Backflip+1","floor":37},{"not_picked":["Finisher","Cloak And Dagger+1","All Out Attack"],"picked":"SKIP","floor":39},{"not_picked":["Dagger Spray","Acrobatics+1","Bane"],"picked":"SKIP","floor":40},{"not_picked":["Cloak And Dagger+1","Dagger Throw","Bane+1"],"picked":"SKIP","floor":41},{"not_picked":["Acrobatics+1","Endless Agony","Dagger Spray"],"picked":"SKIP","floor":42},{"not_picked":["Blade Dance+1","Tools of the Trade"],"picked":"Adrenaline+1","floor":44},{"not_picked":["Masterful Stab","Expertise+1"],"picked":"Crippling Poison+1","floor":46},{"not_picked":["Dagger Throw","Cloak And Dagger+1"],"picked":"Deflect+1","floor":48},{"not_picked":["Acrobatics+1","Sucker Punch","Corpse Explosion+1"],"picked":"SKIP","floor":55}],"player_experience":1802821,"relics_obtained":[{"floor":8,"key":"Gremlin Horn"},{"floor":9,"key":"Toxic Egg 2"},{"floor":20,"key":"Red Mask"},{"floor":22,"key":"Bottled Tornado"},{"floor":23,"key":"Ginger"},{"floor":26,"key":"Pantograph"},{"floor":37,"key":"WingedGreaves"},{"floor":40,"key":"White Beast Statue"},{"floor":41,"key":"Gambling Chip"},{"floor":42,"key":"Shovel"},{"floor":44,"key":"Dream Catcher"},{"floor":45,"key":"CeramicFish"},{"floor":46,"key":"The Courier"},{"floor":47,"key":"Tingsha"},{"floor":53,"key":"Bottled Lightning"},{"floor":55,"key":"Lantern"}],"event_choices":[{"damage_healed":0,"gold_gain":0,"player_choice":"Success","damage_taken":5,"relics_obtained":["Dead Branch"],"max_hp_gain":0,"max_hp_loss":0,"event_name":"Scrap Ooze","floor":7,"gold_loss":0},{"damage_healed":0,"gold_gain":0,"player_choice":"Read","damage_taken":0,"max_hp_gain":0,"max_hp_loss":0,"event_name":"The Library","floor":19,"gold_loss":0,"cards_obtained":["Terror"]},{"damage_healed":0,"gold_gain":0,"player_choice":"Fought Bandits","damage_taken":0,"max_hp_gain":0,"max_hp_loss":0,"event_name":"Masked Bandits","floor":20,"gold_loss":0},{"cards_removed":["Strike_G"],"damage_healed":0,"gold_gain":0,"player_choice":"Gave Gold","damage_taken":0,"max_hp_gain":0,"max_hp_loss":0,"event_name":"Beggar","floor":24,"gold_loss":75},{"damage_healed":0,"gold_gain":0,"player_choice":"Rummage","damage_taken":0,"relics_obtained":["WarpedTongs"],"max_hp_gain":0,"max_hp_loss":0,"event_name":"Accursed Blacksmith","floor":28,"gold_loss":0,"cards_obtained":["Pain"]},{"damage_healed":0,"gold_gain":0,"player_choice":"Memory 3","damage_taken":10,"max_hp_gain":0,"max_hp_loss":0,"event_name":"SensoryStone","floor":36,"gold_loss":0},{"damage_healed":0,"gold_gain":0,"player_choice":"Fight","damage_taken":0,"max_hp_gain":0,"max_hp_loss":0,"event_name":"MindBloom","floor":37,"gold_loss":0},{"cards_removed":["Strike_G"],"damage_healed":0,"gold_gain":0,"player_choice":"Removed Attack","damage_taken":0,"max_hp_gain":0,"max_hp_loss":0,"event_name":"Falling","floor":38,"gold_loss":0}],"is_beta":false,"boss_relics":[{"not_picked":["Philosopher\u0027s Stone","Fusion Hammer"],"picked":"Runic Pyramid"},{"not_picked":["Black Star","Sozu"],"picked":"SlaversCollar"}],"items_purged_floors":[10,25,31],"is_endless":false,"potions_floor_spawned":[1,3,13,14,18,20,30,35,39,41,42,44,46,48,55],"ascension_level":20}}