{"host":"mbdoul6vyoik0vux","time":1613198522,"event":{"mods":["100% Spire Juice","Act Like it!","Arknights","BaseMod","Bossed Relics","Energized Spire","Faster Ascension Climbing","Gensokyo","HololiveMod","Hyrulean Relics","LagranYue(拉格朗・月)","Lobotomy","LobotomyExtend","Luminous","Minty Spire (QoL Compilation)","Quick Restart","Reimu（博丽灵梦）","Relic Filter Mod","Reliquary","Remilia_Scarlet Moed（蕾米莉亚・斯卡雷特）3.3.5","Remilia（蕾米莉亚）","RumiaBox-露米娅的神秘盒子","Spicy Shops","StSLib","The Alterego","The Animator","The Dragon Tamer","WarShipGirlsR/战舰少女R mod","Youmu（魂魄妖梦）","Yuyuko","noobMod","【功能Mod】混沌之环修复补丁","篝火指南"],"gold_per_floor":[113,998890,998880,998895,998895,997032,997052,996059,996059,994412,994441,994457,994466,994500,993403,993403,993403],"floor_reached":16,"language":"ZHS","playtime":1415,"items_purged":["Wellcheers"],"score":235,"play_id":"579e83c9-7292-4d03-94b7-3f03f3afc12b","local_time":"20210213144202","is_ascension_mode":false,"campfire_choices":[],"circlet_count":0,"master_deck":["Fantasy Butterflies","Fantasy Butterflies","Fantasy Butterflies","Fantasy Butterflies","Fantasy Butterflies","Dreamy Sakura","Dreamy Sakura","Dreamy Sakura+1","Dreamy Sakura","Dreamy Sakura","Deathly Ground+1","Faramita\u0027s Temptation","Redemption of Death","Gensokyo:Shovel","Gensokyo:BlemishedSteel","Gensokyo:Kunekune","Gensokyo:Apocalypse","Open The Fan","Wandering Soul","Thinking Ahead","Redemption of Death+1","City of Death","FairyFestival","Become Phantom","Thinking Ahead","Monster Cherry Tree","Unstable Ward","Serene Spring+1","The Forgotten Winter","Finesse","Scenery of Papilio","Dark Wind","Open The Fan","Showy Withering","Ghostdom Sakura","Gather the Spring+1"],"relics":["Coronal","Yuyuko\u0027s fan","ice","LagranYue:RandomDrawCardRelic","CogitoBucket","RabbitCall","LetterFromLob","HandDrill","LagranYue:NewUniverseRelic","Chemical X","Toolbox","Gensokyo:OccultBall","Molten Egg 2","Pen Nib","Matryoshka","OrangePellets","Toy Ornithopter","Lee\u0027s Waffle","Ghost Lamp","ClockworkSouvenir","TentaclePot:ReiMu","reliquary:QuartzCube","Incense Burner","reliquary:Buckler","MealTicket","Kunai","DollysMirror","Unceasing Top","ClockworkSouvenir","Bag of Preparation","Gremlin Horn","Sling","PreservedInsect","AntiCross","Bag of Marbles","Calipers","reliquary:TridentHead","reliquary:PorcupineQuills","reliquary:TuningFork","Medical Kit","Frozen Eye"],"acts_visited":["Gensokyo:Gensokyo"],"potions_floor_usage":[13],"damage_taken":[{"damage":36,"enemies":"Gensokyo:Python","floor":1,"turns":5},{"damage":15,"enemies":"Gensokyo:2_Kodama","floor":4,"turns":3},{"damage":8,"enemies":"Gensokyo:Gryphon","floor":7,"turns":3},{"damage":3,"enemies":"Gensokyo:Mamizou","floor":11,"turns":3},{"damage":11,"enemies":"Gensokyo:2_Rabbits","floor":12,"turns":1},{"damage":7,"enemies":"Gensokyo:5_Fairies","floor":13,"turns":3},{"damage":17,"enemies":"Gensokyo:Mamizou","floor":14,"turns":3},{"damage":7,"enemies":"Gensokyo:Kokoro","floor":16,"turns":3}],"seed_played":"-461651553779014393","potions_obtained":[{"floor":4,"key":"Block Potion"},{"floor":7,"key":"EntropicBrew"}],"is_trial":false,"path_per_floor":["M","COS","?","M","?","R","M","$","T","$","?","M","M","E","R","B"],"character_chosen":"YUYOKO","items_purchased":["Wandering Soul","Molten Egg 2","Pen Nib","Matryoshka","OrangePellets","Toy Ornithopter","Lee\u0027s Waffle","Turbid Wine","Thinking Ahead","Redemption of Death+1","Ghost Lamp","ClockworkSouvenir","TentaclePot:ReiMu","reliquary:QuartzCube","Incense Burner","Become Phantom","reliquary:Buckler","DollysMirror","Unceasing Top","reliquary:SculptingSteel","Bag of Preparation","Gremlin Horn","Sling","Monster Cherry Tree","Unstable Ward","Serene Spring+1","The Forgotten Winter","Finesse","Calipers","reliquary:TridentHead","reliquary:PorcupineQuills","reliquary:TuningFork","Medical Kit","Frozen Eye","Ghostdom Sakura","Gather the Spring+1"],"campfire_rested":0,"item_purchase_floors":[6,6,6,6,6,6,6,6,6,6,8,8,8,8,8,8,8,10,10,10,10,10,10,10,10,10,10,10,15,15,15,15,15,15,15,15],"current_hp_per_floor":[11,11,11,37,37,47,43,43,43,50,47,39,46,30,30,35,35],"gold":993403,"neow_bonus":"","is_daily":false,"chose_seed":false,"campfire_upgraded":0,"win_rate":0.0,"timestamp":1613198522,"path_taken":["M","COS","?","M","?","R","M","?","T","$","?","M","?","E","R","BOSS"],"items_purchased_type":["Card","Relic","Relic","Relic","Relic","Relic","Relic","Potion","Card","Card","Relic","Relic","Relic","Relic","Relic","Card","Relic","Relic","Relic","Relic","Relic","Relic","Relic","Card","Card","Card","Card","Card","Relic","Relic","Relic","Relic","Relic","Relic","Card","Card"],"build_version":"2020-12-22","purchased_purges":1,"victory":false,"max_hp_per_floor":[40,40,40,40,40,47,50,50,50,50,50,50,53,53,53,57,57],"card_choices":[{"not_picked":["Bloodbath","LongBird","LaLuna"],"picked":"Singing Bowl","floor":1},{"not_picked":["SingingMachine","Bloodbath"],"picked":"Wellcheers","floor":1},{"not_picked":["Dark Wind","Death Dancing"],"picked":"Redemption of Death","floor":1},{"not_picked":[],"picked":"Ticket to Heaven","floor":3},{"not_picked":["Butterflies in Dream","End of Faramita"],"picked":"Open The Fan","floor":4},{"not_picked":["CherryBlossoms","SpiderBud","Scorched"],"picked":"Singing Bowl","floor":4},{"not_picked":["The Forgotten Winter","End of Faramita"],"picked":"City of Death","floor":7},{"not_picked":["Freischutz","GreedKing","BlackSwan"],"picked":"Singing Bowl","floor":7},{"not_picked":["Bloodbath","BeautyBeast"],"picked":"FairyFestival","floor":7},{"not_picked":["Stifle+1","Redemption of Death+1"],"picked":"Scenery of Papilio","floor":11},{"not_picked":["CrumblingArmor","Porccubus","Variant"],"picked":"Singing Bowl","floor":11},{"not_picked":["Death Dancing+1","Unknown Petal"],"picked":"Dark Wind","floor":12},{"not_picked":["UniverseFragment","CrumblingArmor","VoidDream"],"picked":"Singing Bowl","floor":12},{"not_picked":["Unborn Light+1","Final of Final+1"],"picked":"Open The Fan","floor":13},{"not_picked":["Triple Snow","Become Phantom"],"picked":"Showy Withering","floor":14},{"not_picked":["Freischutz","Scorched","BlueStar"],"picked":"Singing Bowl","floor":14}],"player_experience":71962,"relics_obtained":[{"floor":1,"key":"LetterFromLob"},{"floor":9,"key":"MealTicket"},{"floor":9,"key":"Kunai"},{"floor":11,"key":"AntiCross"},{"floor":14,"key":"Bag of Marbles"}],"event_choices":[],"is_beta":false,"boss_relics":[],"items_purged_floors":[10],"is_endless":false,"potions_floor_spawned":[4,7],"killed_by":"Gensokyo:Kokoro","ascension_level":0}}