{"host":"v9duy90nce28uent","time":1613194805,"event":{"mods":["BaseMod","Colored Map","Colored Powertips","Conspire","Downfall","Hermit","Highlight Path","Infinite Spire","Minty Spire (QoL Compilation)","Quick Restart","Rare Cards Sparkle","Replay The Spire","StSLib","The Cursed","The Disciple","The Hierophant","The Runesmith"],"gold_per_floor":[115,115,133,13,33,33,49,49,49,49,349,368,386,386,398,415,415,513,513,527,582,607,619,619,619,619],"floor_reached":24,"language":"ENG","playtime":3413,"items_purged":["Guardian:Strike_Guardian"],"score":190,"play_id":"ae9c8758-57f6-4e01-b102-092508ba43f3","local_time":"20210213004005","is_ascension_mode":false,"campfire_choices":[{"data":"Guardian:TwinSlam","floor":6,"key":"SMITH"},{"floor":14,"key":"REST"},{"data":"Guardian:Planning","floor":17,"key":"SMITH"}],"circlet_count":0,"master_deck":["Guardian:Strike_Guardian","Guardian:Strike_Guardian","Guardian:Strike_Guardian","Guardian:Defend_Guardian","Guardian:Defend_Guardian","Guardian:Defend_Guardian","Guardian:CurlUp","Guardian:TwinSlam+1","Guardian:PiercingHide","Guardian:Reroute","Guardian:PiercingHide","Guardian:Incinerate","Guardian:Planning+1","Guardian:BaubleBeam","Guardian:PrismaticBeam","Guardian:Incinerate","Guardian:Gem_Green","Guardian:Planning+1"],"relics":["Honey Jar","Old Coin","conspire:SpecialSausage","Toy Ornithopter","Red Mask"],"acts_visited":["Exordium","TheCity"],"potions_floor_usage":[16],"damage_taken":[{"damage":10,"enemies":"Cultist","floor":1,"turns":4},{"damage":3,"enemies":"conspire:RoseBush","floor":3,"turns":3},{"damage":2,"enemies":"Small Slimes","floor":5,"turns":2},{"damage":10,"enemies":"3 Louse","floor":7,"turns":3},{"damage":12,"enemies":"Large Slime","floor":12,"turns":7},{"damage":3,"enemies":"Looter","floor":13,"turns":3},{"damage":3,"enemies":"Red Slaver","floor":15,"turns":2},{"damage":0,"enemies":"Lots of Slimes","floor":16,"turns":3},{"damage":21,"enemies":"The Guardian","floor":18,"turns":10},{"damage":1,"enemies":"conspire:FuzzyDice","floor":20,"turns":7},{"damage":15,"enemies":"Masked Bandits","floor":22,"turns":5},{"damage":6,"enemies":"Shell Parasite","floor":23,"turns":5},{"damage":32,"enemies":"Cultist and Chosen","floor":24,"turns":6}],"seed_played":"7194041178303147158","potions_obtained":[{"floor":1,"key":"FearPotion"},{"floor":5,"key":"Strength Potion"},{"floor":12,"key":"Swift Potion"},{"floor":15,"key":"Fire Potion"},{"floor":20,"key":"Weak Potion"},{"floor":21,"key":"DistilledChaos"},{"floor":21,"key":"Death Potion"},{"floor":22,"key":"Elixir"}],"is_trial":false,"path_per_floor":["M","?","M","$","M","R","M","PTL","PTL","?","T","M","M","R","M","M","R","B",null,"M","?","?","M","M"],"character_chosen":"GUARDIAN","items_purchased":["Guardian:Gem_Green"],"campfire_rested":1,"item_purchase_floors":[4],"current_hp_per_floor":[70,70,67,67,65,65,55,55,55,55,55,43,40,64,61,61,61,40,80,79,47,32,26,0,0,0],"gold":619,"neow_bonus":"BOSS_RELIC","is_daily":false,"chose_seed":false,"campfire_upgraded":2,"win_rate":0.0,"timestamp":1613194805,"path_taken":["M","?","M","$","M","R","M","PTL","PTL","?","T","M","M","R","M","M","R","BOSS","M","?","?","M","M"],"items_purchased_type":["Card"],"build_version":"2020-12-22","purchased_purges":1,"victory":false,"max_hp_per_floor":[80,80,80,80,80,80,80,80,80,80,80,80,80,80,80,80,80,80,80,80,80,80,80,80,80,80],"card_choices":[{"not_picked":["Guardian:Gem_Red","Guardian:TimeCapacitor","Guardian:ChargeCore"],"picked":"Guardian:PiercingHide","floor":1},{"not_picked":["Guardian:TimeCapacitor","Guardian:ConstructionForm","Guardian:ShieldCharger"],"picked":"Guardian:Reroute","floor":3},{"not_picked":["Guardian:TemporalShield","Guardian:CrystalBeam","Guardian:ChargeCore"],"picked":"Guardian:PiercingHide","floor":5},{"not_picked":["Guardian:Planning","Guardian:Gem_Green","Guardian:CrystalBeam"],"picked":"Guardian:Gem_Synthetic","floor":7},{"not_picked":["Guardian:BodySlam","Guardian:PrimingBeam","Guardian:SpikerProtocol"],"picked":"Guardian:Gem_Cyan","floor":12},{"not_picked":["Guardian:TemporalShield","Guardian:FastForward","Guardian:Emergency"],"picked":"Guardian:Incinerate","floor":13},{"not_picked":["Guardian:TemporalStrike","Guardian:Harden","Guardian:PiercingHide"],"picked":"Guardian:Planning","floor":15},{"not_picked":["Guardian:Gem_White","Guardian:Gem_Lightblue","Guardian:Reroute"],"picked":"Guardian:Gem_Crimson","floor":16},{"not_picked":["Guardian:TimeSifter","Guardian:FastForward","Guardian:RevengeProtocol"],"picked":"Guardian:BaubleBeam","floor":18},{"not_picked":["Guardian:MultiBeam","Guardian:TimeBomb","Guardian:TemporalStrike"],"picked":"Guardian:PrismaticBeam","floor":20},{"not_picked":["Guardian:ChargeCore","Guardian:FloatingOrbs+1","Guardian:RollAttack+1"],"picked":"Guardian:Incinerate","floor":21},{"not_picked":["Guardian:RollAttack+1","Guardian:TemporalStrike","Guardian:Incinerate+1"],"picked":"Guardian:Gem_Green","floor":22},{"not_picked":["Guardian:Suspension","Guardian:DonusPower","Guardian:WalkerClaw"],"picked":"Guardian:Planning+1","floor":23}],"player_experience":85358,"relics_obtained":[{"floor":11,"key":"Old Coin"},{"floor":21,"key":"Toy Ornithopter"},{"floor":22,"key":"Red Mask"}],"event_choices":[{"damage_healed":0,"gold_gain":0,"player_choice":"Ignored","damage_taken":0,"max_hp_gain":0,"max_hp_loss":0,"event_name":"Liars Game","floor":10,"gold_loss":0},{"damage_healed":0,"gold_gain":0,"player_choice":"Fought Bandits","damage_taken":0,"max_hp_gain":0,"max_hp_loss":0,"event_name":"Masked Bandits","floor":22,"gold_loss":0}],"is_beta":false,"boss_relics":[{"not_picked":["Ectoplasm","Runic Pyramid"],"picked":"conspire:SpecialSausage"}],"items_purged_floors":[4],"is_endless":false,"potions_floor_spawned":[1,5,12,15,20,22],"killed_by":"Cultist and Chosen","ascension_level":0}}