{"host":"farxtl2u8hmkbdo2","time":1613252745,"event":{"mods":["A Magickal Journey","BaseMod","Better Altar","Better Note","Better Sensory Stone","Better Skull","Better Third Choice","Challenge The Spire","Colored Map","Colored Powertips","Current Relic Mod","Downfall","Energized Spire","Fox Events","Gremlin Mod","Hermit","Hubris","Mimic Mod","Minty Spire (QoL Compilation)","Quick Restart","READ ME - Guardian Mod","Rare Cards Sparkle","StSLib","The Bladedancer","The Bug Knight","The Cursed","The Disciple","The Hierophant","The Marked","The Necromancer","The Runesmith","Transform Curses"],"gold_per_floor":[99,110,110,128,128,156,272,272,290,29,63,163,197,197,209,312,389,389,404,423,423,423,456,570,580,580,23,55,71,71,102,117,222,299,299,310,413,425,438,467,597,612,412,462,362,376,394,407,427,427,427,459,13,13,13,13],"floor_reached":57,"language":"SPA","playtime":5555,"items_purged":["downfall:Bewildered"],"score":1454,"play_id":"8f42e6e6-4f51-4b98-bfc3-c66f695289c1","local_time":"20210213184545","is_ascension_mode":true,"campfire_choices":[{"data":"Guardian:TwinSlam","floor":1.0,"key":"SMITH"},{"data":"Sunder","floor":18.0,"key":"SMITH"},{"data":"Guardian:BodySlam","floor":30.0,"key":"SMITH"},{"data":"Guardian:SphericShield","floor":35.0,"key":"SMITH"},{"floor":43.0,"key":"RECALL"},{"floor":45.0,"key":"REST"},{"data":"Guardian:AncientConstruct","floor":54.0,"key":"SMITH"}],"circlet_count":0,"master_deck":["Guardian:Strike_Guardian","Guardian:Strike_Guardian","Guardian:Strike_Guardian","Guardian:Defend_Guardian","Guardian:Defend_Guardian","Guardian:Defend_Guardian","Guardian:CurlUp","Guardian:TwinSlam+1","Guardian:ShieldSpikes","Guardian:FierceBash+1","Guardian:VentSteam","Guardian:TemporalStrike","Guardian:GemFire","CurseOfTheBell","CurseOfTheBell","Guardian:AncientConstruct+1","downfall:Haunted","Sunder+1","Guardian:SphericShield+1","Guardian:TimeCapacitor","Dramatic Entrance","Enlightenment","Guardian:Planning","Guardian:SpikerProtocol","Guardian:MultiBeam+1","Guardian:StasisStrike","Guardian:Harden+1","Guardian:PrismaticBeam","Guardian:BodySlam+1","Guardian:DonusPower+1","Guardian:DecasProtection+1","Echo Form","Conserve Battery+1","Guardian:FuturePlans+1","Guardian:BodySlam+1","Guardian:CompilePackage+1","Guardian:Recover+1","Guardian:ChargeCore+1","Chill+1","Guardian:ShieldSpikes+1","Guardian:Clone+1","Guardian:PiercingHide+1","Guardian:DonusPower+1","Guardian:FastForward+1"],"relics":["Guardian:ModeShifter","downfall:ShatteredFragment","foxEvents:LuckyCharm","Nunchaku","Shuriken","Bronze Scales","downfall:ExtraCursedBell","Art of War","hubris:DisguiseKit","hubris:AstralHammer","Toy Ornithopter","energizedSpire:NeverEndingSparkler","Centennial Puzzle","The Courier","hubris:Icosahedron","Toxic Egg 2","Gremlin Horn","Omamori","hubris:MysteriousPyramids","hubris:ScarierMask","Prayer Wheel","Bag of Marbles","downfall:HeartBlessingGreen","downfall:HeartBlessingBlue","Gambling Chip","downfall:HeartBlessingRed","hubris:CrystalStatue","Toolbox","Eternal Feather","Runesmith:AutoHammer"],"acts_visited":["Exordium","TheCity","TheBeyond","TheEnding"],"potions_floor_usage":[],"damage_taken":[{"damage":0.0,"enemies":"Small Slimes","floor":2.0,"turns":4.0},{"damage":0.0,"enemies":"2 Louse","floor":4.0,"turns":3.0},{"damage":11.0,"enemies":"Colosseum Slavers","floor":6.0,"turns":3.0},{"damage":4.0,"enemies":"Jaw Worm","floor":7.0,"turns":5.0},{"damage":7.0,"enemies":"Jaw Worm","floor":9.0,"turns":2.0},{"damage":5.0,"enemies":"downfall:FleeingMerchant","floor":10.0,"turns":4.0},{"damage":0.0,"enemies":"Gremlin Nob","floor":11.0,"turns":2.0},{"damage":16.0,"enemies":"Lagavulin","floor":13.0,"turns":5.0},{"damage":0.0,"enemies":"Large Slime","floor":15.0,"turns":2.0},{"damage":6.0,"enemies":"IC_STATUS_ARCHETYPE","floor":16.0,"turns":6.0},{"damage":0.0,"enemies":"3 Byrds","floor":19.0,"turns":2.0},{"damage":0.0,"enemies":"Spheric Guardian","floor":20.0,"turns":2.0},{"damage":35.0,"enemies":"Slavers","floor":23.0,"turns":5.0},{"damage":3.0,"enemies":"Centurion and Healer","floor":24.0,"turns":3.0},{"damage":0.0,"enemies":"Centurion and Healer","floor":25.0,"turns":4.0},{"damage":10.0,"enemies":"downfall:FleeingMerchant","floor":27.0,"turns":4.0},{"damage":12.0,"enemies":"Book of Stabbing","floor":28.0,"turns":3.0},{"damage":10.0,"enemies":"Snecko","floor":29.0,"turns":3.0},{"damage":0.0,"enemies":"Slavers","floor":31.0,"turns":3.0},{"damage":0.0,"enemies":"Snake Plant","floor":32.0,"turns":2.0},{"damage":16.0,"enemies":"SI_MIRROR_ARCHETYPE","floor":33.0,"turns":4.0},{"damage":0.0,"enemies":"Orb Walker","floor":36.0,"turns":2.0},{"damage":4.0,"enemies":"3 Shapes","floor":38.0,"turns":3.0},{"damage":16.0,"enemies":"Transient","floor":39.0,"turns":5.0},{"damage":37.0,"enemies":"Nemesis","floor":40.0,"turns":5.0},{"damage":6.0,"enemies":"Spire Growth","floor":42.0,"turns":3.0},{"damage":4.0,"enemies":"Spire Growth","floor":44.0,"turns":4.0},{"damage":0.0,"enemies":"Maw","floor":46.0,"turns":4.0},{"damage":0.0,"enemies":"Sphere and 2 Shapes","floor":47.0,"turns":4.0},{"damage":0.0,"enemies":"3 Darklings","floor":48.0,"turns":3.0},{"damage":0.0,"enemies":"Writhing Mass","floor":49.0,"turns":3.0},{"damage":32.0,"enemies":"DF_ARCHETYPE_ORBS","floor":50.0,"turns":6.0},{"damage":43.0,"enemies":"downfall:CharBossMerchant","floor":52.0,"turns":7.0},{"damage":12.0,"enemies":"downfall:NeowBoss","floor":55.0,"turns":9.0},{"damage":41,"enemies":"downfall:NeowBossFinal","floor":56,"turns":9}],"seed_played":"2405042493366549698","potions_obtained":[{"floor":0.0,"key":"Guardian:StasisDiscoveryPotion"},{"floor":0.0,"key":"SkillPotion"},{"floor":0.0,"key":"LiquidMemories"},{"floor":15.0,"key":"EssenceOfSteel"},{"floor":22.0,"key":"foxEvents:VialedCaress"},{"floor":25.0,"key":"Swift Potion"},{"floor":28.0,"key":"BlessingOfTheForge"},{"floor":29.0,"key":"LiquidMemories"},{"floor":33.0,"key":"PowerPotion"},{"floor":40.0,"key":"BlessingOfTheForge"},{"floor":42.0,"key":"Energy Potion"},{"floor":44.0,"key":"Guardian:BlockOnCardUsePotion"},{"floor":46.0,"key":"Guardian:BlockOnCardUsePotion"},{"floor":52.0,"key":"Swift Potion"}],"is_trial":false,"path_per_floor":["R","M","?","M","?","?","MIM","?","M","$","E","?","E","?","M","B",null,"R","M","M","?","?","E","MIM","M","?","$","E","M","R","E","M","B",null,"R","M","?","M","M","E","T","M","R","?","R","M","M","M","M","B",null,"E","$","R","B","B",null],"character_chosen":"GUARDIAN","items_purchased":["Shuriken","Toxic Egg 2","Gremlin Horn","Guardian:Harden+1","Guardian:PrismaticBeam","Toolbox","Eternal Feather","Runesmith:AutoHammer"],"campfire_rested":1,"item_purchase_floors":[10,27,27,27,27,53,53,53],"current_hp_per_floor":[80,80,56,56,56,45,41,41,34,29,29,29,13,13,13,12,80,80,80,80,80,68,33,30,68,68,58,46,36,36,36,36,30,68,68,68,68,64,48,16,16,10,20,16,39,44,49,49,49,27,78,35,35,62,55,14],"gold":13,"neow_bonus":"THREE_SMALL_POTIONS","is_daily":false,"chose_seed":false,"campfire_upgraded":5,"win_rate":0.0,"timestamp":1613252745,"path_taken":["R","M","?","M","?","?","MIM","?","?","$","E","?","E","?","M","BOSS","R","M","M","?","?","E","MIM","?","?","$","E","M","R","E","M","BOSS","R","M","?","M","M","E","T","M","R","?","R","M","M","M","M","BOSS","E","$","R","BOSS","BOSS"],"items_purchased_type":["Relic","Relic","Relic","Card","Card","Relic","Relic","Relic"],"build_version":"2020-12-22","purchased_purges":1,"victory":true,"max_hp_per_floor":[80,80,80,80,80,80,80,80,80,80,80,80,80,80,80,80,80,80,80,80,80,68,68,68,68,68,68,68,68,68,68,68,68,68,68,68,68,68,68,68,68,68,78,78,78,78,78,78,78,78,78,78,78,78,78,78],"card_choices":[{"not_picked":["Guardian:Reroute","Guardian:TemporalShield"],"picked":"Guardian:ShieldSpikes","floor":2.0},{"not_picked":["Guardian:PrismaticBeam","Guardian:WalkerClaw"],"picked":"Guardian:FierceBash","floor":4.0},{"not_picked":["Guardian:ChargeCore","Guardian:TemporalShield"],"picked":"Guardian:VentSteam","floor":7.0},{"not_picked":["Guardian:Incinerate","Guardian:Suspension"],"picked":"Guardian:TemporalStrike","floor":9.0},{"not_picked":["Guardian:Orbwalk","Guardian:Gem_Red"],"picked":"Guardian:GemFire","floor":10.0},{"not_picked":["Guardian:Gem_Cyan","Guardian:Reroute"],"picked":"Guardian:Gem_Fragmented","floor":11.0},{"not_picked":["Guardian:Planning","Guardian:Gem_Lightblue","hubris:Prefetch"],"picked":"Guardian:Gem_Cyan","floor":13.0},{"not_picked":["Guardian:RollAttack","Guardian:PrimingBeam","Guardian:GuardianWhirl"],"picked":"Sunder","floor":15.0},{"not_picked":["Guardian:HyperBeam_Guardian","Guardian:RevengeProtocol","Thunder Strike"],"picked":"Guardian:SphericShield","floor":16.0},{"not_picked":["Guardian:PrismaticBarrier","Guardian:RollAttack","Compile Driver"],"picked":"Guardian:TimeCapacitor","floor":19.0},{"not_picked":["Guardian:TemporalStrike","Guardian:Gem_Lightblue","Steam"],"picked":"Guardian:Gem_Crimson","floor":20.0},{"not_picked":["Trip","Finesse"],"picked":"Dramatic Entrance","floor":21.0},{"not_picked":["Deep Breath","Sadistic Nature"],"picked":"Enlightenment","floor":21.0},{"not_picked":["Guardian:Suspension","Guardian:SpikerProtocol","Go for the Eyes"],"picked":"Guardian:Planning","floor":23.0},{"not_picked":["Guardian:Gem_White","Guardian:Suspension","Darkness"],"picked":"Guardian:SpikerProtocol","floor":24.0},{"not_picked":["Guardian:Gem_Fragmented","Guardian:Planning","Redo"],"picked":"Guardian:MultiBeam+1","floor":25.0},{"not_picked":["Guardian:Clone","Guardian:TimeBomb","Reinforced Body"],"picked":"Guardian:StasisStrike","floor":27.0},{"not_picked":["Guardian:TemporalShield+1","Guardian:GuardianWhirl","Hologram"],"picked":"Guardian:BodySlam","floor":28.0},{"not_picked":["Guardian:TemporalStrike","Guardian:VentSteam+1","Sweeping Beam"],"picked":"Guardian:DonusPower+1","floor":29.0},{"not_picked":["Guardian:ArmoredProtocol","Guardian:GuardianWhirl+1","Streamline"],"picked":"Guardian:DecasProtection+1","floor":31.0},{"not_picked":["Guardian:BodySlam+1","Guardian:WalkerClaw","Stack"],"picked":"Guardian:Gem_Red","floor":32.0},{"not_picked":["Guardian:RevengeProtocol","Guardian:HyperBeam_Guardian","Guardian:GemFire"],"picked":"Echo Form","floor":33.0},{"not_picked":["Guardian:PrimingBeam","Guardian:TemporalStrike","Guardian:RollAttack"],"picked":"Conserve Battery","floor":36.0},{"not_picked":["Guardian:Recover+1","Guardian:ShieldCharger+1","Storm"],"picked":"Guardian:Gem_Lightblue","floor":38.0},{"not_picked":["Guardian:Gem_Purple","Guardian:Emergency+1","Streamline"],"picked":"Guardian:FuturePlans+1","floor":39.0},{"not_picked":["Guardian:TemporalStrike","Guardian:PolyBeam+1","Recycle"],"picked":"Guardian:BodySlam+1","floor":40.0},{"not_picked":["Guardian:CrystalBeam","Guardian:PrimingBeam","Turbo"],"picked":"Guardian:CompilePackage+1","floor":42.0},{"not_picked":["Guardian:WalkerClaw+1","Guardian:VentSteam+1","Barrage"],"picked":"Guardian:Recover+1","floor":42.0},{"not_picked":["Guardian:TemporalStrike+1","Guardian:PolyBeam+1","Beam Cell"],"picked":"Guardian:Gem_Red","floor":44.0},{"not_picked":["Guardian:EvasiveProtocol","Guardian:PrismaticBarrier+1","Sweeping Beam"],"picked":"Guardian:ChargeCore+1","floor":46.0},{"not_picked":["Guardian:PrimingBeam+1","Guardian:ChargeCore","Streamline"],"picked":"Guardian:Gem_Green","floor":46.0},{"not_picked":["Guardian:TemporalStrike+1","Guardian:PrismaticBeam+1","Guardian:GuardianWhirl+1"],"picked":"Chill","floor":47.0},{"not_picked":["Guardian:TemporalShield+1","Guardian:Gem_Lightblue","Leap"],"picked":"Guardian:Gem_Cyan","floor":47.0},{"not_picked":["Guardian:Suspension+1","Guardian:VentSteam+1","Stack"],"picked":"Guardian:ShieldSpikes+1","floor":48.0},{"not_picked":["Guardian:SentryBeam","Guardian:CrystalBeam+1","Stack"],"picked":"Guardian:Clone+1","floor":48.0},{"not_picked":["Guardian:Recover+1","Guardian:Gem_Red","hubris:DoWhile"],"picked":"Guardian:PiercingHide+1","floor":49.0},{"not_picked":["Guardian:Gem_Blue","Guardian:ChargeCore+1","Melter"],"picked":"Guardian:DonusPower+1","floor":49.0},{"not_picked":["Guardian:Orbwalk","Guardian:DonusPower+1","Compile Driver"],"picked":"Guardian:FastForward+1","floor":52.0}],"player_experience":2197996,"relics_obtained":[{"floor":6.0,"key":"foxEvents:LuckyCharm"},{"floor":7.0,"key":"Nunchaku"},{"floor":11.0,"key":"Bronze Scales"},{"floor":12.0,"key":"Art of War"},{"floor":12.0,"key":"hubris:DisguiseKit"},{"floor":12.0,"key":"hubris:AstralHammer"},{"floor":13.0,"key":"Toy Ornithopter"},{"floor":23.0,"key":"Centennial Puzzle"},{"floor":24.0,"key":"The Courier"},{"floor":28.0,"key":"Omamori"},{"floor":31.0,"key":"hubris:MysteriousPyramids"},{"floor":40.0,"key":"Prayer Wheel"},{"floor":41.0,"key":"Bag of Marbles"},{"floor":44.0,"key":"Gambling Chip"},{"floor":52.0,"key":"hubris:CrystalStatue"}],"event_choices":[{"cards_removed":["Guardian:Strike_Guardian"],"damage_healed":0.0,"max_hp_gain":0.0,"max_hp_loss":0.0,"gold_gain":0.0,"event_name":"Bonfire Elementals","player_choice":"Offered Basic","floor":8.0,"gold_loss":0.0,"damage_taken":0.0},{"damage_healed":0.0,"max_hp_gain":0.0,"max_hp_loss":0.0,"gold_gain":0.0,"event_name":"Living Wall","player_choice":"Grow","floor":14.0,"gold_loss":0.0,"damage_taken":0.0,"cards_upgraded":["Guardian:FierceBash"]},{"damage_healed":0.0,"max_hp_gain":0.0,"max_hp_loss":0.0,"gold_gain":2.0,"event_name":"betterStone:BetterStone","player_choice":"1","floor":21.0,"gold_loss":0.0,"damage_taken":0.0}],"is_beta":false,"boss_relics":[{"not_picked":["Runesmith:UraniumAnvil","hubris:RunicObelisk"],"picked":"energizedSpire:NeverEndingSparkler"},{"not_picked":["Empty Cage","Sozu"],"picked":"hubris:ScarierMask"}],"items_purged_floors":[27],"is_endless":false,"potions_floor_spawned":[4,6,9,15,25,28,29,33,40,42,44,46,52],"ascension_level":2}}