{"host":"7krnriczr1b2ou5r","time":1613215257,"event":{"mods":["BaseMod","Keyboard Shortcuts","Minty Spire (QoL Compilation)","Relic Stats","StSLib"],"gold_per_floor":[115,132,145,220,234,234,234,268,321,347,358,358,161,196,196,273,273,290,290,290,308,318,318,348,364,364,390,390,425,425,457,457,532,532,544,562,579,479,499,534,534,561,561,595,595,595],"floor_reached":45,"language":"KOR","playtime":2523,"items_purged":["Strike_G","Defend_G"],"score":1627,"play_id":"d2a83a5c-bb23-42ff-86ff-bb196ffa0034","local_time":"20210213202057","is_ascension_mode":true,"campfire_choices":[{"data":"Cloak And Dagger","floor":6.0,"key":"SMITH"},{"data":"Eviscerate","floor":12.0,"key":"SMITH"},{"data":"Calculated Gamble","floor":15.0,"key":"SMITH"},{"data":"Malaise","floor":23,"key":"SMITH"},{"data":"Well Laid Plans","floor":30,"key":"SMITH"},{"data":"Adrenaline","floor":32,"key":"SMITH"}],"circlet_count":0,"master_deck":["AscendersBane","Strike_G","Defend_G","Defend_G","Survivor","Neutralize","Cloak And Dagger+1","Eviscerate+1","Blade Dance","Acrobatics+1","Tactician+1","Reflex+1","Acrobatics","Calculated Gamble+1","Well Laid Plans+1","Malaise+1","A Thousand Cuts","Adrenaline+1","After Image","Escape Plan","Wraith Form v2","Juggernaut+1","Blur","Purity"],"relics":["Sozu","Meat on the Bone","Blood Vial","Orichalcum","Prayer Wheel","Calling Bell","Lantern","Pantograph","Mango","CultistMask","Sundial","Bottled Lightning","Omamori","Strawberry","Tough Bandages","Black Star","Regal Pillow","Potion Belt","Ninja Scroll","Calipers","Letter Opener","MealTicket","The Specimen"],"acts_visited":["TheCity","TheBeyond"],"potions_floor_usage":[],"damage_taken":[{"damage":0.0,"enemies":"Jaw Worm","floor":1.0,"turns":5.0},{"damage":0.0,"enemies":"2 Louse","floor":2.0,"turns":3.0},{"damage":0.0,"enemies":"Cultist","floor":3.0,"turns":3.0},{"damage":2.0,"enemies":"Exordium Wildlife","floor":5.0,"turns":5.0},{"damage":11.0,"enemies":"Lagavulin","floor":8.0,"turns":5.0},{"damage":0.0,"enemies":"3 Sentries","floor":10.0,"turns":7.0},{"damage":0.0,"enemies":"Looter","floor":11.0,"turns":2.0},{"damage":0.0,"enemies":"Gremlin Nob","floor":14.0,"turns":2.0},{"damage":5.0,"enemies":"Slime Boss","floor":16.0,"turns":7.0},{"damage":0.0,"enemies":"Chosen","floor":18.0,"turns":2.0},{"damage":12,"enemies":"Spheric Guardian","floor":21,"turns":4},{"damage":0,"enemies":"Snecko","floor":22,"turns":4},{"damage":4,"enemies":"Gremlin Leader","floor":24,"turns":5},{"damage":5,"enemies":"Snake Plant","floor":25,"turns":3},{"damage":12,"enemies":"Slavers","floor":27,"turns":4},{"damage":0,"enemies":"Gremlin Leader","floor":29,"turns":5},{"damage":0,"enemies":"Book of Stabbing","floor":31,"turns":3},{"damage":12,"enemies":"Collector","floor":33,"turns":4},{"damage":0,"enemies":"3 Darklings","floor":35,"turns":3},{"damage":0,"enemies":"3 Shapes","floor":36,"turns":3},{"damage":0,"enemies":"Writhing Mass","floor":37,"turns":6},{"damage":0,"enemies":"Jaw Worm Horde","floor":39,"turns":3},{"damage":0,"enemies":"Reptomancer","floor":40,"turns":3},{"damage":0,"enemies":"Giant Head","floor":42,"turns":3},{"damage":0,"enemies":"Reptomancer","floor":44,"turns":3},{"damage":0,"enemies":"Transient","floor":45,"turns":3}],"seed_played":"4127449891751573288","potions_obtained":[],"is_trial":false,"path_per_floor":["M","M","M","?","M","R","?","E","T","E","M","R","$","E","R","B",null,"M","?","?","M","M","R","E","M","T","E","?","E","R","E","R","B",null,"M","M","M","$","M","E","?","E","T","E","M"],"character_chosen":"THE_SILENT","items_purchased":["Calculated Gamble","Well Laid Plans"],"campfire_rested":0,"item_purchase_floors":[13,13],"current_hp_per_floor":[59,59,59,48,46,46,46,35,35,37,39,39,39,41,41,38,73,75,75,75,65,67,67,65,62,62,52,52,61,61,63,63,75,84,86,87,87,87,87,87,87,87,87,87,87,87],"gold":595,"neow_bonus":"BOSS_RELIC","is_daily":false,"chose_seed":false,"campfire_upgraded":6,"win_rate":0.0,"timestamp":1613215257,"path_taken":["M","M","M","?","M","R","?","E","T","E","?","R","$","E","R","BOSS","M","?","?","?","M","R","E","M","T","E","?","E","R","E","R","BOSS","M","M","M","$","M","E","?","E","T","E","M"],"items_purchased_type":["Card","Card"],"build_version":"2020-12-22","purchased_purges":2,"victory":false,"max_hp_per_floor":[66,66,66,66,66,66,66,66,66,66,66,66,66,66,66,66,80,80,80,80,80,80,80,80,80,80,80,80,87,87,87,87,87,87,87,87,87,87,87,87,87,87,87,87,87,87],"relic_stats":{"Regal Pillow":0,"counters":[26,100],"Letter Opener":[35],"Orichalcum":[18],"Sozu":11,"Blood Vial":27,"Tough Bandages":[564],"Sundial":[38],"Pantograph":24,"Prayer Wheel":9,"MealTicket":0,"Black Star":3,"obtain_stats":[{"Potion Belt":40,"Lantern":17,"Regal Pillow":40,"Calipers":42,"The Specimen":44,"Mango":17,"Omamori":27,"Letter Opener":43,"Orichalcum":10,"Sozu":0,"Blood Vial":9,"Calling Bell":17,"Tough Bandages":31,"Sundial":24,"Ninja Scroll":42,"Pantograph":17,"Strawberry":29,"Prayer Wheel":14,"MealTicket":44,"CultistMask":20,"Black Star":34,"Bottled Lightning":26,"Ring of the Snake":0,"Meat on the Bone":8},{"Potion Belt":23,"Lantern":9,"Regal Pillow":23,"Calipers":24,"The Specimen":25,"Mango":9,"Omamori":15,"Letter Opener":24,"Orichalcum":6,"Sozu":0,"Blood Vial":5,"Calling Bell":9,"Tough Bandages":17,"Sundial":13,"Ninja Scroll":24,"Pantograph":9,"Strawberry":16,"Prayer Wheel":8,"MealTicket":25,"CultistMask":10,"Black Star":18,"Bottled Lightning":14,"Ring of the Snake":0,"Meat on the Bone":5},{"Potion Belt":91,"Lantern":39,"Regal Pillow":91,"Calipers":94,"The Specimen":97,"Mango":39,"Omamori":61,"Letter Opener":94,"Orichalcum":28,"Sozu":0,"Blood Vial":21,"Calling Bell":39,"Tough Bandages":69,"Sundial":54,"Ninja Scroll":94,"Pantograph":39,"Strawberry":66,"Prayer Wheel":32,"MealTicket":97,"CultistMask":41,"Black Star":73,"Bottled Lightning":57,"Ring of the Snake":0,"Meat on the Bone":21}],"Meat on the Bone":0},"card_choices":[{"not_picked":["Backflip","Bane"],"picked":"Cloak And Dagger","floor":1.0},{"not_picked":["Quick Slash","Terror"],"picked":"Eviscerate","floor":2.0},{"not_picked":["Dodge and Roll","Deflect","Poisoned Stab"],"picked":"SKIP","floor":3.0},{"not_picked":["Flying Knee","Cloak And Dagger"],"picked":"Blade Dance","floor":5.0},{"not_picked":["Sucker Punch","Blade Dance","Burst"],"picked":"SKIP","floor":8.0},{"not_picked":["PiercingWail","Underhanded Strike","Infinite Blades"],"picked":"SKIP","floor":10.0},{"not_picked":["Quick Slash","Infinite Blades","Deflect"],"picked":"SKIP","floor":11.0},{"not_picked":["Flying Knee","Heel Hook","Burst"],"picked":"SKIP","floor":14.0},{"not_picked":["Storm of Steel","Venomology"],"picked":"Malaise","floor":16.0},{"not_picked":["Expertise","Bouncing Flask","Terror"],"picked":"SKIP","floor":18},{"not_picked":["Noxious Fumes","Dagger Throw","Poisoned Stab+1"],"picked":"SKIP","floor":18},{"not_picked":["Deadly Poison","Outmaneuver","Acrobatics"],"picked":"SKIP","floor":21},{"not_picked":["Flying Knee","Cloak And Dagger+1","Backflip"],"picked":"SKIP","floor":21},{"not_picked":["Cloak And Dagger","Concentrate"],"picked":"Adrenaline","floor":22},{"not_picked":["Blade Dance","Deadly Poison","Flechettes"],"picked":"SKIP","floor":22},{"not_picked":["Skewer","Slice","Riddle With Holes+1"],"picked":"SKIP","floor":24},{"not_picked":["Prepared","Calculated Gamble+1"],"picked":"After Image","floor":25},{"not_picked":["Underhanded Strike","Prepared","Distraction"],"picked":"SKIP","floor":25},{"not_picked":["Outmaneuver","Underhanded Strike","Riddle With Holes"],"picked":"SKIP","floor":27},{"not_picked":["Reflex","Corpse Explosion"],"picked":"Escape Plan","floor":29},{"not_picked":["Crippling Poison","Grand Finale","Prepared"],"picked":"SKIP","floor":31},{"not_picked":["A Thousand Cuts","Night Terror"],"picked":"Wraith Form v2","floor":33},{"not_picked":["Heel Hook+1","Dodge and Roll","Dagger Spray"],"picked":"SKIP","floor":35},{"not_picked":["Flechettes","Deadly Poison","Flying Knee"],"picked":"SKIP","floor":35},{"not_picked":["Escape Plan","Infinite Blades","Deadly Poison"],"picked":"SKIP","floor":36},{"not_picked":["Prepared","Underhanded Strike+1","Expertise"],"picked":"SKIP","floor":36},{"not_picked":["Dagger Throw","Bane"],"picked":"Blur","floor":37},{"not_picked":["Noxious Fumes","Underhanded Strike","Doppelganger"],"picked":"SKIP","floor":37},{"not_picked":["Dagger Throw","Deadly Poison+1","Flying Knee"],"picked":"SKIP","floor":39},{"not_picked":["Sucker Punch","Bane","Outmaneuver"],"picked":"SKIP","floor":39},{"not_picked":["Storm of Steel","Blade Dance","Setup"],"picked":"SKIP","floor":40},{"not_picked":["Impatience","Violence"],"picked":"Purity","floor":41},{"not_picked":["Leg Sweep","Endless Agony","Acrobatics"],"picked":"SKIP","floor":42},{"not_picked":["Riddle With Holes+1","Outmaneuver","Heel Hook+1"],"picked":"SKIP","floor":44}],"player_experience":1081606,"relics_obtained":[{"floor":8.0,"key":"Meat on the Bone"},{"floor":9.0,"key":"Blood Vial"},{"floor":10.0,"key":"Orichalcum"},{"floor":14.0,"key":"Prayer Wheel"},{"floor":17.0,"key":"Lantern"},{"floor":17.0,"key":"Pantograph"},{"floor":17.0,"key":"Mango"},{"floor":24,"key":"Sundial"},{"floor":26,"key":"Bottled Lightning"},{"floor":27,"key":"Omamori"},{"floor":29,"key":"Strawberry"},{"floor":31,"key":"Tough Bandages"},{"floor":40,"key":"Regal Pillow"},{"floor":40,"key":"Potion Belt"},{"floor":42,"key":"Ninja Scroll"},{"floor":42,"key":"Calipers"},{"floor":43,"key":"Letter Opener"},{"floor":44,"key":"MealTicket"},{"floor":44,"key":"The Specimen"}],"event_choices":[{"damage_healed":0.0,"max_hp_gain":0.0,"max_hp_loss":0.0,"gold_gain":75.0,"event_name":"World of Goop","player_choice":"Gather Gold","floor":4.0,"gold_loss":0.0,"damage_taken":11.0},{"damage_healed":0.0,"max_hp_gain":0.0,"max_hp_loss":0.0,"gold_gain":0.0,"cards_transformed":["Strike_G"],"event_name":"Transmorgrifier","player_choice":"Transformed","floor":7.0,"gold_loss":0.0,"damage_taken":0.0,"cards_obtained":["Acrobatics"]},{"damage_healed":0,"gold_gain":0,"player_choice":"Read","damage_taken":0,"max_hp_gain":0,"max_hp_loss":0,"event_name":"The Library","floor":19,"gold_loss":0,"cards_obtained":["A Thousand Cuts"]},{"damage_healed":0,"gold_gain":0,"player_choice":"Trade","damage_taken":0,"relics_obtained":["CultistMask"],"max_hp_gain":0,"max_hp_loss":0,"event_name":"FaceTrader","floor":20,"gold_loss":0},{"cards_removed":["Defend_G"],"damage_healed":0,"gold_gain":0,"player_choice":"Elegance","damage_taken":0,"max_hp_gain":0,"max_hp_loss":0,"event_name":"Back to Basics","floor":28,"gold_loss":0},{"damage_healed":0,"gold_gain":0,"player_choice":"Memory 1","damage_taken":0,"max_hp_gain":0,"max_hp_loss":0,"event_name":"SensoryStone","floor":41,"gold_loss":0}],"is_beta":false,"boss_relics":[{"not_picked":["Ectoplasm","SlaversCollar"],"picked":"Calling Bell"},{"not_picked":["Busted Crown","Cursed Key"],"picked":"Black Star"}],"items_purged_floors":[13,38],"is_endless":false,"potions_floor_spawned":[1,2,3,8,14,24,25,27,36,40,44],"killed_by":"Transient","ascension_level":20}}