{"host":"hk6dyp3pgs92n0l4","time":1613196180,"event":{"mods":["AchievementEnabler","BaseMod","Colored Powertips","GifTheSpireLib","Infinite Spire","Minty Spire (QoL Compilation)","Random Character Mod","StSLib","The Bug Knight","The Construct","The Cursed","The Disciple","The Hierophant","The Runesmith"],"gold_per_floor":[118,133,143,143,158,233,266,283,337,337,350,350,361,361,361,361,361],"floor_reached":16,"language":"ENG","playtime":792,"items_purged":[],"score":104,"play_id":"5ab29516-c01c-4cc4-b8bb-b50c70809265","local_time":"20210212220300","is_ascension_mode":false,"campfire_choices":[{"data":"HollowMod:ShadowDash","floor":10,"key":"SMITH"},{"data":"HollowMod:BlackTendrils","floor":12,"key":"SMITH"},{"floor":15,"key":"REST"}],"circlet_count":0,"master_deck":["HollowMod:NailStrikeStart","HollowMod:NailStrikeStart","HollowMod:NailStrikeStart","HollowMod:NailStrikeStart","HollowMod:QuickDashStart","HollowMod:QuickDashStart","HollowMod:QuickDashStart","HollowMod:QuickDashStart","HollowMod:FocusHealStart","HollowMod:PogoStrike","HollowMod:DescendingDark","HollowMod:FallenFury","HollowMod:BlackTendrils","HollowMod:CoiledNail","HollowMod:ShadowDash+1","HollowMod:QuirrelsAssistance","HollowMod:BlackTendrils+1"],"relics":["HollowMod:VesselMask","Pantograph","Orichalcum","HollowMod:KingsBrand"],"acts_visited":["Exordium"],"potions_floor_usage":[16,16,16],"damage_taken":[{"damage":0,"enemies":"Small Slimes","floor":1,"turns":3},{"damage":7,"enemies":"2 Louse","floor":2,"turns":2},{"damage":1,"enemies":"Jaw Worm","floor":3,"turns":3},{"damage":11,"enemies":"Large Slime","floor":5,"turns":6},{"damage":46,"enemies":"Lagavulin","floor":7,"turns":5},{"damage":3,"enemies":"Blue Slaver","floor":8,"turns":2},{"damage":6,"enemies":"Looter","floor":11,"turns":3},{"damage":7,"enemies":"3 Louse","floor":13,"turns":2},{"damage":65,"enemies":"Hexaghost","floor":16,"turns":15}],"seed_played":"-5535696282875944335","potions_obtained":[{"floor":3,"key":"Dexterity Potion"},{"floor":7,"key":"SneckoOil"},{"floor":8,"key":"ColorlessPotion"}],"is_trial":false,"path_per_floor":["M","M","M","?","M","?","E","M","T","R","M","R","M","T","R","B"],"character_chosen":"THE_BUGKNIGHT","items_purchased":[],"campfire_rested":1,"item_purchase_floors":[],"current_hp_per_floor":[82,75,74,74,65,54,10,9,9,9,3,3,2,2,26,0,0],"gold":361,"neow_bonus":"TEN_PERCENT_HP_BONUS","is_daily":false,"chose_seed":false,"campfire_upgraded":2,"win_rate":0.0,"timestamp":1613196180,"path_taken":["M","M","M","?","M","?","E","M","T","R","M","R","M","?","R","BOSS"],"items_purchased_type":[],"build_version":"2020-12-22","purchased_purges":0,"victory":false,"max_hp_per_floor":[82,82,82,82,82,82,82,82,82,82,82,82,82,82,82,82,82],"card_choices":[{"not_picked":["HollowMod:QuirrelsAssistance","HollowMod:MawleksShell"],"picked":"HollowMod:DescendingDark","floor":1},{"not_picked":["HollowMod:HeavyBlow","HollowMod:SiblingsSouls"],"picked":"HollowMod:FallenFury","floor":2},{"not_picked":["HollowMod:BaldurShell","HollowMod:VengefulVoid"],"picked":"HollowMod:BlackTendrils","floor":3},{"not_picked":["HollowMod:CornifersMapStart","HollowMod:GoodIntentions"],"picked":"HollowMod:CoiledNail","floor":5},{"not_picked":["HollowMod:CycloneSlash","HollowMod:VengefulSpirit"],"picked":"HollowMod:ShadowDash","floor":7},{"not_picked":["HollowMod:TaintedHusks","HollowMod:DungDefenderAura"],"picked":"HollowMod:QuirrelsAssistance","floor":8},{"not_picked":["HollowMod:SoulStrike","HollowMod:VengefulVoid"],"picked":"HollowMod:BlackTendrils","floor":11},{"not_picked":["HollowMod:InfectedAttack","HollowMod:HeavyBlow","HollowMod:HornetsHelp"],"picked":"SKIP","floor":13}],"player_experience":140634,"relics_obtained":[{"floor":7,"key":"Pantograph"},{"floor":9,"key":"Orichalcum"},{"floor":14,"key":"HollowMod:KingsBrand"}],"event_choices":[{"damage_healed":0,"gold_gain":75,"player_choice":"Gather Gold","damage_taken":11,"max_hp_gain":0,"max_hp_loss":0,"event_name":"World of Goop","floor":6,"gold_loss":0}],"is_beta":false,"boss_relics":[],"items_purged_floors":[],"is_endless":false,"potions_floor_spawned":[3,7,8,13],"killed_by":"Hexaghost","ascension_level":0}}