{"host":"640uue19m79c7wbt","time":1613240763,"event":{"mods":["BaseMod","Colored Map","Googly Eyes","Highlight Path","Minty Spire (QoL Compilation)","Quick Restart","StSLib"],"gold_per_floor":[110,110,20,170,170,211,211,242,323,367,367,292,313,352,352,451,514,532,532,552,133,133,133],"floor_reached":22,"language":"ENG","playtime":684,"items_purged":["Defend_G"],"score":516,"play_id":"074627a8-3dc2-4fd1-89a1-8f79eafd8087","local_time":"20210213132603","is_ascension_mode":true,"campfire_choices":[{"data":"Cloak And Dagger","floor":7.0,"key":"SMITH"},{"data":"Blur","floor":11.0,"key":"SMITH"},{"floor":15.0,"key":"REST"}],"circlet_count":0,"master_deck":["AscendersBane","Strike_G","Strike_G","Strike_G","Strike_G+1","Defend_G","Defend_G","Defend_G","Defend_G","Survivor","Neutralize","Cloak And Dagger+1","Caltrops","Blur+1","Cloak And Dagger","Blade Dance","Blur","Blur","Bullet Time","Distraction","PiercingWail","Dagger Spray+1","Accuracy"],"relics":["Ring of the Snake","NeowsBlessing","Golden Idol","The Specimen","PreservedInsect","InkBottle","Bag of Marbles","Potion Belt","Tiny House","Kunai"],"acts_visited":["Exordium","TheCity"],"potions_floor_usage":[],"damage_taken":[{"damage":0.0,"enemies":"2 Louse","floor":1.0,"turns":1.0},{"damage":0.0,"enemies":"Lagavulin","floor":6.0,"turns":1.0},{"damage":0.0,"enemies":"Gremlin Nob","floor":8.0,"turns":1.0},{"damage":8.0,"enemies":"3 Sentries","floor":10.0,"turns":7.0},{"damage":0.0,"enemies":"Small Slimes","floor":13.0,"turns":3.0},{"damage":16.0,"enemies":"Lagavulin","floor":14.0,"turns":5.0},{"damage":35.0,"enemies":"The Guardian","floor":16.0,"turns":21.0},{"damage":40.0,"enemies":"Chosen","floor":18.0,"turns":8.0},{"damage":7.0,"enemies":"3 Byrds","floor":20.0,"turns":3.0},{"damage":17,"enemies":"Sentry and Sphere","floor":22,"turns":3}],"seed_played":"3675686063195578950","potions_obtained":[{"floor":1.0,"key":"Poison Potion"},{"floor":6.0,"key":"Block Potion"},{"floor":16.0,"key":"FearPotion"},{"floor":17.0,"key":"Fire Potion"}],"is_trial":false,"path_per_floor":["M","?","$","?","?","E","R","E","T","E","R","?","M","E","R","B",null,"M","?","M","$","M"],"character_chosen":"THE_SILENT","items_purchased":["Blur","Accuracy","Kunai"],"campfire_rested":1,"item_purchase_floors":[3,21,21],"current_hp_per_floor":[59,59,59,59,59,59,59,59,59,51,51,51,51,35,54,19,59,19,19,12,12,0,0],"gold":133,"neow_bonus":"THREE_ENEMY_KILL","is_daily":false,"chose_seed":false,"campfire_upgraded":2,"win_rate":0.0,"timestamp":1613240763,"path_taken":["M","?","$","?","?","E","R","E","T","E","R","?","M","E","R","BOSS","M","?","M","$","M"],"items_purchased_type":["Card","Card","Relic"],"build_version":"2020-12-22","purchased_purges":1,"victory":false,"max_hp_per_floor":[66,66,66,66,66,66,66,66,66,66,66,66,66,66,66,66,71,71,71,71,71,71,71],"card_choices":[{"not_picked":["PiercingWail","Quick Slash"],"picked":"Cloak And Dagger","floor":1.0},{"not_picked":["Dagger Throw","Dodge and Roll"],"picked":"Cloak And Dagger","floor":6.0},{"not_picked":["Prepared","Poisoned Stab"],"picked":"Blade Dance","floor":8.0},{"not_picked":["Infinite Blades","Catalyst"],"picked":"Blur","floor":10.0},{"not_picked":["Sucker Punch","Distraction"],"picked":"Blur","floor":13.0},{"not_picked":["Quick Slash","All Out Attack","Poisoned Stab"],"picked":"SKIP","floor":14.0},{"not_picked":["Wraith Form v2","Phantasmal Killer"],"picked":"Bullet Time","floor":16.0},{"not_picked":["Bane","All Out Attack"],"picked":"Distraction","floor":17.0},{"not_picked":["All Out Attack","Riddle With Holes"],"picked":"PiercingWail","floor":18.0},{"not_picked":["Deflect+1","Underhanded Strike"],"picked":"Dagger Spray+1","floor":20.0}],"player_experience":682429,"relics_obtained":[{"floor":6.0,"key":"The Specimen"},{"floor":8.0,"key":"PreservedInsect"},{"floor":9.0,"key":"InkBottle"},{"floor":10.0,"key":"Bag of Marbles"},{"floor":14.0,"key":"Potion Belt"}],"event_choices":[{"damage_healed":0.0,"max_hp_gain":0.0,"max_hp_loss":0.0,"gold_gain":0.0,"cards_transformed":["Strike_G"],"event_name":"Living Wall","player_choice":"Change","floor":2.0,"gold_loss":0.0,"damage_taken":0.0,"cards_obtained":["Caltrops"]},{"damage_healed":0.0,"max_hp_gain":0.0,"max_hp_loss":0.0,"gold_gain":150.0,"event_name":"Liars Game","player_choice":"AGREE","floor":4.0,"gold_loss":0.0,"damage_taken":0.0,"cards_obtained":["Doubt"]},{"damage_healed":0.0,"max_hp_gain":0.0,"max_hp_loss":0.0,"gold_gain":0.0,"event_name":"Golden Idol","player_choice":"Take Wound","floor":5.0,"gold_loss":0.0,"damage_taken":0.0,"relics_obtained":["Golden Idol"],"cards_obtained":["Injury"]},{"cards_removed":["Doubt"],"damage_healed":0.0,"max_hp_gain":0.0,"max_hp_loss":0.0,"gold_gain":0.0,"event_name":"The Cleric","player_choice":"Card Removal","floor":12.0,"gold_loss":75.0,"damage_taken":0.0},{"cards_removed":["Injury"],"damage_healed":0.0,"max_hp_gain":0.0,"max_hp_loss":0.0,"gold_gain":0.0,"event_name":"Back to Basics","player_choice":"Elegance","floor":19.0,"gold_loss":0.0,"damage_taken":0.0}],"is_beta":false,"boss_relics":[{"not_picked":["Runic Pyramid","Runic Dome"],"picked":"Tiny House"}],"items_purged_floors":[21],"is_endless":false,"potions_floor_spawned":[1,6,16],"killed_by":"Sentry and Sphere","ascension_level":20}}