{"host":"rolltorest","time":1613255364,"event":{"mods":["BaseMod","Minty Spire (QoL Compilation)","Relic Stats","Slay the Relics Exporter","StSLib"],"gold_per_floor":[116,116,135,135,59,59,78,78,78,78,78,107,32,60,60,137,137,156,156,168,168,184,184,211,225,297,309,328,354,354,367,367,367,367],"floor_reached":33,"language":"ENG","playtime":910,"items_purged":[],"score":590,"play_id":"3c5c91ef-5d87-4dcd-ab50-44df1a1228a2","local_time":"20210213142924","is_ascension_mode":true,"campfire_choices":[{"data":"Carnage","floor":6,"key":"SMITH"},{"data":"Battle Trance","floor":8,"key":"SMITH"},{"data":"Bash","floor":10,"key":"SMITH"},{"data":"Uppercut","floor":15,"key":"SMITH"},{"floor":23,"key":"REST"},{"data":"Offering","floor":30,"key":"SMITH"},{"data":"Rupture","floor":32,"key":"SMITH"}],"circlet_count":0,"master_deck":["AscendersBane","Strike_R+1","Strike_R+1","Strike_R+1","Strike_R+1","Defend_R+1","Defend_R+1","Defend_R+1","Defend_R+1","Bash+1","Metallicize","Flex","Flame Barrier","Carnage+1","Battle Trance+1","Headbutt","Uppercut+1","Shrug It Off","Offering+1","Shrug It Off","True Grit+1","Burning Pact","Burning Pact","Second Wind","Rupture+1","Battle Trance","Dropkick"],"relics":["Burning Blood","NeowsBlessing","InkBottle","Blood Vial","Self Forming Clay","Ornamental Fan","Philosopher\u0027s Stone","Meat on the Bone","Bottled Lightning","Orichalcum"],"acts_visited":["Exordium","TheCity"],"potions_floor_usage":[16,27,29,31],"damage_taken":[{"damage":0,"enemies":"Small Slimes","floor":1,"turns":1},{"damage":0,"enemies":"Cultist","floor":3,"turns":1},{"damage":0,"enemies":"2 Louse","floor":7,"turns":1},{"damage":30,"enemies":"3 Sentries","floor":12,"turns":10},{"damage":24,"enemies":"Lagavulin","floor":14,"turns":5},{"damage":36,"enemies":"The Guardian","floor":16,"turns":8},{"damage":15,"enemies":"Spheric Guardian","floor":18,"turns":4},{"damage":19,"enemies":"2 Thieves","floor":20,"turns":3},{"damage":35,"enemies":"Chosen and Byrds","floor":22,"turns":9},{"damage":24,"enemies":"Slavers","floor":24,"turns":7},{"damage":6,"enemies":"3 Cultists","floor":25,"turns":5},{"damage":9,"enemies":"Cultist and Chosen","floor":27,"turns":7},{"damage":14,"enemies":"Centurion and Healer","floor":28,"turns":6},{"damage":35,"enemies":"Book of Stabbing","floor":29,"turns":6},{"damage":11,"enemies":"Snecko","floor":31,"turns":3},{"damage":10,"enemies":"Automaton","floor":33,"turns":3}],"seed_played":"-7037774724116815498","potions_obtained":[{"floor":1,"key":"PowerPotion"},{"floor":18,"key":"Weak Potion"},{"floor":24,"key":"LiquidBronze"},{"floor":25,"key":"Fire Potion"},{"floor":28,"key":"Explosive Potion"},{"floor":31,"key":"BlessingOfTheForge"}],"is_trial":false,"path_per_floor":["M","?","M","$","$","R","M","R","T","R","?","E","$","E","R","B",null,"M","?","M","?","M","R","E","M","T","M","M","E","R","M","R","B"],"character_chosen":"IRONCLAD","items_purchased":["Carnage","Uppercut"],"campfire_rested":1,"item_purchase_floors":[5,13],"current_hp_per_floor":[74,74,75,75,75,75,75,75,75,75,75,51,51,35,35,7,58,51,51,40,40,13,35,19,33,33,44,50,35,35,44,44,36,36],"gold":367,"neow_bonus":"THREE_ENEMY_KILL","is_daily":false,"chose_seed":false,"campfire_upgraded":6,"win_rate":0.0,"timestamp":1613255364,"path_taken":["M","?","?","?","$","R","M","R","T","R","?","E","$","E","R","BOSS","M","?","M","?","M","R","E","M","T","M","?","E","R","M","R","BOSS"],"items_purchased_type":["Card","Card"],"build_version":"2020-12-18","purchased_purges":0,"victory":false,"max_hp_per_floor":[75,75,75,75,75,75,75,75,75,75,75,75,75,75,75,75,75,75,75,75,75,75,75,75,75,75,75,75,75,75,75,75,75,75],"relic_stats":{"Blood Vial":24,"counters":[16,78],"Self Forming Clay":[93],"Ornamental Fan":[36],"Orichalcum":[0],"obtain_stats":[{"Blood Vial":11,"NeowsBlessing":0,"Self Forming Clay":12,"Ornamental Fan":14,"Philosopher\u0027s Stone":17,"Bottled Lightning":26,"Orichalcum":29,"Burning Blood":0,"InkBottle":9,"Meat on the Bone":24},{"Blood Vial":3,"NeowsBlessing":0,"Self Forming Clay":4,"Ornamental Fan":5,"Philosopher\u0027s Stone":6,"Bottled Lightning":11,"Orichalcum":14,"Burning Blood":0,"InkBottle":3,"Meat on the Bone":10},{"Blood Vial":3,"NeowsBlessing":0,"Self Forming Clay":13,"Ornamental Fan":18,"Philosopher\u0027s Stone":26,"Bottled Lightning":54,"Orichalcum":73,"Burning Blood":0,"InkBottle":3,"Meat on the Bone":49}],"Burning Blood":79,"InkBottle":[20],"Meat on the Bone":60},"card_choices":[{"not_picked":["Havoc","Heavy Blade"],"picked":"Metallicize","floor":1},{"not_picked":["Burning Pact","Whirlwind"],"picked":"Flame Barrier","floor":3},{"not_picked":["Entrench","Bloodletting"],"picked":"Battle Trance","floor":7},{"not_picked":["Flex","Twin Strike"],"picked":"Headbutt","floor":12},{"not_picked":["Clothesline","Clash"],"picked":"Shrug It Off","floor":14},{"not_picked":["Double Tap","Brutality"],"picked":"Offering","floor":16},{"not_picked":["Carnage","Warcry"],"picked":"Shrug It Off","floor":18},{"not_picked":["Bludgeon","Searing Blow"],"picked":"True Grit+1","floor":20},{"not_picked":["Havoc","Warcry"],"picked":"Burning Pact","floor":22},{"not_picked":["Havoc","Body Slam"],"picked":"Burning Pact","floor":24},{"not_picked":["Anger","Carnage"],"picked":"Second Wind","floor":25},{"not_picked":["Perfected Strike","Twin Strike"],"picked":"Rupture","floor":27},{"not_picked":["True Grit","Headbutt","Twin Strike"],"picked":"SKIP","floor":28},{"not_picked":["Flex","Bloodletting"],"picked":"Battle Trance","floor":29},{"not_picked":["Uppercut","Headbutt"],"picked":"Dropkick","floor":31}],"player_experience":1972602,"relics_obtained":[{"floor":9,"key":"InkBottle"},{"floor":11,"key":"Blood Vial"},{"floor":12,"key":"Self Forming Clay"},{"floor":14,"key":"Ornamental Fan"},{"floor":24,"key":"Meat on the Bone"},{"floor":26,"key":"Bottled Lightning"},{"floor":29,"key":"Orichalcum"}],"event_choices":[{"damage_healed":0,"gold_gain":0,"cards_transformed":["Strike_R"],"player_choice":"Transformed","damage_taken":0,"max_hp_gain":0,"max_hp_loss":0,"event_name":"Transmorgrifier","floor":2,"gold_loss":0,"cards_obtained":["Flex"]},{"damage_healed":0,"gold_gain":0,"player_choice":"Relic","damage_taken":0,"max_hp_gain":0,"max_hp_loss":0,"event_name":"Wheel of Change","floor":11,"gold_loss":0},{"damage_healed":0,"gold_gain":0,"player_choice":"Simplicity","damage_taken":0,"max_hp_gain":0,"max_hp_loss":0,"event_name":"Back to Basics","floor":19,"gold_loss":0,"cards_upgraded":["Strike_R","Strike_R","Strike_R","Strike_R","Defend_R","Defend_R","Defend_R","Defend_R"]},{"damage_healed":0,"gold_gain":0,"player_choice":"Ignored","damage_taken":0,"max_hp_gain":0,"max_hp_loss":0,"event_name":"N\u0027loth","floor":21,"gold_loss":0}],"is_beta":true,"boss_relics":[{"not_picked":["SacredBark","Black Blood"],"picked":"Philosopher\u0027s Stone"}],"items_purged_floors":[],"is_endless":false,"potions_floor_spawned":[1,18,24,25,28,31],"killed_by":"Automaton","ascension_level":20}}