{"host":"zjc1tzo4ovig5lll","time":1613199148,"event":{"mods":["AchievementEnabler","Aspiration","BaseMod","Beaked The Cultist","Better Altar","Better Match","Better Note","Better Sensory Stone","Colored Map","Colored Powertips","Conspire","Energized Spire","Friendly Minions","GifTheSpireLib","Halation","Hermit","Hubris","Minty Spire (QoL Compilation)","Rare Cards Sparkle","Reliquary","Replay The Spire","StSLib","The Blue Laboratory","The Bug Knight","The Construct","The Jungle","everything is the same but u backflip on backflip"],"gold_per_floor":[110,185,285,304,104,135,135,135,135,135,135,135,135,151,168,168,168,266,266,278,290,305,230,230,230,230],"floor_reached":25,"language":"ENG","playtime":829,"items_purged":[],"score":325,"play_id":"be6ca424-157c-404a-875c-55a03e45b252","local_time":"20210213085228","is_ascension_mode":true,"campfire_choices":[{"data":"construct:Autoturret","floor":7,"key":"SMITH"},{"data":"construct:Autoturret+1","floor":10,"key":"SMITH"},{"data":"construct:DefenseMode","floor":13,"key":"SMITH"},{"floor":17,"key":"REST"}],"circlet_count":0,"master_deck":["construct:Strike_Gold","construct:Strike_Gold","construct:Strike_Gold","construct:Strike_Gold","construct:Defend_Gold","construct:Defend_Gold","construct:Defend_Gold","construct:Defend_Gold","construct:Defend_Gold","construct:DefenseMode+1","construct:Autoturret+2","construct:Zapper","construct:Failsafe+1","construct:PointDefense+1","beaked:Daydream"],"relics":["construct:ClockworkPhoenix","NeowsBlessing","Medical Kit","Dream Catcher","Frozen Egg 2","hubris:Icosahedron","aspiration:BeakedSkillbook"],"acts_visited":["Exordium","TheCity"],"potions_floor_usage":[25],"damage_taken":[{"damage":0,"enemies":"conspire:RoseBush","floor":1,"turns":1},{"damage":0,"enemies":"Cultist","floor":4,"turns":1},{"damage":0,"enemies":"Replay:BlueRogue","floor":6,"turns":1},{"damage":6,"enemies":"2 Louse","floor":14,"turns":4},{"damage":34,"enemies":"Lots of Slimes","floor":15,"turns":7},{"damage":14,"enemies":"Hexaghost","floor":18,"turns":16},{"damage":24,"enemies":"conspire:FuzzyDice","floor":20,"turns":9},{"damage":35,"enemies":"Snake Plant","floor":21,"turns":8},{"damage":3,"enemies":"conspire:HollyBat","floor":22,"turns":10},{"damage":14,"enemies":"Centurion and Healer","floor":25,"turns":3}],"seed_played":"-3816761375069203298","potions_obtained":[{"floor":14,"key":"Reflective Coating"},{"floor":18,"key":"blueLaboratory:FrostheartPotion"}],"is_trial":false,"path_per_floor":["M","?","?","M","$","E","R","PTL","PTL","R","T","?","R","M","M","?","R","B",null,"M","M","M","?","?","M"],"character_chosen":"THE_CONSTRUCT_MOD","items_purchased":["construct:Autoturret","Medical Kit"],"campfire_rested":1,"item_purchase_floors":[5,5],"current_hp_per_floor":[77,66,66,66,66,66,66,66,66,66,66,66,66,60,26,26,51,37,73,49,14,11,11,11,0,0],"gold":230,"neow_bonus":"THREE_ENEMY_KILL","is_daily":false,"chose_seed":false,"campfire_upgraded":3,"win_rate":0.0,"timestamp":1613199148,"path_taken":["M","?","?","?","$","E","R","PTL","PTL","R","T","?","R","M","?","?","R","BOSS","M","M","M","?","?","M"],"items_purchased_type":["Card","Relic"],"build_version":"2020-12-22","purchased_purges":0,"victory":false,"max_hp_per_floor":[85,85,85,85,85,85,85,85,85,85,85,85,85,85,85,85,85,85,85,85,85,85,85,85,85,85],"card_choices":[{"not_picked":["construct:Boost","construct:CriticalHit","construct:ShiftStrike"],"picked":"SKIP","floor":1},{"not_picked":["construct:Backfire","construct:HeavyBolt","construct:FierceBash"],"picked":"SKIP","floor":4},{"not_picked":["construct:Tumble","construct:Antimatter"],"picked":"construct:Zapper","floor":6},{"not_picked":["construct:Anticipate","construct:CriticalHit","construct:Accumulate"],"picked":"SKIP","floor":14},{"not_picked":["construct:FocusedBeam","construct:CriticalHit","construct:MetalShell"],"picked":"SKIP","floor":15},{"not_picked":["construct:Stasis","construct:Accumulate"],"picked":"construct:Failsafe+1","floor":17},{"not_picked":["beaked:Mantra","construct:QuickAttack+1","beaked:BloodForTheGods+1"],"picked":"construct:PointDefense+1","floor":20},{"not_picked":["beaked:WarriorSpirit+1","beaked:DigDeeper+1","construct:Accumulate"],"picked":"beaked:Daydream","floor":21},{"not_picked":["beaked:CrazyRituals+1","beaked:CursingBlood+1","construct:Chainstrike","beaked:BounceBack+1"],"picked":"SKIP","floor":22}],"player_experience":729048,"relics_obtained":[{"floor":6,"key":"Dream Catcher"},{"floor":11,"key":"Frozen Egg 2"}],"event_choices":[{"damage_healed":0,"gold_gain":75,"player_choice":"Gather Gold","damage_taken":11,"max_hp_gain":0,"max_hp_loss":0,"event_name":"World of Goop","floor":2,"gold_loss":0},{"damage_healed":0,"gold_gain":100,"player_choice":"Gold","damage_taken":0,"max_hp_gain":0,"max_hp_loss":0,"event_name":"Wheel of Change","floor":3,"gold_loss":0},{"cards_removed":["construct:AttackMode"],"damage_healed":0,"gold_gain":0,"player_choice":"Purged","damage_taken":0,"max_hp_gain":0,"max_hp_loss":0,"event_name":"Purifier","floor":12,"gold_loss":0},{"cards_removed":["construct:Strike_Gold"],"damage_healed":0,"gold_gain":0,"player_choice":"Gave Gold","damage_taken":0,"max_hp_gain":0,"max_hp_loss":0,"event_name":"Beggar","floor":23,"gold_loss":75},{"damage_healed":0,"gold_gain":0,"player_choice":"Bought 0 Potions","damage_taken":0,"max_hp_gain":0,"max_hp_loss":0,"event_name":"The Woman in Blue","floor":24,"gold_loss":0}],"is_beta":false,"boss_relics":[{"not_picked":["halation:PinkAlligatorPlush","hubris:RunicObelisk"],"picked":"aspiration:BeakedSkillbook"}],"items_purged_floors":[],"is_endless":false,"potions_floor_spawned":[14,15,18,20],"killed_by":"Centurion and Healer","ascension_level":9}}