{"host":"5y2vm16xfq9gfmb2","time":1613184515,"event":{"mods":["AchievementEnabler","BaseMod","Better Third Choice","Colored Map","Colored Powertips","DeckTracker","Marisa????????","Minty Spire (QoL Compilation)","Rare Cards Sparkle","Relic Stats","StSLib","The Alterego","The Animator","The Marked","The Servant 0.9.4"],"gold_per_floor":[280,126,126,148,167,206,244,244,244,244,96,96,124,124,124,243,243,279,305,309,321,375,387,437,449,484,508,537,51,51,76,76,198,223,243,255,104,108,108],"floor_reached":38,"language":"ENG","playtime":2256,"items_purged":[],"score":421,"play_id":"529b2645-432f-4dd7-a8d3-28dc42cbca0d","local_time":"20210212214835","is_ascension_mode":false,"campfire_choices":[{"floor":8,"key":"REST"},{"floor":10,"key":"REST"},{"floor":12,"key":"RECALL"},{"floor":15,"key":"REST"},{"floor":23,"key":"REST"},{"floor":25,"key":"REST"},{"floor":30,"key":"REST"},{"floor":32,"key":"REST"}],"circlet_count":0,"master_deck":["animator:Strike_Kancolle","animator:Defend_Kancolle","animator:Strike","animator:Strike","animator:Strike","animator:Defend","animator:Defend","animator:Shimakaze","animator:Chris","animator:Saitama","animator:Saber","animator:Melzalgald","animator:Caster","animator:Tet","animator:Darkness","animator:Caster","animator:Megumin+7","animator:HigakiRinne","animator:PandorasActor","animator:Kuribayashi","animator:Rimuru","animator:LeleiLaLalena+1","animator:NarberalGamma","animator:Vanir","animator:Millim+1","animator:Shizu","animator:Mitsurugi","animator:Kagari","animator:Tatsumaki","animator:Gilgamesh+1","animator:NarberalGamma","Parasite"],"relics":["animator:TheMissingPiece","animator:PurgingStone","SlaversCollar","Bag of Preparation","Fusion Hammer","MawBank","Mummified Hand","Bag of Marbles","Toolbox","Eternal Feather","SacredBark","TheAbacus"],"acts_visited":["Exordium","TheCity","TheBeyond"],"potions_floor_usage":[13,16,16,16,24,27,33],"damage_taken":[{"damage":0,"enemies":"Small Slimes","floor":1,"turns":3},{"damage":6,"enemies":"Cultist","floor":4,"turns":3},{"damage":0,"enemies":"2 Louse","floor":5,"turns":2},{"damage":39,"enemies":"3 Sentries","floor":6,"turns":6},{"damage":5,"enemies":"Red Slaver","floor":7,"turns":4},{"damage":15,"enemies":"Lots of Slimes","floor":13,"turns":2},{"damage":19,"enemies":"The Guardian","floor":16,"turns":6},{"damage":24,"enemies":"3 Byrds","floor":18,"turns":5},{"damage":13,"enemies":"2 Thieves","floor":20,"turns":4},{"damage":11,"enemies":"Centurion and Healer","floor":22,"turns":6},{"damage":27,"enemies":"Gremlin Leader","floor":24,"turns":6},{"damage":0,"enemies":"Snecko","floor":27,"turns":3},{"damage":11,"enemies":"Cultist and Chosen","floor":28,"turns":4},{"damage":22,"enemies":"Snake Plant","floor":31,"turns":3},{"damage":44,"enemies":"Collector","floor":33,"turns":7},{"damage":35,"enemies":"Orb Walker","floor":35,"turns":4},{"damage":5,"enemies":"3 Shapes","floor":36,"turns":3},{"damage":47,"enemies":"Writhing Mass","floor":38,"turns":3}],"seed_played":"7746461505723132961","potions_obtained":[{"floor":1,"key":"Fire Potion"},{"floor":5,"key":"PowerPotion"},{"floor":7,"key":"Explosive Potion"},{"floor":13,"key":"Weak Potion"},{"floor":16,"key":"Weak Potion"},{"floor":20,"key":"SneckoOil"},{"floor":22,"key":"Block Potion"},{"floor":28,"key":"SteroidPotion"}],"is_trial":false,"path_per_floor":["M","$","?","M","M","E","M","R","T","R","$","R","M","?","R","B",null,"M","T","M","$","M","R","E","R","T","M","M","$","R","M","R","B",null,"M","M","$","M"],"character_chosen":"THE_ANIMATOR","items_purchased":["animator:Saitama","animator:Megumin","animator:HigakiRinne","Toolbox","Eternal Feather","animator:Kagari","TheAbacus"],"campfire_rested":7,"item_purchase_floors":[2,11,11,29,29,29,37],"current_hp_per_floor":[66,66,66,60,60,22,17,37,37,57,57,57,42,42,62,43,67,43,43,30,30,19,39,12,32,32,32,22,22,57,35,68,24,68,33,28,28,0,0],"gold":108,"neow_bonus":"BOSS_RELIC","is_daily":false,"chose_seed":false,"campfire_upgraded":0,"win_rate":0.0,"timestamp":1613184515,"path_taken":["M","$","?","M","M","E","M","R","T","R","?","R","?","?","R","BOSS","M","?","?","?","M","R","E","R","T","M","M","$","R","M","R","BOSS","M","M","$","M"],"items_purchased_type":["Card","Card","Card","Relic","Relic","Card","Relic"],"build_version":"2020-12-22","purchased_purges":0,"victory":false,"max_hp_per_floor":[66,66,66,66,66,67,67,67,67,67,67,67,67,67,67,67,67,67,67,67,67,67,67,67,67,67,67,68,68,68,68,68,68,68,68,68,68,68,68],"relic_stats":{"TheAbacus":[0],"counters":[18,74],"Mummified Hand":[7],"Eternal Feather":30,"Bag of Preparation":[28],"MawBank":120,"obtain_stats":[{"animator:TheMissingPiece":0,"SacredBark":34,"Eternal Feather":29,"Bag of Preparation":6,"MawBank":19,"SlaversCollar":0,"TheAbacus":37,"animator:PurgingStone":0,"Mummified Hand":24,"Toolbox":29,"animator:LivingPicture":0,"Fusion Hammer":17,"Bag of Marbles":26},{"animator:TheMissingPiece":0,"SacredBark":15,"Eternal Feather":13,"Bag of Preparation":4,"MawBank":8,"SlaversCollar":0,"TheAbacus":17,"animator:PurgingStone":0,"Mummified Hand":11,"Toolbox":13,"animator:LivingPicture":0,"Fusion Hammer":7,"Bag of Marbles":11},{"animator:TheMissingPiece":0,"SacredBark":64,"Eternal Feather":54,"Bag of Preparation":14,"MawBank":31,"SlaversCollar":0,"TheAbacus":71,"animator:PurgingStone":0,"Mummified Hand":47,"Toolbox":54,"animator:LivingPicture":0,"Fusion Hammer":26,"Bag of Marbles":47}]},"card_choices":[{"not_picked":["animator:Lancer","animator:ZankiKiguchi"],"picked":"animator:Chris","floor":1},{"not_picked":["animator:Demiurge","animator:Emonzaemon"],"picked":"animator:Caster","floor":4},{"not_picked":["animator:Souei","animator:Berserker"],"picked":"animator:Tet","floor":5},{"not_picked":["animator:Aqua","animator:Mitsurugi"],"picked":"animator:Darkness","floor":6},{"not_picked":["animator:Shuna","animator:ShinjiMatou"],"picked":"animator:Caster","floor":7},{"not_picked":["animator:Viivi","animator:Lancer"],"picked":"animator:PandorasActor","floor":13},{"not_picked":["animator:AcuraShin","animator:Saber"],"picked":"animator:Rimuru","floor":16},{"not_picked":["animator:FielNirvalen","animator:Genos+1"],"picked":"animator:LeleiLaLalena+1","floor":18},{"not_picked":["animator:Cocytus","animator:Demiurge"],"picked":"animator:NarberalGamma","floor":20},{"not_picked":["animator:Gillette","animator:Tet"],"picked":"animator:Vanir","floor":22},{"not_picked":["animator:YaoHaDucy","animator:FielNirvalen"],"picked":"animator:Millim","floor":24},{"not_picked":["animator:Jibril+1","animator:Shuna"],"picked":"animator:Shizu","floor":27},{"not_picked":["animator:Darkness","animator:Vanir"],"picked":"animator:Mitsurugi","floor":28},{"not_picked":["animator:LeleiLaLalena","animator:MetalKnight"],"picked":"animator:Tatsumaki","floor":31},{"not_picked":["animator:Eris","animator:Ainz"],"picked":"animator:Gilgamesh","floor":33},{"not_picked":["animator:Berserker","animator:LeleiLaLalena+1"],"picked":"animator:NarberalGamma","floor":35},{"not_picked":["animator:Lancer+1","animator:Berserker+1"],"picked":"animator:Millim","floor":36}],"player_experience":72283,"relics_obtained":[{"floor":6,"key":"Bag of Preparation"},{"floor":19,"key":"MawBank"},{"floor":24,"key":"Mummified Hand"},{"floor":26,"key":"Bag of Marbles"}],"event_choices":[{"damage_healed":0,"gold_gain":0,"player_choice":"2 cards matched","damage_taken":0,"max_hp_gain":0,"max_hp_loss":0,"event_name":"Match and Keep!","floor":3,"gold_loss":0,"cards_obtained":["animator:Saber","animator:Melzalgald"]},{"damage_healed":0,"gold_gain":0,"cards_transformed":["animator:Defend"],"player_choice":"Transformed","damage_taken":0,"max_hp_gain":0,"max_hp_loss":0,"event_name":"Transmorgrifier","floor":14,"gold_loss":0,"cards_obtained":["animator:Kuribayashi"]}],"is_beta":false,"boss_relics":[{"not_picked":["Mark of Pain","animator:CursedBlade"],"picked":"Fusion Hammer"},{"not_picked":["Velvet Choker","Runic Dome"],"picked":"SacredBark"}],"items_purged_floors":[],"is_endless":false,"potions_floor_spawned":[1,5,7,13,16,20,22,28],"killed_by":"Writhing Mass","ascension_level":0}}