{"host":"9sqwgc7o3s0c6ttp","time":1613226046,"event":{"mods":["AchievementEnabler","Act Like it!","Arknights","Aspiration","BaseMod","CapriCore","Colored Map","Colored Powertips","Dota2Spire","Friendly Minions","Gensokyo","HololiveMod","Infinite Spire","Minty Spire (QoL Compilation)","Pale of the Ancients","Replay The Spire","StSLib","Waifu the Spire","WarShipGirlsR/??á´Ò³R mod"],"gold_per_floor":[97,97,97,155,155,201,231,134,210,151,151,16,48,106,106,237,287,323,323,323,372,412,412,53,99,126,164,217,142,25,70,70,183,183,215,215,250,127,127,142,142],"floor_reached":40,"language":"KOR","playtime":1622,"items_purged":["Hololive_CallSakuraMiko","Hololive_Strike","Spreading Infection"],"score":916,"play_id":"15a00eea-4c07-493c-826d-18856572e1dd","local_time":"20210213232046","is_ascension_mode":true,"campfire_choices":[{"data":"Apotheosis","floor":11,"key":"SMITH"},{"floor":15,"key":"DIG"},{"data":"Hololive_CallAkiRosenthal","floor":23,"key":"SMITH"},{"data":"Hololive_Thief","floor":32,"key":"SMITH"}],"circlet_count":0,"master_deck":["AscendersBane","Hololive_CallNekomataOkayu","Hololive_CallHoushouMarine","Hololive_CallCivia+1","Hololive_CallUruhaRushia","Hololive_CallSakuraMiko","Hololive_CallAiraniIofifteen","Hololive_CallRoboco+1","Hololive_CallMurasakiShion","Hololive_CallAZKi","Hololive_CallMinatoAqua","Hololive_CallHoshimachiSuisei","Apotheosis+1","Hololive_CallOzoraSubaru","Hololive_Thief+1","Hololive_CallManoAloe","Hololive_CallMomosuzuNene+8","Hololive_MaximGun","Hololive_CallYozoraMel","Hololive_Psychosis","Hololive_CocoNews","Hololive_CallAkiRosenthal+1","Hololive_Yoholoon","Hololive_CallTokinoSora","Hololive_Psychosis","Hololive_CallOkamiMio","Hololive_CocoNews","Hololive_CallTokoyamiTowa","Hololive_CallOmaruPolka","Hololive_Nanodesu","Hololive_SoulCatcher+1","Hololive_CallRosalyn+1","Hololive_CallMinatoAqua+1","Gensokyo:DepletedGenerator","Gensokyo:BlemishedSteel","Gensokyo:GreaterSplit","Doubt"],"relics":["Hololive_TheStar","MealTicket","ReplayTheSpireMod:CursedCoin","infinitespire:WardingShard","The Courier","Dota2Spire:MantaStyle","Tiny House","ReplayTheSpireMod:TigerMarble","aspiration:ChemicalBlood","Gremlin Food","Dream Catcher","ReplayFunnel","infinitespire:Satchel","Astrolabe"],"acts_visited":["Gensokyo:Gensokyo","TheCity","Gensokyo:Gensokyoest"],"potions_floor_usage":[16,16,22,22,22,25,28,28,33,33,35,35,40,40],"damage_taken":[{"damage":0,"enemies":"Gensokyo:2_Kodama","floor":1,"turns":3},{"damage":0,"enemies":"Gensokyo:3_Fairies","floor":4,"turns":5},{"damage":4,"enemies":"Gensokyo:Cirno","floor":6,"turns":7},{"damage":0,"enemies":"Gensokyo:Gryphon","floor":7,"turns":2},{"damage":0,"enemies":"Gensokyo:Kitsune","floor":10,"turns":5},{"damage":0,"enemies":"Gensokyo:VengefulSpirit","floor":13,"turns":3},{"damage":0,"enemies":"Gensokyo:Mamizou","floor":14,"turns":4},{"damage":0,"enemies":"Gensokyo:Reimu","floor":16,"turns":23},{"damage":14,"enemies":"2 Thieves","floor":18,"turns":3},{"damage":0,"enemies":"Chosen","floor":21,"turns":3},{"damage":18,"enemies":"Centurion and Healer","floor":22,"turns":5},{"damage":11,"enemies":"Gremlin Leader","floor":25,"turns":7},{"damage":0,"enemies":"Shelled Parasite and Fungi","floor":27,"turns":4},{"damage":15,"enemies":"Replay:Snechameleon","floor":28,"turns":8},{"damage":0,"enemies":"3 Cultists","floor":31,"turns":4},{"damage":0,"enemies":"Automaton","floor":33,"turns":7},{"damage":28,"enemies":"Gensokyo:3_Boulders","floor":35,"turns":7},{"damage":0,"enemies":"Gensokyo:AncientGuardian","floor":37,"turns":5},{"damage":16,"enemies":"Gensokyo:Marisa","floor":40,"turns":3}],"seed_played":"-8489443917943485054","potions_obtained":[{"floor":1,"key":"Block Potion"},{"floor":6,"key":"DistilledChaos"},{"floor":7,"key":"LiquidBronze"},{"floor":13,"key":"PowerPotion"},{"floor":17,"key":"Ancient Potion"},{"floor":21,"key":"Adrenaline Potion"},{"floor":22,"key":"Explosive Potion"},{"floor":25,"key":"Swift Potion"},{"floor":27,"key":"SteroidPotion"},{"floor":28,"key":"GamblersBrew"},{"floor":28,"key":"PowerPotion"},{"floor":31,"key":"PowerPotion"}],"is_trial":false,"path_per_floor":["M","?","?","M","?","E","M","$","T","M","R","$","M","E","R_BF","B",null,"M","AVR","?","M","M","R","$","E","T","M","E","?","$","M","R","B",null,"M","?","M","COS","?","E"],"character_chosen":"Hololive_HololiveCharacter","items_purchased":["ReplayTheSpireMod:CursedCoin","Apotheosis","Hololive_Thief","Gremlin Food","Hololive_Yoholoon","Hololive_CallTokinoSora","Hololive_Psychosis","Hololive_CallTokoyamiTowa","Hololive_CallOmaruPolka"],"campfire_rested":0,"item_purchase_floors":[8,8,12,24,24,24,24,30,30],"current_hp_per_floor":[32,32,32,32,32,28,28,35,35,35,35,35,35,35,35,35,40,31,31,31,31,40,40,40,39,39,40,40,40,40,40,40,40,40,12,16,16,16,16,0,0],"gold":142,"neow_bonus":"TRANSFORM_CARD","is_daily":false,"chose_seed":false,"campfire_upgraded":3,"win_rate":0.0,"timestamp":1613226046,"path_taken":["M","?","?","M","?","E","M","$","T","?","R","$","M","E","R_BF","BOSS","M","AVR","?","M","M","R","$","E","T","M","E","?","$","M","R","BOSS","M","?","?","COS","?","E"],"items_purchased_type":["Relic","Card","Card","Relic","Card","Card","Card","Card","Card"],"build_version":"2020-12-22","purchased_purges":3,"victory":false,"max_hp_per_floor":[35,35,35,35,35,35,35,35,35,35,35,35,35,35,35,35,40,40,40,40,40,40,40,40,40,40,40,40,40,40,40,40,40,40,40,40,40,40,40,40,40],"card_choices":[{"not_picked":["Hololive_HuntDinosaur","Hololive_LuckPotion","Hololive_OvertimeWork"],"picked":"Hololive_CallAiraniIofifteen","floor":1},{"not_picked":["Hololive_Drill","Hololive_Sequa","Hololive_RevenueBasedLive","Hololive_DevilCharm"],"picked":"SKIP","floor":4},{"not_picked":["Hololive_FlyingPonyTail","Hololive_OvertimeWork","Hololive_StarCraft"],"picked":"Hololive_CallMurasakiShion","floor":5},{"not_picked":["Hololive_Psychosis","Hololive_Trident","Hololive_OvertimeWork"],"picked":"Hololive_CallAZKi","floor":5},{"not_picked":["Hololive_FlyingPonyTail","Hololive_CocoNews","Hololive_Yoholoon"],"picked":"Hololive_CallMinatoAqua","floor":6},{"not_picked":["Hololive_Teleport","Hololive_Trident","Hololive_CallInugamiKorone"],"picked":"Hololive_CallHoshimachiSuisei","floor":7},{"not_picked":["Hololive_FlareMind","Hololive_DevilCharm","Hololive_FlyingPonyTail"],"picked":"Hololive_CallOzoraSubaru","floor":10},{"not_picked":["Hololive_RevenueBasedLive","Hololive_ILoveYou","Hololive_OvertimeWork"],"picked":"Hololive_CallManoAloe","floor":13},{"not_picked":["Hololive_WolfAndLamb","Hololive_CallAZKi","Hololive_CallSakuraMiko"],"picked":"Hololive_CallMomosuzuNene","floor":14},{"not_picked":["Hololive_DurableLive","Hololive_StarCraft","Hololive_WolfAndLamb"],"picked":"Hololive_MaximGun","floor":16},{"not_picked":["Hololive_Trident","Hololive_HuntDinosaur","Hololive_LuckPotion"],"picked":"Hololive_CallYozoraMel","floor":17},{"not_picked":["Hololive_HuntDinosaur","Hololive_LuckPotion","Hololive_Trident"],"picked":"Hololive_Psychosis","floor":18},{"not_picked":["Hololive_CallNekomataOkayu","Hololive_Sequa","Hololive_Psychosis"],"picked":"Hololive_CocoNews","floor":21},{"not_picked":["Hololive_Rebound","Hololive_Drill","Hololive_HighAtkLowDef"],"picked":"Hololive_CallAkiRosenthal","floor":22},{"not_picked":["Hololive_Sequa","Hololive_HuntDinosaur+1","Hololive_CallNekomataOkayu"],"picked":"Hololive_CallOkamiMio","floor":25},{"not_picked":["Hololive_Trident","Hololive_FlyingPonyTail","Hololive_HuntDinosaur"],"picked":"Hololive_CocoNews","floor":27},{"not_picked":["Hololive_BringToTrial+1","Hololive_HuntDinosaur+1","Hololive_Breathe"],"picked":"Hololive_SummonFox+1","floor":28},{"not_picked":["Hololive_BringToTrial","Hololive_Trident+1","Hololive_Rebound","Hololive_CallYozoraMel+1"],"picked":"SKIP","floor":31},{"not_picked":["Hololive_Rebirth","Hololive_IdolExercise","Hololive_WolfAndLamb"],"picked":"Hololive_Nanodesu","floor":33},{"not_picked":["Hololive_CallMomosuzuNene","Hololive_Trident","Hololive_Sequa","Hololive_Breathe+1"],"picked":"SKIP","floor":35},{"not_picked":["Hololive_BringToTrial+1","Hololive_Drill+1","Hololive_Psychosis","Hololive_FlyingPonyTail"],"picked":"SKIP","floor":37}],"player_experience":329672,"relics_obtained":[{"floor":6,"key":"MealTicket"},{"floor":9,"key":"infinitespire:WardingShard"},{"floor":14,"key":"The Courier"},{"floor":15,"key":"Dota2Spire:MantaStyle"},{"floor":25,"key":"Dream Catcher"},{"floor":26,"key":"ReplayFunnel"},{"floor":28,"key":"infinitespire:Satchel"}],"event_choices":[{"cards_removed":["Hololive_Strike"],"damage_healed":0,"gold_gain":0,"player_choice":"Gave Gold","damage_taken":0,"max_hp_gain":0,"max_hp_loss":0,"event_name":"Beggar","floor":29,"gold_loss":75}],"is_beta":false,"boss_relics":[{"not_picked":["aspiration:RunicSpoon","aspiration:SecretTechniqueScroll"],"picked":"Tiny House"},{"not_picked":["Hololive_TopUpMoneyS","Honey Jar"],"picked":"Astrolabe"}],"items_purged_floors":[8,19,24],"is_endless":false,"potions_floor_spawned":[1,6,7,13,21,22,25,27,31],"killed_by":"Gensokyo:Marisa","ascension_level":10}}