{"host":"mbyuz4ygcmwzkeot","time":1613249163,"event":{"mods":["Bartender","BaseMod","Bestiary","Card Forge","Colored Map","Downfall","Highlight Path","Minty Spire (QoL Compilation)","StSLib","The Marked"],"gold_per_floor":[99,119,130,163,204,204,204,246,276,276,276],"floor_reached":9,"language":"ENG","playtime":575,"items_purged":[],"score":55,"play_id":"bcc2e86f-7ad8-4a56-888b-f94e1271909d","local_time":"20210213204603","is_ascension_mode":false,"campfire_choices":[{"floor":1,"key":"RECALL"}],"circlet_count":0,"master_deck":["sneckomod:Cheat+1","sneckomod:DiceBoulder+4","sneckomod:GlitteringGambit+1","sneckomod:SnakeSap+1","sneckomod:SoulDraw+1"],"relics":["sneckomod:SneckoSoul","Hammer of Thor","Seething Fire","Anvil of the Gods"],"acts_visited":["Exordium"],"potions_floor_usage":[],"damage_taken":[{"damage":1,"enemies":"Jaw Worm","floor":2,"turns":3},{"damage":0,"enemies":"Cultist","floor":3,"turns":1},{"damage":0,"enemies":"Small Slimes","floor":4,"turns":1},{"damage":0,"enemies":"Blue Slaver","floor":5,"turns":1},{"damage":0,"enemies":"3 Louse","floor":8,"turns":1},{"damage":0,"enemies":"3 Sentries","floor":9,"turns":1}],"seed_played":"4552076002414344644","potions_obtained":[{"floor":5,"key":"Dexterity Potion"},{"floor":8,"key":"Weak Potion"}],"is_trial":false,"path_per_floor":["R","M","M","M","M","?","T","M","E"],"character_chosen":"THE_SNECKO","items_purchased":[],"campfire_rested":0,"item_purchase_floors":[],"current_hp_per_floor":[99,98,98,98,98,98,98,98,98,98,98],"gold":276,"neow_bonus":"TEN_PERCENT_HP_BONUS","is_daily":false,"chose_seed":false,"campfire_upgraded":0,"win_rate":0.0,"timestamp":1613249163,"path_taken":["R","M","M","M","M","?","T","?","E"],"items_purchased_type":[],"build_version":"2020-12-22","purchased_purges":0,"victory":false,"max_hp_per_floor":[99,99,99,99,99,99,99,99,99,99,99],"card_choices":[{"not_picked":["sneckomod:DiceCrush","sneckomod:SoulCleanse","sneckomod:SoulDraw"],"picked":"SKIP","floor":2},{"not_picked":["sneckomod:UnknownClassHEXA_GHOST_PURPLE","sneckomod:UnknownWeak","sneckomod:QuickMove"],"picked":"SKIP","floor":3},{"not_picked":["sneckomod:WideSting","sneckomod:UnknownClassPURPLE","sneckomod:UnknownClassHEXA_GHOST_PURPLE"],"picked":"SKIP","floor":4},{"not_picked":["sneckomod:RainOfDice","sneckomod:UnknownClassRED","sneckomod:UnknownVulnerable"],"picked":"SKIP","floor":5},{"not_picked":["sneckomod:UnknownClassRED","sneckomod:UnendingSupply","sneckomod:DiceBlock"],"picked":"SKIP","floor":8}],"player_experience":3834,"relics_obtained":[],"event_choices":[],"is_beta":false,"boss_relics":[],"items_purged_floors":[],"is_endless":false,"potions_floor_spawned":[5,8],"killed_by":"3 Sentries","ascension_level":0}}