{"host":"xw7092rw7wabncmm","time":1613251767,"event":{"mods":["AchievementEnabler","BaseMod","Bestiary","Block Reminder","Minty Spire (QoL Compilation)","Quick Restart","Relic Stats","Slay-I","Weighted Paths"],"gold_per_floor":[117,137,137,149,165,165,197,197,497,497,497,531,542,561,561,656,656,668,162,162,181,181,211,211,231,231,266,286,296,296,307,307,411,411,423,423,423,105,119,119,137,172,172,184,213,236,248,279,291,303,315,327,13,44,44,44],"floor_reached":55,"language":"ENG","playtime":4463,"items_purged":["Strike_B"],"score":1255,"play_id":"d5293109-6bd6-441a-b62f-dea9a37a727e","local_time":"20210213162927","is_ascension_mode":true,"campfire_choices":[{"data":"Rip and Tear","floor":6.0,"key":"SMITH"},{"data":"Undo","floor":8.0,"key":"SMITH"},{"floor":11.0,"key":"REST"},{"floor":15,"key":"REST"},{"data":"Go for the Eyes","floor":24,"key":"SMITH"},{"data":"Chill","floor":30,"key":"SMITH"},{"data":"Buffer","floor":32,"key":"SMITH"},{"floor":40,"key":"RECALL"},{"data":"Apotheosis","floor":47,"key":"SMITH"},{"data":"Lockon","floor":49,"key":"SMITH"},{"data":"Ball Lightning","floor":52,"key":"SMITH"}],"circlet_count":0,"master_deck":["Strike_B","Strike_B","Defend_B","Defend_B","Defend_B","Defend_B","Cold Snap","Auto Shields","Rip and Tear+1","Compile Driver","Undo+1","Conserve Battery","Ball Lightning+1","Steam","Chill+1","Buffer+1","Self Repair+1","The Bomb","Go for the Eyes+1","Doom and Gloom+1","Lockon+1","FTL","Gash","Self Repair+1","Cold Snap+1","Gash+1","Sweeping Beam+1","Flash of Steel+1","Apotheosis+1","Core Surge+1","Coolheaded","Gash+1","Core Surge+1","Lockon+1","Undo+1","Cold Snap+1","All For One+1","Self Repair+1","Biased Cognition+1"],"relics":["Philosopher\u0027s Stone","Shuriken","Old Coin","Ice Cream","Runic Pyramid","Membership Card","DataDisk","Frozen Egg 2","Omamori","Molten Egg 2","Gremlin Horn","Cursed Key","Runic Capacitor","Juzu Bracelet","MawBank","Vajra","Pen Nib","Orichalcum"],"acts_visited":["Exordium","TheCity","TheBeyond","TheEnding"],"potions_floor_usage":[16,21,21,23,23,29,31,44,45,45,45,50,50,50,55,55],"damage_taken":[{"damage":3.0,"enemies":"Cultist","floor":1.0,"turns":4.0},{"damage":13.0,"enemies":"2 Louse","floor":2.0,"turns":2.0},{"damage":1.0,"enemies":"Jaw Worm","floor":4.0,"turns":5.0},{"damage":0.0,"enemies":"2 Fungi Beasts","floor":5.0,"turns":3.0},{"damage":30.0,"enemies":"Gremlin Nob","floor":7.0,"turns":4.0},{"damage":16.0,"enemies":"3 Sentries","floor":12.0,"turns":9.0},{"damage":7,"enemies":"Gremlin Gang","floor":13,"turns":5},{"damage":0,"enemies":"Exordium Thugs","floor":14,"turns":4},{"damage":10,"enemies":"The Guardian","floor":16,"turns":11},{"damage":0,"enemies":"Spheric Guardian","floor":18,"turns":4},{"damage":3,"enemies":"2 Thieves","floor":21,"turns":3},{"damage":6,"enemies":"Book of Stabbing","floor":23,"turns":5},{"damage":0,"enemies":"Centurion and Healer","floor":25,"turns":4},{"damage":33,"enemies":"Gremlin Leader","floor":27,"turns":7},{"damage":1,"enemies":"3 Cultists","floor":28,"turns":5},{"damage":0,"enemies":"Sentry and Sphere","floor":29,"turns":4},{"damage":12,"enemies":"Shelled Parasite and Fungi","floor":31,"turns":4},{"damage":0,"enemies":"Automaton","floor":33,"turns":8},{"damage":2,"enemies":"3 Darklings","floor":35,"turns":5},{"damage":0,"enemies":"3 Shapes","floor":39,"turns":7},{"damage":1,"enemies":"Transient","floor":41,"turns":5},{"damage":0,"enemies":"Giant Head","floor":42,"turns":8},{"damage":0,"enemies":"Writhing Mass","floor":44,"turns":7},{"damage":0,"enemies":"Reptomancer","floor":45,"turns":4},{"damage":1,"enemies":"4 Shapes","floor":46,"turns":4},{"damage":16,"enemies":"Spire Growth","floor":48,"turns":6},{"damage":54,"enemies":"Donu and Deca","floor":50,"turns":10},{"damage":82,"enemies":"Shield and Spear","floor":54,"turns":6},{"damage":43,"enemies":"The Heart","floor":55,"turns":6}],"seed_played":"-3972401745826701125","potions_obtained":[{"floor":4.0,"key":"Fire Potion"},{"floor":12,"key":"Swift Potion"},{"floor":13,"key":"SteroidPotion"},{"floor":14,"key":"Weak Potion"},{"floor":16,"key":"Dexterity Potion"},{"floor":21,"key":"DistilledChaos"},{"floor":25,"key":"Dexterity Potion"},{"floor":28,"key":"FearPotion"},{"floor":29,"key":"ColorlessPotion"},{"floor":31,"key":"Fire Potion"},{"floor":33,"key":"DuplicationPotion"},{"floor":44,"key":"DuplicationPotion"},{"floor":45,"key":"Regen Potion"},{"floor":46,"key":"SteroidPotion"},{"floor":48,"key":"LiquidMemories"},{"floor":54,"key":"LiquidMemories"}],"is_trial":false,"path_per_floor":["M","M","?","M","M","R","E","R","T","?","R","E","M","M","R","B",null,"M","$","?","M","?","E","R","M","T","E","M","M","R","M","R","B",null,"M","?","?","$","M","R","M","E","T","M","E","M","R","M","R","B",null,"R","$","E","B"],"character_chosen":"DEFECT","items_purchased":["Membership Card","DataDisk","Frozen Egg 2","Self Repair+1","The Bomb","Go for the Eyes","Runic Capacitor","Flash of Steel+1","Apotheosis","Core Surge+1","Vajra","Pen Nib","All For One+1","Self Repair+1","FairyPotion","PowerPotion"],"campfire_rested":2,"item_purchase_floors":[19,19,19,19,19,19,38,38,38,38,53,53,53,53,53,53],"current_hp_per_floor":[65,52,52,51,51,51,21,21,21,21,43,27,20,20,42,32,64,64,64,64,71,71,75,75,75,75,52,71,75,75,75,75,75,75,75,71,71,71,71,71,71,71,71,71,71,71,71,71,71,52,66,66,66,41,0,0],"gold":44,"neow_bonus":"BOSS_RELIC","is_daily":false,"chose_seed":false,"campfire_upgraded":8,"win_rate":0.0,"timestamp":1613251767,"path_taken":["M","M","?","?","M","R","E","R","T","?","R","E","M","M","R","BOSS","M","$","?","M","?","E","R","M","T","E","?","M","R","M","R","BOSS","M","?","?","$","M","R","M","E","T","M","E","M","R","M","R","BOSS","R","$","E","BOSS"],"items_purchased_type":["Relic","Relic","Relic","Card","Card","Card","Relic","Card","Card","Card","Relic","Relic","Card","Card","Potion","Potion"],"build_version":"2020-12-22","purchased_purges":1,"victory":false,"max_hp_per_floor":[75,75,75,75,75,75,75,75,75,75,75,75,75,75,75,75,75,75,75,75,75,75,75,75,75,75,75,75,75,75,75,75,75,75,75,71,71,71,71,71,71,71,71,71,71,71,71,71,71,71,71,71,71,71,71,71],"relic_stats":{"Gremlin Horn":[16,17],"counters":[29,159],"Shuriken":[91],"Pen Nib":[4],"Juzu Bracelet":0,"Orichalcum":[0],"Cursed Key":1,"MawBank":96,"obtain_stats":[{"Ice Cream":12,"Gremlin Horn":27,"Vajra":53,"Pen Nib":53,"Omamori":23,"Runic Capacitor":38,"Juzu Bracelet":42,"Frozen Egg 2":19,"Orichalcum":54,"Cursed Key":34,"MawBank":45,"Old Coin":9,"DataDisk":19,"Shuriken":7,"Philosopher\u0027s Stone":0,"Molten Egg 2":26,"Membership Card":19,"Cracked Core":0,"Runic Pyramid":17},{"Ice Cream":6,"Gremlin Horn":14,"Vajra":27,"Pen Nib":27,"Omamori":12,"Runic Capacitor":19,"Juzu Bracelet":22,"Frozen Egg 2":10,"Orichalcum":28,"Cursed Key":18,"MawBank":24,"Old Coin":5,"DataDisk":10,"Shuriken":5,"Philosopher\u0027s Stone":0,"Molten Egg 2":13,"Membership Card":10,"Cracked Core":0,"Runic Pyramid":9},{"Ice Cream":27,"Gremlin Horn":70,"Vajra":147,"Pen Nib":147,"Omamori":59,"Runic Capacitor":96,"Juzu Bracelet":116,"Frozen Egg 2":51,"Orichalcum":153,"Cursed Key":91,"MawBank":127,"Old Coin":18,"DataDisk":51,"Shuriken":18,"Philosopher\u0027s Stone":0,"Molten Egg 2":63,"Membership Card":51,"Cracked Core":0,"Runic Pyramid":47}]},"card_choices":[{"not_picked":["Sweeping Beam","Streamline"],"picked":"Cold Snap","floor":1.0},{"not_picked":["Barrage","Static Discharge"],"picked":"Auto Shields","floor":2.0},{"not_picked":["Reboot","Rebound"],"picked":"Rip and Tear","floor":4.0},{"not_picked":["Sweeping Beam","Undo"],"picked":"Compile Driver","floor":5.0},{"not_picked":["Compile Driver","Sunder"],"picked":"Undo","floor":7.0},{"not_picked":["Darkness","Sweeping Beam"],"picked":"Ball Lightning","floor":12},{"not_picked":["Fission","Stack"],"picked":"Steam","floor":13},{"not_picked":["Blizzard","FTL"],"picked":"Chill","floor":14},{"not_picked":["Creative AI","Multi-Cast"],"picked":"Buffer","floor":16},{"not_picked":["Rebound","Hologram+1","Steam Power"],"picked":"SKIP","floor":18},{"not_picked":["Consume+1","Conserve Battery"],"picked":"Doom and Gloom+1","floor":21},{"not_picked":["Steam","Auto Shields+1"],"picked":"FTL","floor":23},{"not_picked":["Darkness","Heatsinks+1"],"picked":"Gash","floor":25},{"not_picked":["Double Energy","Genetic Algorithm"],"picked":"Self Repair+1","floor":27},{"not_picked":["Barrage+1","Hologram"],"picked":"Cold Snap+1","floor":28},{"not_picked":["Consume+1","Static Discharge+1"],"picked":"Gash+1","floor":29},{"not_picked":["Gash+1","Barrage+1"],"picked":"Sweeping Beam+1","floor":31},{"not_picked":["Static Discharge+1","Rebound+1","Redo+1"],"picked":"SKIP","floor":35},{"not_picked":["Leap","Tempest+1"],"picked":"Coolheaded","floor":39},{"not_picked":["Hello World+1","Leap"],"picked":"Gash+1","floor":41},{"not_picked":["Aggregate","Streamline+1"],"picked":"Core Surge+1","floor":42},{"not_picked":["Streamline+1","Redo"],"picked":"Lockon+1","floor":44},{"not_picked":["Steam+1","Barrage+1","Chaos+1"],"picked":"SKIP","floor":45},{"not_picked":["Barrage+1","Auto Shields"],"picked":"Undo+1","floor":46},{"not_picked":["FTL+1","Storm+1"],"picked":"Cold Snap+1","floor":48},{"not_picked":["Conserve Battery+1","Streamline+1"],"picked":"Biased Cognition+1","floor":54}],"player_experience":1636052,"relics_obtained":[{"floor":7.0,"key":"Shuriken"},{"floor":9.0,"key":"Old Coin"},{"floor":12,"key":"Ice Cream"},{"floor":23,"key":"Omamori"},{"floor":26,"key":"Molten Egg 2"},{"floor":27,"key":"Gremlin Horn"},{"floor":42,"key":"Juzu Bracelet"},{"floor":45,"key":"MawBank"},{"floor":54,"key":"Orichalcum"}],"event_choices":[{"cards_removed":["Dualcast"],"damage_healed":0.0,"max_hp_gain":0.0,"max_hp_loss":0.0,"gold_gain":0.0,"event_name":"Bonfire Elementals","player_choice":"Offered Basic","floor":3.0,"gold_loss":0.0,"damage_taken":0.0},{"damage_healed":0.0,"max_hp_gain":0.0,"max_hp_loss":0.0,"gold_gain":0.0,"cards_transformed":["Zap"],"event_name":"Living Wall","player_choice":"Change","floor":10.0,"gold_loss":0.0,"damage_taken":0.0,"cards_obtained":["Conserve Battery"]},{"damage_healed":0,"gold_gain":0,"player_choice":"Ignored","damage_taken":0,"max_hp_gain":0,"max_hp_loss":0,"event_name":"The Mausoleum","floor":20,"gold_loss":0},{"damage_healed":0,"gold_gain":0,"cards_transformed":["Strike_B"],"player_choice":"Transformed","damage_taken":0,"max_hp_gain":0,"max_hp_loss":0,"event_name":"Transmorgrifier","floor":22,"gold_loss":0,"cards_obtained":["Lockon"]},{"damage_healed":0,"gold_gain":0,"player_choice":"Max HP","damage_taken":0,"max_hp_gain":0,"max_hp_loss":4,"event_name":"Winding Halls","floor":36,"gold_loss":0},{"damage_healed":0,"gold_gain":0,"player_choice":"Ignored","damage_taken":0,"max_hp_gain":0,"max_hp_loss":0,"event_name":"Tomb of Lord Red Mask","floor":37,"gold_loss":0}],"is_beta":false,"boss_relics":[{"not_picked":["Empty Cage","SlaversCollar"],"picked":"Runic Pyramid"},{"not_picked":["Velvet Choker","Runic Dome"],"picked":"Cursed Key"}],"items_purged_floors":[38],"is_endless":false,"potions_floor_spawned":[4,12,13,14,16,21,25,28,29,31,33,44,45,46,48,54],"killed_by":"The Heart","ascension_level":9}}