{"host":"19r1ww88x2tc73i0","time":1613206019,"event":{"mods":["BaseMod","BetterRewards","Colored Map","Minty Spire (QoL Compilation)","Relic Stats","StSLib","SuperFastMode","slay the spire mod where everything is the same but ironclad has a cowboy hat"],"gold_per_floor":[117,45,56,71,71,71,32,61,61,78,113,129,129,147,147,220,220,237,252,252,265,280,280,280,306,333,333,248,278,290,317,317,317,317],"floor_reached":33,"language":"ENG","playtime":985,"items_purged":[],"score":638,"play_id":"015722d3-e776-436c-9067-2768b25c6767","local_time":"25640213154659","is_ascension_mode":true,"campfire_choices":[{"data":"Quick Slash","floor":6.0,"key":"SMITH"},{"data":"Cloak And Dagger","floor":13.0,"key":"SMITH"},{"data":"Terror","floor":15.0,"key":"SMITH"},{"data":"Accuracy","floor":23.0,"key":"SMITH"},{"floor":27,"key":"REST"},{"data":"Concentrate","floor":32,"key":"SMITH"}],"circlet_count":0,"master_deck":["AscendersBane","Strike_G","Strike_G","Strike_G","Strike_G","Strike_G","Defend_G","Defend_G","Defend_G","Defend_G","Defend_G","Survivor","Neutralize","Quick Slash+1","Finisher+1","Blade Dance+1","Eviscerate+1","Terror+1","Slice+1","Backstab+1","Cloak And Dagger+1","Acrobatics","Die Die Die+1","Escape Plan+1","Blur","Concentrate+1","Accuracy+1","Dagger Throw+1","Calculated Gamble","Sucker Punch+1","Glass Knife+1"],"relics":["Ring of the Snake","NeowsBlessing","Molten Egg 2","Meat on the Bone","Paper Crane","Bird Faced Urn","SlaversCollar","Bottled Flame","Potion Belt","Mummified Hand","Thread and Needle","MealTicket"],"acts_visited":["Exordium","TheCity"],"potions_floor_usage":[29,31,31],"damage_taken":[{"damage":0.0,"enemies":"Jaw Worm","floor":1.0,"turns":1.0},{"damage":0.0,"enemies":"Cultist","floor":3.0,"turns":1.0},{"damage":0.0,"enemies":"Small Slimes","floor":4.0,"turns":1.0},{"damage":17.0,"enemies":"3 Sentries","floor":8.0,"turns":5.0},{"damage":17.0,"enemies":"Exordium Thugs","floor":10.0,"turns":4.0},{"damage":27.0,"enemies":"Lagavulin","floor":11.0,"turns":5.0},{"damage":0.0,"enemies":"Large Slime","floor":12.0,"turns":2.0},{"damage":2.0,"enemies":"Exordium Wildlife","floor":14.0,"turns":3.0},{"damage":41.0,"enemies":"The Guardian","floor":16.0,"turns":12.0},{"damage":0.0,"enemies":"Spheric Guardian","floor":18.0,"turns":3.0},{"damage":0.0,"enemies":"Shell Parasite","floor":19.0,"turns":1.0},{"damage":33.0,"enemies":"Centurion and Healer","floor":21.0,"turns":7.0},{"damage":10.0,"enemies":"Shelled Parasite and Fungi","floor":22.0,"turns":3.0},{"damage":0.0,"enemies":"Snecko","floor":24.0,"turns":1.0},{"damage":32.0,"enemies":"Slavers","floor":25.0,"turns":6.0},{"damage":21,"enemies":"Book of Stabbing","floor":29,"turns":3},{"damage":16,"enemies":"Snake Plant","floor":30,"turns":4},{"damage":1,"enemies":"Slavers","floor":31,"turns":5},{"damage":70,"enemies":"Automaton","floor":33,"turns":6}],"seed_played":"5573866894356716191","potions_obtained":[{"floor":4.0,"key":"Poison Potion"},{"floor":10.0,"key":"SmokeBomb"},{"floor":11.0,"key":"Energy Potion"},{"floor":16.0,"key":"SkillPotion"},{"floor":21.0,"key":"Ancient Potion"},{"floor":25,"key":"SkillPotion"},{"floor":29,"key":"Poison Potion"},{"floor":30,"key":"Block Potion"}],"is_trial":false,"path_per_floor":["M","?","M","M","?","R","$","E","T","M","E","M","R","M","R","B",null,"M","M","?","M","M","R","M","E","T","R","?","E","M","E","R","B"],"character_chosen":"THE_SILENT","items_purchased":["Eviscerate+1"],"campfire_rested":1,"item_purchase_floors":[7],"current_hp_per_floor":[59,59,59,59,59,59,59,42,42,37,22,34,34,44,44,15,53,53,53,53,32,34,34,34,16,16,35,35,28,26,39,39,0,0],"gold":317,"neow_bonus":"THREE_ENEMY_KILL","is_daily":false,"chose_seed":false,"campfire_upgraded":5,"win_rate":0.0,"timestamp":1613206019,"path_taken":["M","?","?","M","?","R","$","E","T","M","E","M","R","M","R","BOSS","M","M","?","M","M","R","M","E","T","R","?","E","M","E","R","BOSS"],"items_purchased_type":["Card"],"build_version":"2020-12-22","purchased_purges":0,"victory":false,"max_hp_per_floor":[66,66,66,66,66,66,66,66,66,66,66,66,66,66,66,66,66,66,66,66,66,66,66,66,66,66,66,66,66,66,66,66,66,66],"relic_stats":{"counters":[19,73],"Mummified Hand":[4],"Bird Faced Urn":[10],"MealTicket":0,"obtain_stats":[{"Potion Belt":26,"SlaversCollar":17,"Bottled Flame":25,"NeowsBlessing":0,"Mummified Hand":28,"Bird Faced Urn":11,"Molten Egg 2":2,"Thread and Needle":29,"MealTicket":31,"Paper Crane":9,"Ring of the Snake":0,"Meat on the Bone":8},{"Potion Belt":15,"SlaversCollar":9,"Bottled Flame":15,"NeowsBlessing":0,"Mummified Hand":15,"Bird Faced Urn":6,"Molten Egg 2":1,"Thread and Needle":16,"MealTicket":18,"Paper Crane":4,"Ring of the Snake":0,"Meat on the Bone":4},{"Potion Belt":55,"SlaversCollar":34,"Bottled Flame":55,"NeowsBlessing":0,"Mummified Hand":55,"Bird Faced Urn":17,"Molten Egg 2":1,"Thread and Needle":58,"MealTicket":67,"Paper Crane":8,"Ring of the Snake":0,"Meat on the Bone":8}],"Ring of the Snake":[38],"Meat on the Bone":132},"card_choices":[{"not_picked":["Dodge and Roll","Sucker Punch"],"picked":"Quick Slash","floor":1.0},{"not_picked":["Deflect","Acrobatics"],"picked":"Finisher+1","floor":3.0},{"not_picked":["Choke+1","Cloak And Dagger"],"picked":"Blade Dance","floor":4.0},{"not_picked":["Crippling Poison","Dash+1"],"picked":"Terror","floor":8.0},{"not_picked":["PiercingWail","Deflect"],"picked":"Slice+1","floor":10.0},{"not_picked":["Predator+1","Skewer+1"],"picked":"Backstab+1","floor":11.0},{"not_picked":["Finisher+1","Prepared"],"picked":"Cloak And Dagger","floor":12.0},{"not_picked":["Deflect","Quick Slash+1"],"picked":"Acrobatics","floor":14.0},{"not_picked":["Doppelganger","Bullet Time"],"picked":"Die Die Die+1","floor":16.0},{"not_picked":["Outmaneuver","Underhanded Strike+1"],"picked":"Escape Plan+1","floor":18.0},{"not_picked":["Reflex","Noxious Fumes"],"picked":"Blur","floor":19.0},{"not_picked":["Backflip","Noxious Fumes"],"picked":"Accuracy","floor":21.0},{"not_picked":["Skewer+1","Deflect"],"picked":"Dagger Throw+1","floor":22.0},{"not_picked":["Acrobatics","Predator+1"],"picked":"Calculated Gamble","floor":25},{"not_picked":["Flechettes+1","Setup","Envenom"],"picked":"SKIP","floor":29},{"not_picked":["Acrobatics","Bane+1"],"picked":"Sucker Punch+1","floor":30},{"not_picked":["Poisoned Stab+1","Acrobatics"],"picked":"Glass Knife+1","floor":31}],"player_experience":1076715,"relics_obtained":[{"floor":8.0,"key":"Meat on the Bone"},{"floor":9.0,"key":"Paper Crane"},{"floor":11.0,"key":"Bird Faced Urn"},{"floor":25,"key":"Bottled Flame"},{"floor":26,"key":"Potion Belt"},{"floor":29,"key":"Thread and Needle"},{"floor":31,"key":"MealTicket"}],"event_choices":[{"damage_healed":0.0,"max_hp_gain":0.0,"max_hp_loss":0.0,"gold_gain":0.0,"event_name":"WeMeetAgain","player_choice":"Paid Gold","floor":2.0,"gold_loss":72.0,"damage_taken":0.0,"relics_obtained":["Molten Egg 2"]},{"damage_healed":0.0,"max_hp_gain":0.0,"max_hp_loss":0.0,"gold_gain":0.0,"event_name":"Living Wall","player_choice":"Grow","floor":5.0,"gold_loss":0.0,"damage_taken":0.0,"cards_upgraded":["Blade Dance"]},{"damage_healed":0.0,"max_hp_gain":0.0,"max_hp_loss":0.0,"gold_gain":0.0,"event_name":"The Library","player_choice":"Read","floor":20.0,"gold_loss":0.0,"damage_taken":0.0,"cards_obtained":["Concentrate"]},{"damage_healed":0,"gold_gain":0,"player_choice":"Obtained Relic","damage_taken":0,"relics_obtained":["Mummified Hand"],"max_hp_gain":0,"max_hp_loss":0,"event_name":"Addict","floor":28,"gold_loss":85}],"is_beta":false,"boss_relics":[{"not_picked":["HoveringKite","Runic Pyramid"],"picked":"SlaversCollar"}],"items_purged_floors":[],"is_endless":false,"potions_floor_spawned":[4,10,11,16,21,25,29,30],"killed_by":"Automaton","ascension_level":20}}