{"host":"bgyhjzqafgkxdxsh","time":1613184021,"event":{"mods":["BaseMod","Colored Map","Minty Spire (QoL Compilation)","Relic Stats","StSLib","everything is the same but u backflip on backflip"],"gold_per_floor":[114,129,54,54,69,99,99,99,124,154,169,199,199,229,229,329,329,344,359,359,359,59,89,89,119,119,149,149,149,179,194,194,294,294,309,85,135,135,150,180,180,210,210,240,275,305,320,320,320,320],"floor_reached":51,"language":"ENG","playtime":3081,"items_purged":[],"score":1042,"play_id":"ea2abf95-f1a2-4aed-8441-6e20d0397295","local_time":"20210213124021","daily_mods":["SealedDeck","Colorless Cards","Elite Swarm"],"is_ascension_mode":false,"campfire_choices":[{"data":"Inflame","floor":7,"key":"SMITH"},{"data":"Armaments","floor":15,"key":"SMITH"},{"data":"Exhume","floor":24,"key":"SMITH"},{"data":"Mayhem","floor":32,"key":"SMITH"},{"data":"Master of Strategy","floor":41,"key":"SMITH"},{"data":"Finesse","floor":49,"key":"SMITH"}],"circlet_count":0,"master_deck":["Good Instincts","Disarm","Shrug It Off","Twin Strike","Twin Strike","Twin Strike+1","Inflame+1","Armaments+1","True Grit","Panacea","Finesse+1","Spot Weakness","Mayhem+1","Master of Strategy","Exhume+1","Whirlwind","Deep Breath+1","Inflame+1","Violence+1","Reaper+1","Master of Strategy+1","Metamorphosis","Pummel+1","Limit Break+1","Secret Technique","Inflame+1"],"relics":["Burning Blood","Ornamental Fan","Bag of Preparation","Letter Opener","Thread and Needle","Bottled Lightning","StoneCalendar","Mark of Pain","Enchiridion","Bag of Marbles","DollysMirror","Orichalcum","Calipers","PreservedInsect","Smiling Mask","Whetstone","Black Star","OrangePellets","Lizard Tail","Nunchaku","War Paint","Blood Vial","Magic Flower","Bottled Flame","Gambling Chip","Sundial","Bronze Scales","Oddly Smooth Stone","Turnip"],"acts_visited":["Exordium","TheCity","TheBeyond"],"potions_floor_usage":[25,50,50,50],"damage_taken":[{"damage":0,"enemies":"Jaw Worm","floor":1,"turns":4},{"damage":0,"enemies":"Cultist","floor":2,"turns":4},{"damage":0,"enemies":"Small Slimes","floor":5,"turns":4},{"damage":23,"enemies":"Lagavulin","floor":6,"turns":7},{"damage":9,"enemies":"3 Sentries","floor":10,"turns":7},{"damage":7,"enemies":"Exordium Wildlife","floor":11,"turns":3},{"damage":0,"enemies":"Lagavulin","floor":12,"turns":5},{"damage":0,"enemies":"3 Sentries","floor":14,"turns":5},{"damage":10,"enemies":"The Guardian","floor":16,"turns":6},{"damage":0,"enemies":"Shell Parasite","floor":18,"turns":3},{"damage":7,"enemies":"2 Thieves","floor":19,"turns":3},{"damage":6,"enemies":"Book of Stabbing","floor":23,"turns":4},{"damage":8,"enemies":"Gremlin Leader","floor":25,"turns":3},{"damage":4,"enemies":"Book of Stabbing","floor":27,"turns":4},{"damage":19,"enemies":"Slavers","floor":30,"turns":3},{"damage":0,"enemies":"Sentry and Sphere","floor":31,"turns":3},{"damage":0,"enemies":"Collector","floor":33,"turns":5},{"damage":8,"enemies":"3 Darklings","floor":35,"turns":3},{"damage":0,"enemies":"Mind Bloom Boss Battle","floor":37,"turns":4},{"damage":0,"enemies":"3 Shapes","floor":39,"turns":6},{"damage":0,"enemies":"Reptomancer","floor":40,"turns":3},{"damage":0,"enemies":"Giant Head","floor":42,"turns":2},{"damage":8,"enemies":"Reptomancer","floor":44,"turns":4},{"damage":0,"enemies":"Writhing Mass","floor":45,"turns":3},{"damage":6,"enemies":"Nemesis","floor":46,"turns":5},{"damage":28,"enemies":"Transient","floor":47,"turns":5},{"damage":36,"enemies":"Donu and Deca","floor":50,"turns":4}],"seed_played":"6099103822572544471","potions_obtained":[{"floor":1,"key":"Swift Potion"},{"floor":6,"key":"Dexterity Potion"},{"floor":12,"key":"LiquidMemories"},{"floor":25,"key":"Regen Potion"},{"floor":40,"key":"BlessingOfTheForge"}],"is_trial":false,"path_per_floor":["M","M","$","?","M","E","R","?","T","E","M","E","T","E","R","B",null,"M","M","?","?","$","E","R","E","T","E","$","?","E","M","R","B",null,"M","$","?","?","M","E","R","E","T","E","M","E","M","?","R","B",null],"character_chosen":"IRONCLAD","items_purchased":["Regen Potion","Bag of Marbles","DollysMirror","Limit Break","OrangePellets"],"campfire_rested":0,"item_purchase_floors":[3,22,22,36,36],"current_hp_per_floor":[80,80,80,85,85,68,68,73,73,70,69,75,75,81,81,77,85,85,84,68,52,52,52,52,50,50,65,65,65,74,90,90,90,90,90,90,90,90,90,90,90,90,90,90,90,90,71,71,71,85],"gold":320,"neow_bonus":"","is_daily":true,"chose_seed":false,"campfire_upgraded":6,"win_rate":0.0,"timestamp":1613184021,"path_taken":["M","M","$","?","M","E","R","?","T","E","?","E","?","E","R","BOSS","M","?","?","?","$","E","R","E","T","E","?","?","E","M","R","BOSS","M","$","?","?","M","E","R","E","T","E","?","E","M","?","R","BOSS"],"items_purchased_type":["Potion","Relic","Relic","Card","Relic"],"build_version":"2020-12-22","purchased_purges":0,"victory":true,"max_hp_per_floor":[80,80,80,85,85,85,85,85,85,85,85,85,85,85,85,85,85,85,85,85,90,90,90,90,90,90,90,90,90,90,90,90,90,90,90,90,90,90,90,90,90,90,90,90,90,90,90,90,90,90],"relic_stats":{"counters":[27,112],"Magic Flower":[18],"StoneCalendar":[0],"PreservedInsect":370,"Bag of Preparation":[46],"Letter Opener":[580],"Whetstone":["Reaper","Twin Strike"],"Orichalcum":[12],"War Paint":["Violence","Limit Break"],"Smiling Mask":0,"Burning Blood":90,"Blood Vial":3,"OrangePellets":[2],"Lizard Tail":0,"Nunchaku":[4],"Ornamental Fan":[56],"Sundial":[4],"Gambling Chip":[22],"Bronze Scales":[46],"Turnip":[0],"Black Star":4,"obtain_stats":[{"Calipers":25,"Enchiridion":20,"Magic Flower":42,"StoneCalendar":14,"Bag of Preparation":9,"Whetstone":30,"Smiling Mask":27,"Burning Blood":0,"Blood Vial":40,"Lizard Tail":37,"Nunchaku":38,"DollysMirror":22,"Sundial":44,"Gambling Chip":43,"Oddly Smooth Stone":46,"Thread and Needle":12,"PreservedInsect":26,"Letter Opener":10,"Orichalcum":23,"War Paint":40,"OrangePellets":36,"Bottled Flame":42,"Ornamental Fan":6,"Bronze Scales":44,"Mark of Pain":17,"Turnip":46,"Bag of Marbles":22,"Black Star":34,"Bottled Lightning":13},{"Calipers":13,"Enchiridion":11,"Magic Flower":22,"StoneCalendar":8,"Bag of Preparation":4,"Whetstone":15,"Smiling Mask":14,"Burning Blood":0,"Blood Vial":21,"Lizard Tail":19,"Nunchaku":19,"DollysMirror":11,"Sundial":23,"Gambling Chip":22,"Oddly Smooth Stone":25,"Thread and Needle":7,"PreservedInsect":13,"Letter Opener":5,"Orichalcum":12,"War Paint":21,"OrangePellets":18,"Bottled Flame":22,"Ornamental Fan":4,"Bronze Scales":23,"Mark of Pain":9,"Turnip":25,"Bag of Marbles":11,"Black Star":17,"Bottled Lightning":7},{"Calipers":58,"Enchiridion":51,"Magic Flower":91,"StoneCalendar":39,"Bag of Preparation":19,"Whetstone":65,"Smiling Mask":62,"Burning Blood":0,"Blood Vial":89,"Lizard Tail":80,"Nunchaku":80,"DollysMirror":51,"Sundial":95,"Gambling Chip":91,"Oddly Smooth Stone":103,"Thread and Needle":34,"PreservedInsect":58,"Letter Opener":26,"Orichalcum":55,"War Paint":89,"OrangePellets":76,"Bottled Flame":91,"Ornamental Fan":19,"Bronze Scales":95,"Mark of Pain":45,"Turnip":103,"Bag of Marbles":51,"Black Star":73,"Bottled Lightning":34}]},"card_choices":[{"not_picked":["Purity","Inflame"],"picked":"Panacea","floor":1},{"not_picked":["Headbutt","Dual Wield"],"picked":"Finesse","floor":2},{"not_picked":["Clash","Wild Strike"],"picked":"Spot Weakness","floor":5},{"not_picked":["Impervious","Berserk","Thinking Ahead"],"picked":"SKIP","floor":6},{"not_picked":["Metamorphosis","Juggernaut"],"picked":"Mayhem","floor":10},{"not_picked":["Anger","Flex","Carnage"],"picked":"SKIP","floor":11},{"not_picked":["Transmutation","Magnetism"],"picked":"Master of Strategy","floor":12},{"not_picked":["Chrysalis","The Bomb","Bludgeon"],"picked":"SKIP","floor":14},{"not_picked":["Juggernaut","Brutality"],"picked":"Exhume","floor":16},{"not_picked":["Twin Strike","Clash"],"picked":"Whirlwind","floor":18},{"not_picked":["Impatience+1","Jack Of All Trades"],"picked":"Deep Breath+1","floor":19},{"not_picked":["Bludgeon","Impervious"],"picked":"Violence","floor":23},{"not_picked":["Fiend Fire","Exhume"],"picked":"Reaper","floor":25},{"not_picked":["Demon Form","Thinking Ahead","Exhume"],"picked":"SKIP","floor":27},{"not_picked":["Double Tap","The Bomb"],"picked":"Master of Strategy","floor":30},{"not_picked":["Armaments","True Grit","Disarm"],"picked":"SKIP","floor":31},{"not_picked":["Fiend Fire","Corruption"],"picked":"Metamorphosis","floor":33},{"not_picked":["Armaments+1","Cleave"],"picked":"Pummel+1","floor":35},{"not_picked":["Heavy Blade+1","Anger+1","Impervious"],"picked":"SKIP","floor":39},{"not_picked":["Exhume","Chrysalis"],"picked":"Secret Technique","floor":40},{"not_picked":["Feed","Bludgeon","Corruption"],"picked":"SKIP","floor":42},{"not_picked":["HandOfGreed","Sadistic Nature","Violence"],"picked":"SKIP","floor":44},{"not_picked":["Clothesline","True Grit"],"picked":"Inflame+1","floor":45},{"not_picked":["Demon Form","Immolate","Transmutation"],"picked":"SKIP","floor":46},{"not_picked":["Thunderclap+1","Perfected Strike","Wild Strike"],"picked":"SKIP","floor":47}],"player_experience":510746,"relics_obtained":[{"floor":6,"key":"Ornamental Fan"},{"floor":9,"key":"Bag of Preparation"},{"floor":10,"key":"Letter Opener"},{"floor":12,"key":"Thread and Needle"},{"floor":13,"key":"Bottled Lightning"},{"floor":14,"key":"StoneCalendar"},{"floor":20,"key":"Enchiridion"},{"floor":23,"key":"Orichalcum"},{"floor":25,"key":"Calipers"},{"floor":26,"key":"PreservedInsect"},{"floor":27,"key":"Smiling Mask"},{"floor":30,"key":"Whetstone"},{"floor":37,"key":"Lizard Tail"},{"floor":40,"key":"War Paint"},{"floor":40,"key":"Blood Vial"},{"floor":42,"key":"Magic Flower"},{"floor":42,"key":"Bottled Flame"},{"floor":43,"key":"Gambling Chip"},{"floor":44,"key":"Sundial"},{"floor":44,"key":"Bronze Scales"},{"floor":46,"key":"Oddly Smooth Stone"},{"floor":46,"key":"Turnip"}],"event_choices":[{"damage_healed":0,"gold_gain":0,"player_choice":"Donut","damage_taken":0,"max_hp_gain":5,"max_hp_loss":0,"event_name":"Big Fish","floor":4,"gold_loss":0},{"cards_removed":["True Grit"],"damage_healed":5,"gold_gain":0,"player_choice":"Offered Common","damage_taken":0,"max_hp_gain":0,"max_hp_loss":0,"event_name":"Bonfire Elementals","floor":8,"gold_loss":0},{"cards_removed":["True Grit"],"damage_healed":5,"gold_gain":0,"player_choice":"Offered Special","damage_taken":0,"max_hp_gain":0,"max_hp_loss":0,"event_name":"Bonfire Elementals","floor":8,"gold_loss":0},{"damage_healed":0,"gold_gain":0,"player_choice":"Obtained Book","damage_taken":16,"max_hp_gain":0,"max_hp_loss":0,"event_name":"Cursed Tome","floor":20,"gold_loss":0},{"damage_healed":0,"gold_gain":0,"player_choice":"Shed Blood","damage_taken":21,"max_hp_gain":5,"max_hp_loss":0,"event_name":"Forgotten Altar","floor":21,"gold_loss":0},{"damage_healed":0,"gold_gain":0,"player_choice":"Simplicity","damage_taken":0,"max_hp_gain":0,"max_hp_loss":0,"event_name":"Back to Basics","floor":29,"gold_loss":0,"cards_upgraded":[]},{"damage_healed":0,"gold_gain":0,"player_choice":"Fight","damage_taken":0,"max_hp_gain":0,"max_hp_loss":0,"event_name":"MindBloom","floor":37,"gold_loss":0},{"damage_healed":0,"gold_gain":0,"player_choice":"Gave Potion","damage_taken":0,"relics_obtained":["Nunchaku"],"max_hp_gain":0,"max_hp_loss":0,"event_name":"WeMeetAgain","floor":38,"gold_loss":0},{"damage_healed":0,"gold_gain":0,"player_choice":"0 cards matched","damage_taken":0,"max_hp_gain":0,"max_hp_loss":0,"event_name":"Match and Keep!","floor":48,"gold_loss":0,"cards_obtained":[]}],"is_beta":false,"boss_relics":[{"not_picked":["Runic Pyramid","Coffee Dripper"],"picked":"Mark of Pain"},{"not_picked":["Velvet Choker","Busted Crown"],"picked":"Black Star"}],"items_purged_floors":[],"is_endless":false,"potions_floor_spawned":[1,6,10,12,19,25,30,33,37,40,42,44],"ascension_level":0}}