{"host":"tq99ucv8ezzqzioe","time":1613196802,"event":{"mods":["BaseMod","Colored Map","Downfall","Highlight Path","Minty Spire (QoL Compilation)","StSLib"],"gold_per_floor":[112,112,287,301,317,346,346,346,346],"floor_reached":8,"language":"ENG","playtime":424,"items_purged":[],"score":78,"play_id":"8c4e2ef5-ba88-4fa1-96b7-f108e1545d27","local_time":"20210213011322","is_ascension_mode":true,"campfire_choices":[{"floor":7,"key":"REST"}],"circlet_count":0,"master_deck":["Strike_P","Strike_P","Strike_P","Strike_P","Defend_P","Defend_P","Defend_P","Defend_P","Eruption+1","Vigilance","FollowUp","Doubt","Vengeance","Evaluate","Wallop"],"relics":["PureWater","Mango","Omamori"],"acts_visited":["Exordium"],"potions_floor_usage":[],"damage_taken":[{"damage":12,"enemies":"Small Slimes","floor":1,"turns":5},{"damage":0,"enemies":"2 Louse","floor":4,"turns":2},{"damage":0,"enemies":"Cultist","floor":5,"turns":2},{"damage":55,"enemies":"3 Sentries","floor":6,"turns":14},{"damage":40,"enemies":"Gremlin Nob","floor":8,"turns":4}],"seed_played":"-5202730148785752940","potions_obtained":[{"floor":1,"key":"hexamod:SoulburnPotion"}],"is_trial":false,"path_per_floor":["M","?","?","M","M","E","R","E"],"character_chosen":"WATCHER","items_purchased":[],"campfire_rested":1,"item_purchase_floors":[],"current_hp_per_floor":[53,60,60,60,60,5,30,0,0],"gold":346,"neow_bonus":"UPGRADE_CARD","is_daily":false,"chose_seed":false,"campfire_upgraded":0,"win_rate":0.0,"timestamp":1613196802,"path_taken":["M","?","?","M","M","E","R","E"],"items_purchased_type":[],"build_version":"2020-12-22","purchased_purges":0,"victory":false,"max_hp_per_floor":[72,86,86,86,86,86,86,86,86],"card_choices":[{"not_picked":["Swivel","FlurryOfBlows"],"picked":"FollowUp","floor":1},{"not_picked":["Consecrate","Nirvana"],"picked":"Vengeance","floor":4},{"not_picked":["FlurryOfBlows","Halt"],"picked":"Evaluate","floor":5},{"not_picked":["Swivel","FlurryOfBlows"],"picked":"Wallop","floor":6}],"player_experience":982951,"relics_obtained":[{"floor":6,"key":"Omamori"}],"event_choices":[{"damage_healed":0,"gold_gain":0,"player_choice":"Success","damage_taken":7,"relics_obtained":["Mango"],"max_hp_gain":0,"max_hp_loss":0,"event_name":"Scrap Ooze","floor":2,"gold_loss":0},{"damage_healed":0,"gold_gain":175,"player_choice":"AGREE","damage_taken":0,"max_hp_gain":0,"max_hp_loss":0,"event_name":"Liars Game","floor":3,"gold_loss":0,"cards_obtained":["Doubt"]}],"is_beta":false,"boss_relics":[],"items_purged_floors":[],"is_endless":false,"potions_floor_spawned":[1],"killed_by":"Gremlin Nob","ascension_level":8}}