{"host":"2hea6pl5vmah38iy","time":1613226015,"event":{"mods":["AchievementEnabler","BaseMod","Colored Map","DeckTracker","Keyboard Shortcuts","Minty Spire (QoL Compilation)","Rare Cards Sparkle","StSLib","SuperFastMode","everything is the same but u backflip on backflip"],"gold_per_floor":[111,261,186,186,202,245,170,170,170,170,190,190,190,230,230,329,329,342,342,153,153,16,60,132,132,201,201,215,230,230,230,230],"floor_reached":31,"language":"KOR","playtime":1110,"items_purged":["Strike_R","Strike_R"],"score":599,"play_id":"5f49d94b-87f5-46b4-8524-f26b5c888f0a","local_time":"20210213232015","is_ascension_mode":true,"campfire_choices":[{"data":"Demon Form","floor":8.0,"key":"SMITH"},{"data":"Bash","floor":10.0,"key":"SMITH"},{"data":"Heavy Blade","floor":12.0,"key":"SMITH"},{"data":"Pommel Strike","floor":15.0,"key":"SMITH"},{"data":"Rage","floor":25.0,"key":"SMITH"},{"floor":30,"key":"REST"}],"circlet_count":0,"master_deck":["AscendersBane","Strike_R+1","Strike_R+1","Defend_R+1","Defend_R+1","Defend_R","Bash+1","Flame Barrier","Inflame","Demon Form+1","Heavy Blade+1","Pommel Strike+1","Feed","Twin Strike","Double Tap","Uppercut","Rage+1","Flash of Steel","Seeing Red","Ghostly Armor"],"relics":["Burning Blood","NeowsBlessing","Golden Idol","War Paint","Omamori","Tiny Chest","Velvet Choker","Blood Vial","Potion Belt","Kunai","The Courier"],"acts_visited":["Exordium","TheCity"],"potions_floor_usage":[],"damage_taken":[{"damage":0.0,"enemies":"Jaw Worm","floor":1.0,"turns":1.0},{"damage":0.0,"enemies":"Small Slimes","floor":5.0,"turns":1.0},{"damage":0.0,"enemies":"Gremlin Nob","floor":6.0,"turns":1.0},{"damage":16.0,"enemies":"2 Louse","floor":11.0,"turns":4.0},{"damage":5.0,"enemies":"Lagavulin","floor":14.0,"turns":6.0},{"damage":29.0,"enemies":"The Guardian","floor":16.0,"turns":9.0},{"damage":17.0,"enemies":"3 Byrds","floor":18.0,"turns":4.0},{"damage":20.0,"enemies":"Gremlin Leader","floor":23.0,"turns":4.0},{"damage":19,"enemies":"2 Thieves","floor":28,"turns":3},{"damage":15,"enemies":"Shelled Parasite and Fungi","floor":29,"turns":7},{"damage":43,"enemies":"Slavers","floor":31,"turns":5}],"seed_played":"2373219627725853383","potions_obtained":[{"floor":6.0,"key":"Explosive Potion"},{"floor":11.0,"key":"Explosive Potion"},{"floor":18.0,"key":"SkillPotion"},{"floor":23.0,"key":"LiquidBronze"}],"is_trial":false,"path_per_floor":["M","?","?","?","M","E","$","R","T","R","M","R","?","E","R","B",null,"M","?","$","?","$","E","T","R","T","?","M","M","R","E"],"character_chosen":"IRONCLAD","items_purchased":["Rage","Flash of Steel","Seeing Red"],"campfire_rested":1,"item_purchase_floors":[20,22,22],"current_hp_per_floor":[74,74,74,68,68,68,68,68,68,68,58,58,38,39,39,16,55,47,47,47,47,47,38,38,38,38,38,30,23,46,8,8],"gold":230,"neow_bonus":"THREE_ENEMY_KILL","is_daily":false,"chose_seed":false,"campfire_upgraded":5,"win_rate":0.0,"timestamp":1613226015,"path_taken":["M","?","?","?","M","E","$","R","T","R","M","R","?","E","R","BOSS","M","?","$","?","?","E","?","R","T","?","?","M","R","E"],"items_purchased_type":["Card","Card","Card"],"build_version":"2020-12-22","purchased_purges":2,"victory":false,"max_hp_per_floor":[75,75,75,68,68,68,68,68,68,68,68,68,68,68,68,68,68,71,71,71,71,71,74,74,74,74,74,77,77,77,80,80],"card_choices":[{"not_picked":["Perfected Strike","Headbutt"],"picked":"Flame Barrier","floor":1.0},{"not_picked":["Thunderclap","Clash"],"picked":"Inflame","floor":5.0},{"not_picked":["Armaments","Pommel Strike"],"picked":"Demon Form","floor":6.0},{"not_picked":["Headbutt","Anger"],"picked":"Heavy Blade","floor":11.0},{"not_picked":["Iron Wave","Armaments"],"picked":"Pommel Strike","floor":14.0},{"not_picked":["Exhume","Corruption"],"picked":"Feed","floor":16.0},{"not_picked":["Intimidate","Rupture"],"picked":"Twin Strike","floor":18.0},{"not_picked":["Sentinel","Armaments","Cleave"],"picked":"SKIP","floor":23.0},{"not_picked":["Pommel Strike","Wild Strike"],"picked":"Ghostly Armor","floor":28},{"not_picked":["Perfected Strike","Clash","Thunderclap+1"],"picked":"SKIP","floor":29}],"player_experience":576155,"relics_obtained":[{"floor":6.0,"key":"War Paint"},{"floor":9.0,"key":"Omamori"},{"floor":14.0,"key":"Tiny Chest"},{"floor":23.0,"key":"Potion Belt"},{"floor":24.0,"key":"Kunai"},{"floor":26.0,"key":"The Courier"}],"event_choices":[{"damage_healed":0.0,"max_hp_gain":0.0,"max_hp_loss":0.0,"gold_gain":150.0,"event_name":"Liars Game","player_choice":"AGREE","floor":2.0,"gold_loss":0.0,"damage_taken":0.0,"cards_obtained":["Doubt"]},{"cards_removed":["Doubt"],"damage_healed":0.0,"max_hp_gain":0.0,"max_hp_loss":0.0,"gold_gain":0.0,"event_name":"The Cleric","player_choice":"Card Removal","floor":3.0,"gold_loss":75.0,"damage_taken":0.0},{"damage_healed":0.0,"max_hp_gain":0.0,"max_hp_loss":7.0,"gold_gain":0.0,"event_name":"Golden Idol","player_choice":"Lose Max HP","floor":4.0,"gold_loss":0.0,"damage_taken":0.0,"relics_obtained":["Golden Idol"]},{"damage_healed":0.0,"max_hp_gain":0.0,"max_hp_loss":0.0,"gold_gain":0.0,"event_name":"Shining Light","player_choice":"Entered Light","floor":13.0,"gold_loss":0.0,"damage_taken":20.0,"cards_upgraded":["Strike_R","Strike_R"]},{"damage_healed":0.0,"max_hp_gain":0.0,"max_hp_loss":0.0,"gold_gain":0.0,"cards_transformed":["Strike_R","Defend_R"],"event_name":"Drug Dealer","player_choice":"Became Test Subject","floor":19.0,"gold_loss":0.0,"damage_taken":0.0,"cards_obtained":["Double Tap","Uppercut"]},{"damage_healed":0.0,"max_hp_gain":0.0,"max_hp_loss":0.0,"gold_gain":0.0,"event_name":"Addict","player_choice":"Stole Relic","floor":21.0,"gold_loss":0.0,"damage_taken":0.0,"relics_obtained":["Blood Vial"],"cards_obtained":["Shame"]},{"damage_healed":0,"gold_gain":0,"player_choice":"Ignored","damage_taken":0,"max_hp_gain":0,"max_hp_loss":0,"event_name":"Cursed Tome","floor":27,"gold_loss":0}],"is_beta":false,"boss_relics":[{"not_picked":["Runic Cube","Busted Crown"],"picked":"Velvet Choker"}],"items_purged_floors":[7,20],"is_endless":false,"potions_floor_spawned":[6,11,14,16,18,23],"killed_by":"Slavers","ascension_level":19}}