{"host":"gf8hyl7jhl0is674","time":1613253245,"event":{"mods":["2.2 Compatiblity","Act Like it!","BaseMod","CapriCore","Chen","Colored Map","Gensokyo","Hallownest","KinomotoSakuraMod(????)","Koishi","Marisa????????","Minty Spire (QoL Compilation)","Onozuka Komachi Mod","Permanent Neow","Reimu??????","StSLib","The Administrix","The Blue Laboratory","The Bug Knight","The Immortal","The Jungle","The Servant 0.9.4","Waifu the Spire","Youmu??????"],"gold_per_floor":[117,48,48,74,94,126,126,126,126,28,28,240,140,153,153,252,252,270,287,298,298,310,322,334,445,457,498,435,476,502,542,554,566,566],"floor_reached":33,"language":"ENG","playtime":2830,"items_purged":["Strike_MRS","Strike_MRS"],"score":426,"play_id":"5593b453-09e1-4564-b3cd-416eeacdc9ec","local_time":"20210213145405","is_ascension_mode":false,"campfire_choices":[{"data":"NonDirectionalLaser","floor":8,"key":"SMITH"},{"floor":15,"key":"REST"},{"data":"GrandCross","floor":23,"key":"SMITH"},{"data":"EnergyFlow","floor":32,"key":"SMITH"}],"circlet_count":0,"master_deck":["Strike_MRS","Defend_MRS","Defend_MRS","Defend_MRS","UpSweep","EnergyFlow+1","NonDirectionalLaser+1","ChargeUpSpray","Acceleration","GrandCross+1","MaximisePower","AsteroidBelt","EventHorizon","SprinkleStarSeal","MagicAbsorber"],"relics":["MiniHakkero","Gensokyo:Mercy","Dream Catcher","Omamori","Akabeko","Ginger","RampagingMagicTools","MawBank","Nunchaku","Singing Bowl","Meat on the Bone","Oddly Smooth Stone","InkBottle"],"acts_visited":["Gensokyo:Gensokyo","TheCity"],"potions_floor_usage":[6,16,27,33,33],"damage_taken":[{"damage":6,"enemies":"Gensokyo:Python","floor":1,"turns":3},{"damage":1,"enemies":"Gensokyo:Gryphon","floor":5,"turns":4},{"damage":48,"enemies":"Gensokyo:Aya","floor":6,"turns":9},{"damage":0,"enemies":"Gensokyo:2_Kodama","floor":12,"turns":4},{"damage":0,"enemies":"Gensokyo:LivingMonolith","floor":14,"turns":2},{"damage":14,"enemies":"Gensokyo:Kokoro","floor":16,"turns":11},{"damage":1,"enemies":"Spheric Guardian","floor":18,"turns":3},{"damage":0,"enemies":"3 Byrds","floor":19,"turns":4},{"damage":9,"enemies":"Snecko","floor":20,"turns":5},{"damage":6,"enemies":"Slavers","floor":27,"turns":5},{"damage":18,"enemies":"Book of Stabbing","floor":29,"turns":5},{"damage":0,"enemies":"Cultist and Chosen","floor":30,"turns":4},{"damage":5,"enemies":"Gremlin Leader","floor":31,"turns":6},{"damage":54,"enemies":"Automaton","floor":33,"turns":10}],"seed_played":"-7216489821008970667","potions_obtained":[{"floor":5,"key":"blueLaboratory:HorrorPotion"},{"floor":12,"key":"BottledSpark"},{"floor":14,"key":"LiquidBronze"},{"floor":19,"key":"Fire Potion"},{"floor":29,"key":"SkillPotion"},{"floor":31,"key":"blueLaboratory:LouseDecoction"}],"is_trial":true,"path_per_floor":["M","COS","?","T","M","E","?","R","T","$","?","M","$","M","R","B",null,"M","M","M","?","T","R","?","?","T","E","?","E","M","E","R","B"],"character_chosen":"MARISA","items_purchased":["Acceleration"],"campfire_rested":1,"item_purchase_floors":[10],"current_hp_per_floor":[69,69,69,69,68,20,20,20,20,20,20,20,20,20,42,28,75,74,74,65,65,65,65,65,65,65,59,59,41,43,52,52,0,0],"gold":566,"neow_bonus":"","is_daily":false,"chose_seed":false,"campfire_upgraded":3,"win_rate":0.0,"timestamp":1613253245,"path_taken":["M","COS","?","?","M","E","?","R","T","$","?","M","?","?","R","BOSS","M","M","M","?","?","R","?","?","T","E","?","E","M","E","R","BOSS"],"items_purchased_type":["Card"],"build_version":"2020-12-22","purchased_purges":2,"victory":false,"max_hp_per_floor":[75,75,75,75,75,75,75,75,75,75,75,75,75,75,75,75,75,75,75,75,75,75,75,75,75,75,75,75,75,77,79,79,79,79],"card_choices":[{"not_picked":["WitchOfGreed","IllusionStar"],"picked":"EnergyFlow","floor":1},{"not_picked":["DoubleSpark","ShootingEcho"],"picked":"NonDirectionalLaser","floor":5},{"not_picked":["DeepEcoloBomb","NonDirectionalLaser"],"picked":"ChargeUpSpray","floor":6},{"not_picked":["SuperPerseids","ShootTheMoon"],"picked":"GrandCross","floor":12},{"not_picked":["ShootingEcho","BlazingStar","GravityBeat"],"picked":"SKIP","floor":14},{"not_picked":["JA","FinalSpark"],"picked":"MaximisePower","floor":16},{"not_picked":["UnstableBomb","DoubleSpark","GalacticHalo"],"picked":"SKIP","floor":18},{"not_picked":["GrandCross","LuminesStrike"],"picked":"AsteroidBelt","floor":19},{"not_picked":["MilkyWay+1","GrandCross"],"picked":"EventHorizon","floor":20},{"not_picked":["OpenUniverse","MysteriousBeam"],"picked":"SprinkleStarSeal","floor":27},{"not_picked":["EnergyFlow","EventHorizon+1"],"picked":"MagicAbsorber","floor":29},{"not_picked":["Orbital","GalacticHalo","MilkyWay"],"picked":"Singing Bowl","floor":30},{"not_picked":["MachineGunSpark","IllusionStar","MilkyWay"],"picked":"Singing Bowl","floor":31}],"player_experience":442815,"relics_obtained":[{"floor":4,"key":"Dream Catcher"},{"floor":6,"key":"Akabeko"},{"floor":9,"key":"Ginger"},{"floor":22,"key":"Nunchaku"},{"floor":26,"key":"Singing Bowl"},{"floor":27,"key":"Meat on the Bone"},{"floor":29,"key":"Oddly Smooth Stone"},{"floor":31,"key":"InkBottle"}],"event_choices":[{"damage_healed":0,"gold_gain":0,"player_choice":"Opened","damage_taken":0,"relics_obtained":["MawBank"],"max_hp_gain":0,"max_hp_loss":0,"event_name":"The Mausoleum","floor":21,"gold_loss":0,"cards_obtained":["Writhe"]},{"cards_removed":["Strike_MRS"],"damage_healed":0,"gold_gain":0,"player_choice":"Elegance","damage_taken":0,"max_hp_gain":0,"max_hp_loss":0,"event_name":"Back to Basics","floor":24,"gold_loss":0},{"damage_healed":0,"gold_gain":99,"player_choice":"Stole From Cult","damage_taken":0,"max_hp_gain":0,"max_hp_loss":0,"event_name":"Nest","floor":25,"gold_loss":0},{"cards_removed":["Defend_MRS"],"damage_healed":0,"gold_gain":0,"player_choice":"Gave Gold","damage_taken":0,"max_hp_gain":0,"max_hp_loss":0,"event_name":"Beggar","floor":28,"gold_loss":75}],"is_beta":false,"boss_relics":[{"not_picked":["Cursed Key","SacredBark"],"picked":"RampagingMagicTools"}],"items_purged_floors":[10,13],"is_endless":true,"potions_floor_spawned":[5,12,14,19,29,31],"killed_by":"Automaton","ascension_level":0}}