{"host":"rtw1tnr74gozsrw1","time":1613183041,"event":{"mods":["BaseMod","Colored Map","Colored Powertips","Highlight Path","Infinite Spire","Minty Spire (QoL Compilation)","StSLib","The Jungle"],"gold_per_floor":[118,135,135,58,72,72,82,82,82],"floor_reached":8,"language":"ENG","playtime":205,"items_purged":[],"score":53,"play_id":"4f60d088-7ce8-4898-92b5-45dbf9c89f93","local_time":"20210213032401","is_ascension_mode":true,"campfire_choices":[{"data":"Noxious Fumes","floor":6,"key":"SMITH"}],"circlet_count":0,"master_deck":["Strike_G","Strike_G","Strike_G","Strike_G","Defend_G","Defend_G","Defend_G","Defend_G","Defend_G","Survivor","Neutralize","Terror","Noxious Fumes+1","Deadly Poison"],"relics":["Ring of the Snake","NeowsBlessing"],"acts_visited":["Exordium"],"potions_floor_usage":[],"damage_taken":[{"damage":0,"enemies":"Small Slimes","floor":1,"turns":1},{"damage":0,"enemies":"Cultist","floor":2,"turns":1},{"damage":0,"enemies":"Jaw Worm","floor":5,"turns":1},{"damage":1,"enemies":"Looter","floor":7,"turns":4},{"damage":0,"enemies":"Gremlin Nob","floor":8,"turns":2}],"seed_played":"-835976276999671032","potions_obtained":[{"floor":1,"key":"Dexterity Potion"},{"floor":7,"key":"SmokeBomb"}],"is_trial":false,"path_per_floor":["M","M","?","$","M","R","M","E"],"character_chosen":"THE_SILENT","items_purchased":["Noxious Fumes"],"campfire_rested":0,"item_purchase_floors":[4],"current_hp_per_floor":[70,70,70,70,70,70,69,69,69],"gold":82,"neow_bonus":"THREE_ENEMY_KILL","is_daily":false,"chose_seed":false,"campfire_upgraded":1,"win_rate":0.0,"timestamp":1613183041,"path_taken":["M","M","?","$","M","R","M","E"],"items_purchased_type":["Card"],"build_version":"2020-12-22","purchased_purges":0,"victory":false,"max_hp_per_floor":[70,70,70,70,70,70,70,70,70],"card_choices":[{"not_picked":["Dagger Throw","PiercingWail","Dodge and Roll"],"picked":"SKIP","floor":1},{"not_picked":["Deflect","Backflip"],"picked":"Terror","floor":2},{"not_picked":["Bane","Deflect"],"picked":"Deadly Poison","floor":5},{"not_picked":["Blur","Bane","Dodge and Roll"],"picked":"SKIP","floor":7}],"player_experience":157874,"relics_obtained":[],"event_choices":[{"cards_removed":["Strike_G"],"damage_healed":0,"gold_gain":0,"player_choice":"Offered Basic","damage_taken":0,"max_hp_gain":0,"max_hp_loss":0,"event_name":"Bonfire Elementals","floor":3,"gold_loss":0}],"is_beta":false,"boss_relics":[],"items_purged_floors":[],"is_endless":false,"potions_floor_spawned":[1,7],"killed_by":"Gremlin Nob","ascension_level":2}}