{"host":"m9osufisr3agwk96","time":1613216433,"event":{"mods":["Aspiration","BaseMod","Colored Map","Colored Powertips","Downfall","Duelist Mod","Friendly Minions","GifTheSpireLib","Gremlin Mod","Hermit","Hero for Fun","Highlight Path","Hubris","Infinite Spire","Minty Spire (QoL Compilation)","Rare Cards Sparkle","Reliquary","Replay The Spire","Shop Mod","StSLib"],"gold_per_floor":[21,40,55,55,72,72,97,111,111,111,111,130,130,130,130,225,225,238,238,249,268,365,394,410,443,467,484,515,515,526,540,540,635,635,650,660,660,678,691,722,739,739,739,756,756,777,777,811,811,819,819,819,54,91,99],"floor_reached":56,"language":"ENG","playtime":871,"items_purged":[],"score":1700,"play_id":"b1b8af06-5a90-4fff-bd2a-c51e1e3c53bd","local_time":"20210213034033","is_ascension_mode":false,"campfire_choices":[{"data":"Consecutive_Normal_Punch","floor":11.0,"key":"SMITH"},{"data":"Do_Nothing","floor":13.0,"key":"SMITH"},{"data":"Yawn","floor":15.0,"key":"SMITH"},{"floor":32,"key":"RECALL"},{"data":"Defend_Y","floor":42,"key":"SMITH"},{"data":"Side_Hop","floor":47,"key":"SMITH"},{"data":"Hop","floor":49,"key":"SMITH"},{"data":"Defend_Y","floor":52,"key":"SMITH"}],"circlet_count":0,"master_deck":["Strike_Y","Strike_Y","Strike_Y","Strike_Y","Strike_Y","Defend_Y","Defend_Y","Defend_Y+1","Defend_Y+1","Side_Hop+1","Do_Nothing+1","Ignore","Consecutive_Normal_Punch+1","Hop+1","Yawn+1","Get_Hopes_Up","Slap","Yawn+1","Consecutive_Normal_Punch","Toss_Stone","Slap","Hip_Strike","Toss_Stone","Wear_Disguise+1","Slap+1","Consecutive_Normal_Punch","Side_Hop","Oh","Normal_Punch","Normal_Punch+1","Slap+1","Normal_Punch+1","Toss_Stone","Ignore","Yawn+1"],"relics":["Cape","aspiration:Nostalgia","m_BronzeBlood","ReplayTheSpireMod:TigerMarble","hubris:Zylophone","Gremlin Food","Blood Vial","Lantern","Replay:Wax Seal","aspiration:SeaSaltIceCream","aspiration:Nostalgia","Slimebound:AbsorbEndCombat","hubris:Backtick","reliquary:PorcupineQuills","Bird Faced Urn","Replay:Bandana","hubris:Towel","Lizard Tail","TungstenRod","infinitespire:Joker Card","Membership Card","aspiration:FetidBarrel"],"acts_visited":["Exordium","TheCity","TheBeyond","TheEnding"],"potions_floor_usage":[35,35,35],"damage_taken":[{"damage":0.0,"enemies":"Small Slimes","floor":1.0,"turns":1.0},{"damage":0.0,"enemies":"Jaw Worm","floor":2.0,"turns":1.0},{"damage":0.0,"enemies":"2 Louse","floor":3.0,"turns":1.0},{"damage":0.0,"enemies":"Exordium Wildlife","floor":5.0,"turns":1.0},{"damage":0.0,"enemies":"Gremlin Nob","floor":7.0,"turns":6.0},{"damage":0.0,"enemies":"Red Slaver","floor":8.0,"turns":1.0},{"damage":0.0,"enemies":"Large Slime","floor":12.0,"turns":1.0},{"damage":0.0,"enemies":"Fading Forest","floor":16.0,"turns":6.0},{"damage":0.0,"enemies":"Spheric Guardian","floor":18.0,"turns":1.0},{"damage":0.0,"enemies":"2 Thieves","floor":20.0,"turns":2.0},{"damage":0.0,"enemies":"Cultist and Chosen","floor":21.0,"turns":1.0},{"damage":0.0,"enemies":"Book of Stabbing","floor":23.0,"turns":1.0},{"damage":0.0,"enemies":"Shelled Parasite and Fungi","floor":24.0,"turns":1.0},{"damage":0.0,"enemies":"Gremlin Leader","floor":25.0,"turns":1.0},{"damage":0.0,"enemies":"Snecko","floor":27.0,"turns":1.0},{"damage":0.0,"enemies":"theDuelist:KaibaA2","floor":28.0,"turns":1.0},{"damage":0,"enemies":"Snake Plant","floor":30,"turns":1},{"damage":0,"enemies":"Centurion and Healer","floor":31,"turns":1},{"damage":0,"enemies":"Collector","floor":33,"turns":1},{"damage":0,"enemies":"3 Shapes","floor":35,"turns":2},{"damage":0,"enemies":"3 Darklings","floor":36,"turns":2},{"damage":0,"enemies":"Maw","floor":38,"turns":1},{"damage":0,"enemies":"4 Shapes","floor":39,"turns":3},{"damage":0,"enemies":"Nightmare","floor":40,"turns":1},{"damage":0,"enemies":"3 Darklings","floor":41,"turns":2},{"damage":0,"enemies":"Spire Growth","floor":44,"turns":1},{"damage":0,"enemies":"Maw","floor":46,"turns":1},{"damage":0,"enemies":"R_Hoarder","floor":48,"turns":1},{"damage":0,"enemies":"Awakened One","floor":50,"turns":2},{"damage":0,"enemies":"Shield and Spear","floor":54,"turns":1},{"damage":0,"enemies":"The Heart","floor":55,"turns":3}],"seed_played":"7277735635792272508","potions_obtained":[{"floor":3.0,"key":"Dexterity Potion"},{"floor":5.0,"key":"LifebloodPotion"},{"floor":7.0,"key":"Cursed Concoction"},{"floor":38,"key":"Toxic Potion"},{"floor":39,"key":"Venom Potion"},{"floor":44,"key":"FearPotion"}],"is_trial":false,"path_per_floor":["M","M","M","$","M","?","E","M","T","?","R","M","R","T","R","B",null,"M","?","M","M","?","E","M","E","T","M","E","?","M","M","R_BF","B",null,"M","M","?","M","M","NM","M","R","T","M","?","M","R","E","R","B",null,"R","$","E","B",null],"character_chosen":"OPM","items_purchased":["TungstenRod","infinitespire:Joker Card","Membership Card"],"campfire_rested":0,"item_purchase_floors":[53,53,53],"current_hp_per_floor":[999,999,999,999,999,1002,1002,1002,1002,1002,1002,1002,1002,1002,1002,1002,1002,1002,1002,1002,1002,1002,1002,1002,1002,1002,1002,1002,1002,1002,1002,1002,1002,1002,1002,1002,1002,1002,1002,1002,1002,1002,1002,1002,1002,1002,1002,1002,1002,1002,1002,1002,1002,1002,1002],"gold":99,"neow_bonus":"NOSTALGIA","is_daily":false,"chose_seed":false,"campfire_upgraded":7,"win_rate":0.0,"timestamp":1613216433,"path_taken":["M","M","M","$","M","?","E","M","T","?","R","M","R","?","R","BOSS","M","?","M","M","?","E","M","E","T","?","E","?","M","?","R_BF","BOSS","M","M","?","M","M","NM","M","R","T","M","?","M","R","E","R","BOSS","R","$","E","BOSS"],"items_purchased_type":["Relic","Relic","Relic"],"build_version":"2020-12-22","purchased_purges":0,"victory":true,"max_hp_per_floor":[999,999,999,999,999,1002,1002,1002,1002,1002,1002,1002,1002,1002,1002,1002,1002,1002,1002,1002,1002,1002,1002,1002,1002,1002,1002,1002,1002,1002,1002,1002,1002,1002,1002,1002,1002,1002,1002,1002,1002,1002,1002,1002,1002,1002,1002,1002,1002,1002,1002,1002,1002,1002,1002],"card_choices":[{"not_picked":["bronze:BugBarrage","Metallicize","Shrug It Off"],"picked":"SKIP","floor":1.0},{"not_picked":["Do_Nothing","Fire Breathing"],"picked":"Side_Hop","floor":2.0},{"not_picked":["bronze:Repulsor","Entrench"],"picked":"Do_Nothing","floor":3.0},{"not_picked":["Flame Barrier","Reckless Charge"],"picked":"Ignore","floor":5.0},{"not_picked":["Metallicize","Body Slam"],"picked":"Consecutive_Normal_Punch","floor":7.0},{"not_picked":["Power Through","bronze:MaxOutput"],"picked":"Hop","floor":8.0},{"not_picked":["Side_Hop","bronze:BugBarrage"],"picked":"Yawn","floor":12.0},{"not_picked":["Serious_Punch","Terrifying_Presence"],"picked":"Get_Hopes_Up","floor":16.0},{"not_picked":["Wear_Disguise+1","Yawn"],"picked":"Slap","floor":18.0},{"not_picked":["Hop","Normal_Punch"],"picked":"Yawn+1","floor":20.0},{"not_picked":["Side_Hop","Toss_Stone"],"picked":"Consecutive_Normal_Punch","floor":21.0},{"not_picked":["Ignore","Do_Nothing+1"],"picked":"Toss_Stone","floor":22.0},{"not_picked":["Ignore","Consecutive_Normal_Punch"],"picked":"Slap","floor":22.0},{"not_picked":["Ignore","Slap"],"picked":"Hip_Strike","floor":23.0},{"not_picked":["Ignore","Slap"],"picked":"Toss_Stone","floor":24.0},{"not_picked":["Consecutive_Normal_Punch+1","Yawn"],"picked":"Wear_Disguise+1","floor":25.0},{"not_picked":["Toss_Stone+1","Normal_Punch"],"picked":"Slap+1","floor":27.0},{"not_picked":["Yawn+1","Ignore"],"picked":"Consecutive_Normal_Punch","floor":28},{"not_picked":["Yawn+1","bronze:Repulsor"],"picked":"Side_Hop","floor":30},{"not_picked":["Shrug It Off","Power Through","bronze:BugBarrage"],"picked":"SKIP","floor":31},{"not_picked":["Hip_Strike","bronze:ShipIt"],"picked":"Oh","floor":33},{"not_picked":["Do_Nothing","Wear_Disguise+1"],"picked":"Normal_Punch","floor":35},{"not_picked":["Wear_Disguise+1","Side_Hop+1"],"picked":"Normal_Punch+1","floor":36},{"not_picked":["Side_Hop+1","Yawn"],"picked":"Slap+1","floor":38},{"not_picked":["Side_Hop+1","Yawn"],"picked":"Normal_Punch+1","floor":39},{"not_picked":["Hop","Do_Nothing"],"picked":"Toss_Stone","floor":40},{"not_picked":["Side_Hop+1","Hop"],"picked":"Ignore","floor":41},{"not_picked":["Do_Nothing","Oh","Slap"],"picked":"SKIP","floor":44},{"not_picked":["Normal_Punch","Side_Hop"],"picked":"Yawn+1","floor":46},{"not_picked":["Ignore+1","Wear_Disguise+1","Slap+1"],"picked":"SKIP","floor":48},{"not_picked":["Side_Hop","Ignore","Slap+1"],"picked":"SKIP","floor":54}],"player_experience":484495,"relics_obtained":[{"floor":7.0,"key":"ReplayTheSpireMod:TigerMarble"},{"floor":14.0,"key":"hubris:Zylophone"},{"floor":22.0,"key":"Gremlin Food"},{"floor":23.0,"key":"Blood Vial"},{"floor":25.0,"key":"Lantern"},{"floor":26.0,"key":"Replay:Wax Seal"},{"floor":28,"key":"aspiration:SeaSaltIceCream"},{"floor":40,"key":"Bird Faced Urn"},{"floor":43,"key":"Replay:Bandana"},{"floor":48,"key":"Lizard Tail"},{"floor":54,"key":"aspiration:FetidBarrel"}],"event_choices":[{"cards_removed":["Defend_Y"],"damage_healed":0.0,"max_hp_gain":0.0,"max_hp_loss":0.0,"gold_gain":0.0,"event_name":"Living Wall","player_choice":"Forget","floor":10.0,"gold_loss":0.0,"damage_taken":0.0},{"damage_healed":0,"gold_gain":0,"player_choice":"Memory 3","damage_taken":10,"max_hp_gain":0,"max_hp_loss":0,"event_name":"SensoryStone","floor":37,"gold_loss":0}],"is_beta":false,"boss_relics":[{"not_picked":["aspiration:RunicSpoon","Snecko Heart","Painkiller Herb"]},{"not_picked":["hubris:ScarierMask","Black Star"],"picked":"hubris:Backtick"}],"items_purged_floors":[],"is_endless":false,"potions_floor_spawned":[3,5,7,12,18,23,27,30,31,33,38,39,44],"ascension_level":0}}