{"host":"7yyoe0ei0fseceei","time":1613254430,"event":{"mods":["BaseMod","Colored Map","Highlight Path","Minty Spire (QoL Compilation)","Quick Restart"],"gold_per_floor":[113,263,263,263,313,345,345,376,376,707,722,742,772,792,792,792,792],"floor_reached":16,"language":"ENG","playtime":319,"items_purged":[],"score":356,"play_id":"40f45087-22e7-4486-98ac-5b661f0f1981","local_time":"20210213231350","is_ascension_mode":true,"campfire_choices":[{"data":"Loop","floor":7,"key":"SMITH"},{"floor":15,"key":"REST"}],"circlet_count":0,"master_deck":["AscendersBane","Strike_B","Strike_B","Strike_B","Strike_B","Defend_B","Defend_B","Defend_B","Defend_B","Zap","Dualcast","Lockon","Loop+1","Thunder Strike","Streamline","Barrage","Doom and Gloom","Consume","Turbo"],"relics":["Cracked Core","NeowsBlessing","Anchor","Ancient Tea Set","Kunai","Bird Faced Urn","Old Coin","Happy Flower"],"acts_visited":["Exordium"],"potions_floor_usage":[10,13,13],"damage_taken":[{"damage":0,"enemies":"Jaw Worm","floor":1,"turns":1},{"damage":0,"enemies":"Gremlin Nob","floor":6,"turns":1},{"damage":0,"enemies":"Lagavulin","floor":8,"turns":2},{"damage":35,"enemies":"3 Sentries","floor":10,"turns":7},{"damage":0,"enemies":"2 Louse","floor":11,"turns":2},{"damage":0,"enemies":"Cultist","floor":12,"turns":2},{"damage":15,"enemies":"Lagavulin","floor":13,"turns":4},{"damage":1,"enemies":"Looter","floor":14,"turns":2},{"damage":45,"enemies":"Slime Boss","floor":16,"turns":5}],"seed_played":"231398318496521771","potions_obtained":[{"floor":1,"key":"SpeedPotion"},{"floor":10,"key":"PowerPotion"},{"floor":11,"key":"Weak Potion"}],"is_trial":false,"path_per_floor":["M","?","?","?","T","E","R","E","T","E","M","M","E","M","R","B"],"character_chosen":"DEFECT","items_purchased":[],"campfire_rested":1,"item_purchase_floors":[],"current_hp_per_floor":[64,64,69,62,62,62,62,62,62,29,29,29,18,19,41,0,0],"gold":792,"neow_bonus":"THREE_ENEMY_KILL","is_daily":false,"chose_seed":false,"campfire_upgraded":1,"win_rate":0.0,"timestamp":1613254430,"path_taken":["M","?","?","?","?","E","R","E","T","E","M","M","E","M","R","BOSS"],"items_purchased_type":[],"build_version":"2020-12-22","purchased_purges":0,"victory":false,"max_hp_per_floor":[71,71,76,76,76,76,76,76,76,76,76,76,76,76,76,76,76],"card_choices":[{"not_picked":["Cold Snap","Conserve Battery"],"picked":"Lockon","floor":1},{"not_picked":["Steam","Leap"],"picked":"Loop","floor":6},{"not_picked":["Redo","Reboot"],"picked":"Thunder Strike","floor":8},{"not_picked":["Coolheaded","Cold Snap"],"picked":"Streamline","floor":10},{"not_picked":["Conserve Battery","Recycle"],"picked":"Barrage","floor":11},{"not_picked":["Conserve Battery","Sweeping Beam"],"picked":"Doom and Gloom","floor":12},{"not_picked":["Meteor Strike","Cold Snap"],"picked":"Consume","floor":13},{"not_picked":["Streamline","Steam"],"picked":"Turbo","floor":14}],"player_experience":918935,"relics_obtained":[{"floor":5,"key":"Anchor"},{"floor":6,"key":"Ancient Tea Set"},{"floor":8,"key":"Kunai"},{"floor":9,"key":"Bird Faced Urn"},{"floor":10,"key":"Old Coin"},{"floor":13,"key":"Happy Flower"}],"event_choices":[{"damage_healed":0,"gold_gain":150,"player_choice":"AGREE","damage_taken":0,"max_hp_gain":0,"max_hp_loss":0,"event_name":"Liars Game","floor":2,"gold_loss":0,"cards_obtained":["Doubt"]},{"damage_healed":0,"gold_gain":0,"player_choice":"Donut","damage_taken":0,"max_hp_gain":5,"max_hp_loss":0,"event_name":"Big Fish","floor":3,"gold_loss":0},{"cards_removed":["Doubt"],"damage_healed":0,"gold_gain":0,"player_choice":"Card Removal","damage_taken":7,"max_hp_gain":0,"max_hp_loss":0,"event_name":"Golden Wing","floor":4,"gold_loss":0}],"is_beta":false,"boss_relics":[],"items_purged_floors":[],"is_endless":false,"potions_floor_spawned":[1,10,11],"killed_by":"Slime Boss","ascension_level":20}}