{"host":"Tonhão","time":1613250893,"event":{"mods":["Aspiration","BaseMod","Better Third Choice","Conspire","Downfall","Friendly Minions","Halation","Hermit","Highlight Path","Hubris","Infinite Spire","Jedi Mod","Minty Spire (QoL Compilation)","Relic Sorter","Reliquary","Replay The Spire","Spicy Shops","StSLib","The Animator","The Construct","The Cursed","The Jester","The Senshi","The Servant 0.9.4"],"gold_per_floor":[363,47,47,47,47,82,82,111,138,138,152,169,194,207,207,308,308,320,320,334,334,346,346,346,346,392,392,411,431,29,61,61,161,161,161,161],"floor_reached":35,"language":"ENG","playtime":2503,"items_purged":["downfall:Icky","Defend_G"],"score":538,"play_id":"2cc026a5-93d2-46fa-9c13-f5caa9cf79ad","local_time":"20210213181453","is_ascension_mode":true,"campfire_choices":[{"data":"Infinite Blades","floor":7,"key":"SMITH"},{"floor":10,"key":"REST"},{"floor":15,"key":"REST"},{"floor":23,"key":"REST"},{"data":"1","floor":25,"key":"LIFT"},{"floor":27,"key":"REST"},{"data":"2","floor":32,"key":"LIFT"}],"circlet_count":0,"master_deck":["Strike_G","Strike_G","Strike_G","Strike_G","Strike_G","Defend_G","Defend_G","Defend_G","Defend_G","Survivor","Neutralize","Infinite Blades+1","Cloak And Dagger","Escape Plan","PiercingWail","Cloak And Dagger","jedi:studyshivs","conspire:PoisonWeapons+1","infinitespire:Starlight","Pot Of Greed","Pot Of Greed","Caltrops+1","infinitespire:Neurotoxin","Infinite Blades","Storm of Steel","Pot Of Greed","Backflip","Envenom"],"relics":["Ring of the Snake","jedi:ghostblades","Girya","jedi:cryingmask","ReplayFunnel","reliquary:ExpiredCoupon","ReplayTheSpireMod:Lightbulb","halation:Prosthetics","hubris:Towel","reliquary:RedCape","Pantograph","Grinning Jar","Orrery","Gremlin Food","Ring of Chaos"],"acts_visited":["Exordium","TheCity","TheBeyond"],"potions_floor_usage":[6,12,16,22,33],"damage_taken":[{"damage":0,"enemies":"Cultist","floor":1,"turns":4},{"damage":9,"enemies":"Replay:BlueRogue","floor":6,"turns":12},{"damage":41,"enemies":"3 Sentries","floor":8,"turns":13},{"damage":0,"enemies":"2 Louse","floor":11,"turns":3},{"damage":0,"enemies":"conspire:RoseBush","floor":12,"turns":4},{"damage":12,"enemies":"Replay:BlueRogue","floor":13,"turns":7},{"damage":1,"enemies":"2 Fungi Beasts","floor":14,"turns":4},{"damage":11,"enemies":"The Guardian","floor":16,"turns":21},{"damage":10,"enemies":"3 Byrds","floor":18,"turns":8},{"damage":5,"enemies":"Shell Parasite","floor":20,"turns":9},{"damage":12,"enemies":"Sentry and Sphere","floor":22,"turns":4},{"damage":0,"enemies":"conspire:HollyBat","floor":28,"turns":6},{"damage":0,"enemies":"Snecko","floor":29,"turns":4},{"damage":0,"enemies":"Nightmare","floor":31,"turns":7},{"damage":14,"enemies":"hubris:MusketHawk","floor":33,"turns":5},{"damage":45,"enemies":"3 Shapes","floor":35,"turns":5}],"seed_played":"451000625695118094","potions_obtained":[{"floor":1,"key":"DuplicationPotion"},{"floor":8,"key":"EssenceOfSteel"},{"floor":12,"key":"Elixir"},{"floor":13,"key":"Dexterity Potion"},{"floor":20,"key":"Slimebound:ThreeZeroPotion"},{"floor":31,"key":"DistilledChaos"},{"floor":33,"key":"conspire:TimeTravelPotion"}],"is_trial":false,"path_per_floor":["M","$","T","$","?","E","R","E","T","R","M","M","E","M","R","B",null,"M","?","M","?","M","R","AVR","R","T","R","M","M","$","NM","R","B",null,"M"],"character_chosen":"THE_SILENT","items_purchased":["jedi:ghostblades","Caltrops+1","Orrery"],"campfire_rested":4,"item_purchase_floors":[2,30,30],"current_hp_per_floor":[70,70,70,70,70,61,61,20,20,41,41,41,29,28,49,38,35,25,25,20,14,2,12,12,12,12,22,32,32,32,35,35,31,35,0,0],"gold":161,"neow_bonus":"TWO_FIFTY_GOLD","is_daily":false,"chose_seed":false,"campfire_upgraded":1,"win_rate":0.0,"timestamp":1613250893,"path_taken":["M","$","?","$","?","E","R","E","T","R","M","M","E","M","R","BOSS","M","?","M","?","M","R","AVR","R","T","R","M","?","$","NM","R","BOSS","M"],"items_purchased_type":["Relic","Card","Relic"],"build_version":"2020-11-17","purchased_purges":2,"victory":false,"max_hp_per_floor":[70,70,70,70,70,70,70,70,70,70,70,70,70,70,70,70,35,35,35,35,35,35,35,35,35,35,35,35,35,35,35,35,35,35,35,35],"card_choices":[{"not_picked":["Dagger Throw","Deflect"],"picked":"Infinite Blades","floor":1},{"not_picked":["Sucker Punch","Deflect","Poisoned Stab"],"picked":"SKIP","floor":6},{"not_picked":["ReplayTheSpireMod:Necrosis","Prepared"],"picked":"Cloak And Dagger","floor":8},{"not_picked":["Slice","Acrobatics"],"picked":"Escape Plan","floor":11},{"not_picked":["Quick Slash","Prepared","Dagger Throw"],"picked":"SKIP","floor":12},{"not_picked":["Bouncing Flask","Backflip"],"picked":"PiercingWail","floor":13},{"not_picked":["jedi:pocketpoison","Deflect"],"picked":"Cloak And Dagger","floor":14},{"not_picked":["Glass Knife","Night Terror"],"picked":"jedi:studyshivs","floor":16},{"not_picked":["Sucker Punch+1","Flying Knee"],"picked":"conspire:PoisonWeapons+1","floor":18},{"not_picked":["Endless Agony","Deadly Poison","Replay:Poison Smokescreen"],"picked":"SKIP","floor":20},{"not_picked":["Bane+1","hubris:SlightOfHand","Cloak And Dagger"],"picked":"SKIP","floor":22},{"not_picked":["Prepared","hubris:SlightOfHand","Deflect"],"picked":"SKIP","floor":28},{"not_picked":["Flying Knee","jedi:pocketpoison","Underhanded Strike"],"picked":"SKIP","floor":29},{"not_picked":["Outmaneuver","Blade Dance"],"picked":"infinitespire:Neurotoxin","floor":30},{"not_picked":["Cloak And Dagger+1","Poisoned Stab"],"picked":"Infinite Blades","floor":30},{"not_picked":["PiercingWail","Deflect"],"picked":"Storm of Steel","floor":30},{"not_picked":["jedi:pocketpoison","Hidden Blade"],"picked":"Backflip","floor":30},{"not_picked":["Backstab","Bullet Time","Acrobatics"],"picked":"SKIP","floor":31},{"not_picked":["infinitespire:Neurotoxin","Tools of the Trade"],"picked":"Envenom","floor":33}],"player_experience":152213,"relics_obtained":[{"floor":3,"key":"Girya"},{"floor":6,"key":"jedi:cryingmask"},{"floor":8,"key":"ReplayFunnel"},{"floor":9,"key":"reliquary:ExpiredCoupon"},{"floor":13,"key":"ReplayTheSpireMod:Lightbulb"},{"floor":26,"key":"Grinning Jar"},{"floor":31,"key":"Gremlin Food"}],"event_choices":[{"damage_healed":0,"gold_gain":0,"player_choice":"","damage_taken":6,"max_hp_gain":0,"max_hp_loss":0,"event_name":"Knowing Skull","floor":21,"potions_obtained":[],"gold_loss":0,"cards_obtained":[]}],"is_beta":true,"boss_relics":[{"not_picked":["Kintsugi","Runic Pyramid"],"picked":"halation:Prosthetics"},{"not_picked":["expansioncontent:StudyCardRelic","Tiny House"],"picked":"Ring of Chaos"}],"items_purged_floors":[2,30],"is_endless":true,"potions_floor_spawned":[1,8,12,13,20,31,33],"killed_by":"3 Shapes","ascension_level":3}}