{"host":"htqwg582tjjtn9p7","time":1613225330,"event":{"mods":["2.2 Compatiblity","AchievementEnabler","Act Like it!","Aspiration","BaseMod","Better Third Choice","Colored Map","Conspire","Curses Come First","Displayed Cursed Tome","Energized Spire","Force Act Four","Fox Events","GifTheSpireLib","Hermit","Highlight Path","JesterMod","Mad Scientist","Minty Spire (QoL Compilation)","Pale of the Ancients","Permanent Neow","Random Character Button","Relic Stats","Reliquary","Replay The Spire","Robot Space Explorer","Somnambulant","Spicy Shops","Spikes Relics","StSLib","Stuff the Spire","The Blue Laboratory","The Bug Knight","The Forsaken","The Gatherer","The Judge","The Jungle","The Marked","The Runesmith","The Servant 0.9.4","Uncapped"],"gold_per_floor":[19,39,39,58,71,104,117,150,173,202,187,187,202,213,213,287,287,303,65,99,112,124,124,152,152,152,179,191,86,98,124,136,148,148],"floor_reached":33,"language":"ENG","playtime":1234,"items_purged":[],"score":541,"play_id":"a39cc297-3872-479b-bfbd-daed75796b39","local_time":"20210213150850","is_ascension_mode":true,"campfire_choices":[{"data":"Bash","floor":12,"key":"SMITH"},{"data":"Backstab","floor":15,"key":"SMITH"},{"floor":23,"key":"REST"},{"floor":25,"key":"REST"},{"data":"Warcry","floor":28,"key":"SMITH"},{"data":"StuffTheSpire:Slingshot","floor":32,"key":"SMITH"}],"circlet_count":0,"master_deck":["AscendersBane","Strike_R","Strike_R","Defend_R","Defend_R","Defend_R","Defend_R","Bash+1","Master of Strategy","conspire:Charge","True Grit","Eviscerate","Flying Knee","conspire:Charge","Backstab+1","Exhume","Fire Breathing","Shrug It Off","Warcry+1","ReplayTheSpireMod:Stacked","Panache","conspire:Charge","Spot Weakness","StuffTheSpire:Slingshot+1","Burning Pact","Dropkick"],"relics":["Burning Blood","StuffTheSpire:Mouthbags","Toy Ornithopter","Ancient Tea Set","BicycleWheel","SlaversCollar","Red Mask","ReplayTheSpireMod:Ninjato","Kunai","MawBank","Replay:Bottled Steam"],"acts_visited":["Exordium","TheCity"],"potions_floor_usage":[6,6,8,22,22,27],"damage_taken":[{"damage":5,"enemies":"Cultist","floor":1,"turns":5},{"damage":2,"enemies":"Jaw Worm","floor":2,"turns":5},{"damage":0,"enemies":"Small Slimes","floor":4,"turns":2},{"damage":8,"enemies":"Blue Slaver","floor":5,"turns":2},{"damage":1,"enemies":"3 Sentries","floor":6,"turns":6},{"damage":5,"enemies":"Lots of Slimes","floor":7,"turns":3},{"damage":20,"enemies":"Lagavulin","floor":8,"turns":5},{"damage":16,"enemies":"Gremlin Nob","floor":10,"turns":3},{"damage":6,"enemies":"Exordium Thugs","floor":11,"turns":4},{"damage":5,"enemies":"Blue Slaver","floor":13,"turns":2},{"damage":0,"enemies":"2 Fungi Beasts","floor":14,"turns":3},{"damage":3,"enemies":"Slime Boss","floor":16,"turns":10},{"damage":10,"enemies":"Spheric Guardian","floor":18,"turns":4},{"damage":34,"enemies":"Masked Bandits","floor":20,"turns":6},{"damage":27,"enemies":"2 Thieves","floor":21,"turns":5},{"damage":25,"enemies":"Snecko","floor":22,"turns":4},{"damage":20,"enemies":"Gremlin Leader","floor":24,"turns":6},{"damage":5,"enemies":"Book of Stabbing","floor":27,"turns":4},{"damage":0,"enemies":"Centurion and Healer","floor":31,"turns":4},{"damage":53,"enemies":"Pondfish","floor":33,"turns":4}],"seed_played":"7868665417701357675","potions_obtained":[{"floor":2,"key":"blueLaboratory:FrostheartPotion"},{"floor":4,"key":"ColorlessPotion"},{"floor":6,"key":"AttackPotion"},{"floor":11,"key":"blueLaboratory:BottledHope"},{"floor":21,"key":"blueLaboratory:FrostheartPotion"},{"floor":24,"key":"blueLaboratory:IronCompound"},{"floor":31,"key":"blueLaboratory:BottleOfRum"}],"is_trial":false,"path_per_floor":["M","M","?","M","M","E","M","E","T","E","M","R","M","M","R","B",null,"M","$","?","M","M","R","E","R","T","E","R","?","$","M","R","B"],"character_chosen":"IRONCLAD","items_purchased":["Panache","conspire:Charge"],"campfire_rested":2,"item_purchase_floors":[19,19],"current_hp_per_floor":[69,73,73,75,73,75,75,61,61,51,51,51,52,58,58,61,72,68,68,40,19,10,32,18,40,40,46,46,46,46,52,52,0,0],"gold":148,"neow_bonus":"RANDOM_COLORLESS_2","is_daily":false,"chose_seed":false,"campfire_upgraded":4,"win_rate":0.0,"timestamp":1613225330,"path_taken":["M","?","?","M","M","E","M","E","T","E","M","R","?","M","R","BOSS","M","$","?","M","M","R","E","R","T","E","R","?","$","?","R","BOSS"],"items_purchased_type":["Card","Card"],"build_version":"2020-12-22","purchased_purges":0,"victory":false,"max_hp_per_floor":[75,75,75,75,75,75,75,75,75,75,75,75,75,75,75,75,75,75,75,75,75,75,75,75,75,75,75,75,75,75,75,75,75,75],"relic_stats":{"counters":[20,87],"Kunai":[3],"MawBank":72,"obtain_stats":[{"SlaversCollar":17,"ReplayTheSpireMod:Ninjato":24,"StuffTheSpire:Mouthbags":6,"Red Mask":20,"Kunai":26,"Ancient Tea Set":9,"MawBank":27,"Burning Blood":0,"Toy Ornithopter":8,"BicycleWheel":10,"Replay:Bottled Steam":29},{"SlaversCollar":12,"ReplayTheSpireMod:Ninjato":17,"StuffTheSpire:Mouthbags":5,"Red Mask":14,"Kunai":17,"Ancient Tea Set":7,"MawBank":18,"Burning Blood":0,"Toy Ornithopter":7,"BicycleWheel":8,"Replay:Bottled Steam":18},{"SlaversCollar":50,"ReplayTheSpireMod:Ninjato":75,"StuffTheSpire:Mouthbags":20,"Red Mask":60,"Kunai":75,"Ancient Tea Set":28,"MawBank":79,"Burning Blood":0,"Toy Ornithopter":28,"BicycleWheel":31,"Replay:Bottled Steam":79}],"Burning Blood":106,"Toy Ornithopter":15},"card_choices":[{"not_picked":["Chrysalis","Secret Weapon"],"picked":"Master of Strategy","floor":0},{"not_picked":["Twin Strike","Uppercut"],"picked":"conspire:Charge","floor":1},{"not_picked":["StuffTheSpire:RagingBull","Perfected Strike"],"picked":"True Grit","floor":2},{"not_picked":["Replay:Undeath\u0027s Touch","Twin Strike"],"picked":"conspire:Charge","floor":4},{"not_picked":["Flame Barrier","Wild Strike","Replay:Undeath\u0027s Touch"],"picked":"SKIP","floor":5},{"not_picked":["Rage","Absolvement"],"picked":"Exhume","floor":6},{"not_picked":["Searing Blow","Rage"],"picked":"Fire Breathing","floor":7},{"not_picked":["Rampage","Headbutt"],"picked":"Shrug It Off","floor":8},{"not_picked":["ReplayTheSpireMod:Corrosion Curse","Thunderclap"],"picked":"Warcry","floor":10},{"not_picked":["Headbutt","Cleave","Run Through"],"picked":"SKIP","floor":11},{"not_picked":["Clothesline","Double Tap","Iron Wave"],"picked":"SKIP","floor":13},{"not_picked":["Flame Barrier","Thunderclap","StuffTheSpire:Slingshot"],"picked":"SKIP","floor":14},{"not_picked":["StuffTheSpire:Resist","Pommel Strike"],"picked":"ReplayTheSpireMod:Stacked","floor":18},{"not_picked":["Cleave","True Grit"],"picked":"Spot Weakness","floor":20},{"not_picked":["ReplayTheSpireMod:LeadingStrike","Run Through","Clash"],"picked":"SKIP","floor":21},{"not_picked":["Twin Strike","Sword Boomerang"],"picked":"StuffTheSpire:Slingshot","floor":22},{"not_picked":["Wild Strike","StuffTheSpire:Incineration"],"picked":"Burning Pact","floor":24},{"not_picked":["StuffTheSpire:TitanForm","Searing Blow","Power Through"],"picked":"SKIP","floor":27},{"not_picked":["ReplayTheSpireMod:LeadingStrike","True Grit"],"picked":"Dropkick","floor":31}],"player_experience":2030459,"relics_obtained":[{"floor":6,"key":"StuffTheSpire:Mouthbags"},{"floor":8,"key":"Toy Ornithopter"},{"floor":9,"key":"Ancient Tea Set"},{"floor":10,"key":"BicycleWheel"},{"floor":20,"key":"Red Mask"},{"floor":24,"key":"ReplayTheSpireMod:Ninjato"},{"floor":26,"key":"Kunai"},{"floor":27,"key":"MawBank"}],"event_choices":[{"damage_healed":0,"gold_gain":0,"player_choice":"Fought Bandits","damage_taken":0,"max_hp_gain":0,"max_hp_loss":0,"event_name":"Masked Bandits","floor":20,"gold_loss":0},{"damage_healed":0,"gold_gain":0,"player_choice":"Paid Gold","damage_taken":0,"relics_obtained":["Replay:Bottled Steam"],"max_hp_gain":0,"max_hp_loss":0,"event_name":"WeMeetAgain","floor":29,"gold_loss":117}],"is_beta":false,"boss_relics":[{"not_picked":["energizedSpire:DecayingSkull","HailfireSword"],"picked":"SlaversCollar"}],"items_purged_floors":[],"is_endless":false,"potions_floor_spawned":[2,4,5,6,11,21,24,31],"killed_by":"Pondfish","ascension_level":15}}