{"host":"m9osufisr3agwk96","time":1613201881,"event":{"mods":["Aspiration","BaseMod","Colored Map","Colored Powertips","Downfall","Duelist Mod","Friendly Minions","GifTheSpireLib","Hermit","Hero for Fun","Highlight Path","Hubris","Minty Spire (QoL Compilation)","Rare Cards Sparkle","Reliquary","Replay The Spire","Shop Mod","StSLib"],"gold_per_floor":[15,32,32,32,112,112,112,130,130,130,130,130,130,130,130,233,233,246,258,258,258],"floor_reached":20,"language":"ENG","playtime":320,"items_purged":[],"score":361,"play_id":"fc140cdd-e8e1-4967-8c44-4a59c2bdc656","local_time":"20210212233801","is_ascension_mode":false,"campfire_choices":[{"data":"Strike_Y","floor":7,"key":"SMITH"},{"data":"Defend_Y","floor":15,"key":"SMITH"}],"circlet_count":0,"master_deck":["Strike_Y","Strike_Y+1","Strike_Y","Strike_Y","Strike_Y","Defend_Y","Defend_Y","Defend_Y","Defend_Y+1","Defend_Y","Slap","Yawn","Serious_Punch","Ignore","Yawn"],"relics":["Cape","Darkstone Periapt","WingedGreaves","hubris:TerracottaHorce"],"acts_visited":["Exordium","TheCity"],"potions_floor_usage":[],"damage_taken":[{"damage":0,"enemies":"Cultist","floor":1,"turns":1},{"damage":0,"enemies":"2 Louse","floor":2,"turns":2},{"damage":0,"enemies":"Jaw Worm","floor":3,"turns":1},{"damage":0,"enemies":"3 Sentries","floor":6,"turns":1},{"damage":0,"enemies":"Blue Slaver","floor":8,"turns":2},{"damage":0,"enemies":"Lots of Slimes","floor":11,"turns":3},{"damage":0,"enemies":"Gremlin Nob","floor":12,"turns":1},{"damage":0,"enemies":"Exordium Wildlife","floor":14,"turns":1},{"damage":0,"enemies":"Hexaghost","floor":16,"turns":6},{"damage":0,"enemies":"2 Thieves","floor":18,"turns":2},{"damage":0,"enemies":"Shell Parasite","floor":19,"turns":2},{"damage":0,"enemies":"3 Cultists","floor":20,"turns":1}],"seed_played":"-7881830793247886459","potions_obtained":[{"floor":2,"key":"Toxic Potion"}],"is_trial":false,"path_per_floor":["M","M","M","$","?","E","R","M","T","T","M","E","R","M","R","B",null,"M","M","M"],"character_chosen":"OPM","items_purchased":[],"campfire_rested":0,"item_purchase_floors":[],"current_hp_per_floor":[1098,1098,1098,1098,1098,1098,1098,1098,1098,1098,1098,1098,1098,1098,1098,1098,1098,1098,1098,1098,1098],"gold":258,"neow_bonus":"TEN_PERCENT_HP_BONUS","is_daily":false,"chose_seed":false,"campfire_upgraded":2,"win_rate":0.0,"timestamp":1613201881,"path_taken":["M","M","?","$","?","E","R","M","T","?","M","E","R","M","R","BOSS","M","M","M"],"items_purchased_type":[],"build_version":"2020-12-22","purchased_purges":0,"victory":false,"max_hp_per_floor":[1098,1098,1098,1098,1098,1098,1098,1098,1098,1098,1098,1098,1098,1098,1098,1098,1098,1098,1098,1098,1098],"card_choices":[{"not_picked":["Hop","Consecutive_Normal_Punch"],"picked":"Slap","floor":1},{"not_picked":["Normal_Punch","Side_Hop","Hop"],"picked":"SKIP","floor":2},{"not_picked":["Ignore","Get_Hopes_Up","Slap"],"picked":"SKIP","floor":3},{"not_picked":["Wear_Disguise","Side_Hop","Ignore"],"picked":"SKIP","floor":6},{"not_picked":["Do_Nothing","Toss_Stone"],"picked":"Yawn","floor":8},{"not_picked":["Do_Nothing","Ignore","Hop"],"picked":"SKIP","floor":11},{"not_picked":["Slap","Do_Nothing","Toss_Stone"],"picked":"SKIP","floor":12},{"not_picked":["Side_Hop","Consecutive_Normal_Punch","Hop"],"picked":"SKIP","floor":14},{"not_picked":["Hip_Strike","Get_Hopes_Up"],"picked":"Serious_Punch","floor":16},{"not_picked":["Normal_Punch","Side_Hop"],"picked":"Ignore","floor":18},{"not_picked":["Wear_Disguise","Slap"],"picked":"Yawn","floor":19}],"player_experience":477935,"relics_obtained":[{"floor":9,"key":"Darkstone Periapt"},{"floor":10,"key":"WingedGreaves"}],"event_choices":[],"is_beta":false,"boss_relics":[{"not_picked":["hubris:VirtuousBlindfold","Busted Crown"],"picked":"hubris:TerracottaHorce"}],"items_purged_floors":[],"is_endless":false,"potions_floor_spawned":[2,3,6,12,14],"killed_by":"3 Cultists","ascension_level":0}}