{"host":"jwpp8hxpigr0nknu","time":1613257832,"event":{"mods":["BaseMod","BetterRewards","Colored Map","Colored Powertips","Minty Spire (QoL Compilation)","Rare Cards Sparkle","Replay The Spire","Shop Mod","StSLib"],"gold_per_floor":[116,126,126,145,161,195,209,243,267,267,287,300,312,337,337,412,412,429,123,123,189,203,203,233,233,259,271,271,271],"floor_reached":28,"language":"ENG","playtime":1492,"items_purged":["Intimidate"],"score":488,"play_id":"262d1f22-eb4d-4742-b877-0df146705533","local_time":"20210213171032","daily_mods":["Draft"],"is_ascension_mode":true,"campfire_choices":[{"data":"Sentinel","floor":10,"key":"SMITH"},{"data":"Feed","floor":15,"key":"SMITH"},{"data":"Thunderclap","floor":23,"key":"PURGE"},{"data":"Iron Wave","floor":25,"key":"PURGE"}],"circlet_count":0,"master_deck":["AscendersBane","Cleave","Power Through","Pommel Strike","Sentinel+1","Pummel","Bloodletting","Havoc","Pommel Strike","Pommel Strike","Rage","Inflame","Battle Trance","Inflame","Thunderclap","Heavy Blade","Warcry","Impervious+1","Power Through","ReplayTheSpireMod:Muscle Training","Feed+1","Eclipse+1","Shockwave+1","Infernal Blade","Shockwave+1","Infernal Blade","Spreading Infection"],"relics":["Burning Blood","ReplayTheSpireMod:Ring of Exchange","ReplayTheSpireMod:Shallot","Akabeko","ReplayFunnel","Peace Pipe","Cursed Key","Guide Book","Lantern","Eternal Feather","Strawberry"],"acts_visited":["Exordium","TheCity"],"potions_floor_usage":[5,7,13,16,22,22,24,24],"damage_taken":[{"damage":7,"enemies":"Jaw Worm","floor":1,"turns":3},{"damage":3,"enemies":"2 Louse","floor":2,"turns":2},{"damage":3,"enemies":"Small Slimes","floor":4,"turns":2},{"damage":8,"enemies":"Exordium Thugs","floor":5,"turns":3},{"damage":32,"enemies":"Lagavulin","floor":6,"turns":4},{"damage":1,"enemies":"Large Slime","floor":7,"turns":6},{"damage":0,"enemies":"Gremlin Nob","floor":8,"turns":4},{"damage":0,"enemies":"2 Fungi Beasts","floor":11,"turns":1},{"damage":0,"enemies":"Exordium Wildlife","floor":12,"turns":1},{"damage":0,"enemies":"Blue Slaver","floor":13,"turns":1},{"damage":9,"enemies":"3 Sentries","floor":14,"turns":6},{"damage":15,"enemies":"Slime Boss","floor":16,"turns":6},{"damage":11,"enemies":"Shell Parasite","floor":18,"turns":3},{"damage":1,"enemies":"3 Byrds","floor":22,"turns":3},{"damage":24,"enemies":"Replay:Snechameleon","floor":24,"turns":6},{"damage":8,"enemies":"Snake Plant","floor":27,"turns":4}],"seed_played":"5200479044609735687","potions_obtained":[{"floor":4,"key":"Fire Potion"},{"floor":6,"key":"Swift Potion"},{"floor":11,"key":"Adrenaline Potion"},{"floor":14,"key":"LiquidMemories"},{"floor":16,"key":"Explosive Potion"},{"floor":21,"key":"BloodPotion"},{"floor":21,"key":"EntropicBrew"},{"floor":24,"key":"Languid Potion"}],"is_trial":true,"path_per_floor":["M","M","?","M","M","E","M","E","T","R","M","M","M","E","R","B",null,"M","$","?","?","M","R","E","R","T","M","$"],"character_chosen":"IRONCLAD","items_purchased":["Infernal Blade","Guide Book"],"campfire_rested":0,"item_purchase_floors":[19,19],"current_hp_per_floor":[67,70,70,73,71,45,50,56,56,56,62,68,74,71,71,62,72,71,71,71,52,76,76,58,73,80,82,82,82],"gold":271,"neow_bonus":"","is_daily":false,"chose_seed":true,"campfire_upgraded":2,"win_rate":0.0,"timestamp":1613257832,"path_taken":["M","M","?","M","M","E","M","E","T","R","M","M","M","E","R","BOSS","M","$","?","?","M","R","E","R","T","?","$"],"items_purchased_type":["Card","Relic"],"build_version":"2020-12-22","purchased_purges":1,"victory":false,"max_hp_per_floor":[75,75,75,75,75,75,75,75,75,75,75,75,75,75,75,75,75,79,79,79,79,83,83,83,83,90,94,94,94],"card_choices":[{"not_picked":["Armaments","Abandon"],"picked":"Cleave","floor":0},{"not_picked":["Dark Embrace","Pommel Strike"],"picked":"Power Through","floor":0},{"not_picked":["ReplayTheSpireMod:Strike From Hell","Burning Pact"],"picked":"Pommel Strike","floor":0},{"not_picked":["Thunderclap","Wild Strike"],"picked":"Sentinel","floor":0},{"not_picked":["Flame Barrier","Shrug It Off"],"picked":"Pummel","floor":0},{"not_picked":["Battle Trance","Warcry"],"picked":"Bloodletting","floor":0},{"not_picked":["Rampage","Run Through"],"picked":"Havoc","floor":0},{"not_picked":["Run Through","True Grit"],"picked":"Iron Wave","floor":0},{"not_picked":["Searing Blow","Havoc"],"picked":"Pommel Strike","floor":0},{"not_picked":["Headbutt","Armaments"],"picked":"Pommel Strike","floor":0},{"not_picked":["Run Through","Second Wind"],"picked":"Rage","floor":0},{"not_picked":["Fire Breathing","Twin Strike"],"picked":"Thunderclap","floor":0},{"not_picked":["Twin Strike","Iron Wave"],"picked":"Inflame","floor":0},{"not_picked":["Dual Wield","Havoc"],"picked":"Battle Trance","floor":0},{"not_picked":["Dark Embrace","Defy Death"],"picked":"Inflame","floor":0},{"not_picked":["Clothesline","Run Through"],"picked":"Thunderclap","floor":1},{"not_picked":["ReplayTheSpireMod:Limb From Limb","ReplayTheSpireMod:Corrosion Curse"],"picked":"Heavy Blade","floor":2},{"not_picked":["Evolve","Clash"],"picked":"Warcry","floor":4},{"not_picked":["Intimidate","Second Wind","Run Through"],"picked":"SKIP","floor":5},{"not_picked":["Thunderclap","Warcry"],"picked":"Impervious","floor":6},{"not_picked":["Whirlwind","Thunderclap"],"picked":"Power Through","floor":7},{"not_picked":["Evolve","Defy Death","Sword Boomerang"],"picked":"SKIP","floor":8},{"not_picked":["Perfected Strike","Whirlwind"],"picked":"Intimidate","floor":11},{"not_picked":["Dark Embrace","ReplayTheSpireMod:Strike From Hell","Thunderclap"],"picked":"SKIP","floor":12},{"not_picked":["Battle Trance","Replay:Undeath\u0027s Touch"],"picked":"ReplayTheSpireMod:Muscle Training","floor":13},{"not_picked":["Body Slam","Feel No Pain"],"picked":"Feed","floor":14},{"not_picked":["Demonic Infusion","Replay:Many Hands"],"picked":"Eclipse","floor":16},{"not_picked":["Iron Wave+1","Shrug It Off+1"],"picked":"Shockwave+1","floor":18},{"not_picked":["Blood for Blood+1","Sword Boomerang"],"picked":"Shockwave+1","floor":22},{"not_picked":["Power Through","Fire Breathing"],"picked":"Infernal Blade","floor":24},{"not_picked":["ReplayTheSpireMod:Stacked","Ghostly Armor","True Grit"],"picked":"SKIP","floor":27}],"player_experience":335622,"relics_obtained":[{"floor":3,"key":"ReplayTheSpireMod:Ring of Exchange"},{"floor":6,"key":"ReplayTheSpireMod:Shallot"},{"floor":8,"key":"Akabeko"},{"floor":9,"key":"ReplayFunnel"},{"floor":14,"key":"Peace Pipe"},{"floor":21,"key":"Lantern"},{"floor":24,"key":"Eternal Feather"},{"floor":26,"key":"Strawberry"}],"event_choices":[{"damage_healed":0,"gold_gain":0,"player_choice":"Ignored","damage_taken":0,"max_hp_gain":0,"max_hp_loss":0,"event_name":"Vampires","floor":20,"gold_loss":0}],"is_beta":false,"boss_relics":[{"not_picked":["HandDrill","PrismaticShard"],"picked":"Cursed Key"}],"items_purged_floors":[19],"is_endless":false,"potions_floor_spawned":[4,6,11,14,16,24],"ascension_level":14}}