{"host":"11728qvdvolffudn","time":1613212158,"event":{"mods":["BaseMod","Block Reminder","Colored Powertips","Curses Come First","Custom Start","Displayed Cursed Tome","Highlight Path","Minty Spire (QoL Compilation)","Permanent Neow","Quick Restart","Rare Cards Sparkle","Relic Stats","StSLib","Weighted Paths"],"gold_per_floor":[112,129,129,129,140,140,65,65,65,97,97,113,113,13,13,111,161,179,269,286,286,286],"floor_reached":21,"language":"ENG","playtime":747,"items_purged":["Pain","Strike_R"],"score":212,"play_id":"ff6f6440-c50b-4eae-a2dc-d90d971f6234","local_time":"20210213102918","is_ascension_mode":true,"campfire_choices":[{"data":"Rampage","floor":6,"key":"SMITH"},{"data":"Defend_R","floor":8,"key":"SMITH"},{"data":"Whirlwind","floor":11,"key":"SMITH"},{"data":"Defend_R","floor":13,"key":"SMITH"},{"data":"Defend_R","floor":15,"key":"SMITH"}],"circlet_count":0,"master_deck":["Strike_R+1","Strike_R","Strike_R+1","Strike_R","Defend_R+1","Defend_R+1","Defend_R","Defend_R+1","Bash+1","Rampage+1","Infernal Blade+1","Whirlwind+1","Limit Break"],"relics":["Burning Blood","Whetstone","WarpedTongs","HornCleat","Letter Opener","Tiny House"],"acts_visited":["Exordium","TheCity"],"potions_floor_usage":[18],"damage_taken":[{"damage":1,"enemies":"Cultist","floor":1,"turns":3},{"damage":2,"enemies":"2 Louse","floor":2,"turns":2},{"damage":14,"enemies":"Jaw Worm","floor":5,"turns":4},{"damage":20,"enemies":"3 Sentries","floor":10,"turns":8},{"damage":6,"enemies":"Exordium Thugs","floor":12,"turns":4},{"damage":14,"enemies":"Hexaghost","floor":16,"turns":9},{"damage":31,"enemies":"Spheric Guardian","floor":18,"turns":6},{"damage":31,"enemies":"Shell Parasite","floor":20,"turns":7},{"damage":0,"enemies":"Centurion and Healer","floor":21,"turns":3}],"seed_played":"5578034870432874183","potions_obtained":[{"floor":1,"key":"Explosive Potion"},{"floor":16,"key":"Fruit Juice"},{"floor":17,"key":"Ancient Potion"},{"floor":18,"key":"FearPotion"},{"floor":20,"key":"Strength Potion"}],"is_trial":false,"path_per_floor":["M","M","?","?","M","R","$","R","T","E","R","M","R","$","R","B",null,"M","?","M","M"],"character_chosen":"IRONCLAD","items_purchased":[],"campfire_rested":0,"item_purchase_floors":[],"current_hp_per_floor":[80,80,80,80,72,72,72,72,72,58,58,58,58,58,58,50,85,65,53,28,28,28],"gold":286,"neow_bonus":"RANDOM_COMMON_RELIC","is_daily":false,"chose_seed":false,"campfire_upgraded":5,"win_rate":0.0,"timestamp":1613212158,"path_taken":["M","?","?","?","?","R","$","R","T","E","R","M","R","$","R","BOSS","M","?","M","?"],"items_purchased_type":[],"build_version":"2020-12-22","purchased_purges":2,"victory":false,"max_hp_per_floor":[80,80,80,80,80,80,80,80,80,80,80,80,80,80,80,80,85,90,90,90,90,90],"relic_stats":{"counters":[9,46],"Whetstone":["Strike_R","Strike_R"],"Letter Opener":[5],"obtain_stats":[{"HornCleat":9,"Tiny House":17,"Whetstone":0,"Letter Opener":10,"Burning Blood":0,"WarpedTongs":4},{"HornCleat":3,"Tiny House":6,"Whetstone":0,"Letter Opener":4,"Burning Blood":0,"WarpedTongs":2},{"HornCleat":9,"Tiny House":30,"Whetstone":0,"Letter Opener":17,"Burning Blood":0,"WarpedTongs":5}],"Burning Blood":39,"WarpedTongs":[31]},"card_choices":[{"not_picked":["Shrug It Off","Headbutt"],"picked":"Rampage","floor":1},{"not_picked":["Body Slam","Heavy Blade"],"picked":"Infernal Blade","floor":2},{"not_picked":["Clash","Wild Strike","Heavy Blade"],"picked":"SKIP","floor":5},{"not_picked":["Juggernaut","Heavy Blade"],"picked":"Whirlwind","floor":10},{"not_picked":["Sword Boomerang","Twin Strike","True Grit"],"picked":"SKIP","floor":12},{"not_picked":["Fiend Fire","Double Tap"],"picked":"Limit Break","floor":16},{"not_picked":["Entrench","Burning Pact","Warcry"],"picked":"SKIP","floor":18},{"not_picked":["Sword Boomerang","Clothesline+1","Burning Pact"],"picked":"SKIP","floor":20}],"player_experience":211832,"relics_obtained":[{"floor":9,"key":"HornCleat"},{"floor":10,"key":"Letter Opener"}],"event_choices":[{"damage_healed":0,"gold_gain":0,"player_choice":"Grow","damage_taken":0,"max_hp_gain":0,"max_hp_loss":0,"event_name":"Living Wall","floor":3,"gold_loss":0,"cards_upgraded":["Infernal Blade"]},{"damage_healed":0,"gold_gain":0,"player_choice":"Rummage","damage_taken":0,"relics_obtained":["WarpedTongs"],"max_hp_gain":0,"max_hp_loss":0,"event_name":"Accursed Blacksmith","floor":4,"gold_loss":0,"cards_obtained":["Pain"]},{"damage_healed":0,"gold_gain":90,"player_choice":"GOLD ","damage_taken":12,"max_hp_gain":0,"max_hp_loss":0,"event_name":"Knowing Skull","floor":19,"potions_obtained":[],"gold_loss":0,"cards_obtained":[]}],"is_beta":false,"boss_relics":[{"not_picked":["Mark of Pain","Sozu"],"picked":"Tiny House"}],"items_purged_floors":[7,14],"is_endless":false,"potions_floor_spawned":[1,16,18,20],"killed_by":"Centurion and Healer","ascension_level":4}}