{"host":"sygfylmorsvdndbx","time":1613246893,"event":{"mods":["AchievementEnabler","BaseMod","Bestiary","Highlight Path","Minty Spire (QoL Compilation)","Permanent Neow","Quick Restart","Relic Stats"],"gold_per_floor":[113,38,55,72,85,85,111,129,201,201,211,246,246,261,261,366,366,381,381,397,397,397,424,115,115,115,150,150,161,189,204,204,304,304,324,7,23,23,23,23,39,66,66,96,114,125,139,156,156,156,156,156,16,47,47],"floor_reached":56,"language":"ENG","playtime":6367,"items_purged":["Shame","Anger","Strike_R"],"score":2070,"play_id":"51427c8c-040b-4b59-a108-b1b9c17b1c09","local_time":"20210213150813","is_ascension_mode":true,"campfire_choices":[{"data":"Bash","floor":6.0,"key":"SMITH"},{"data":"Twin Strike","floor":10.0,"key":"SMITH"},{"data":"1","floor":13.0,"key":"LIFT"},{"data":"2","floor":15.0,"key":"LIFT"},{"data":"3","floor":25.0,"key":"LIFT"},{"data":"Juggernaut","floor":28.0,"key":"SMITH"},{"data":"Feel No Pain","floor":32.0,"key":"SMITH"},{"data":"Feel No Pain","floor":40.0,"key":"SMITH"},{"floor":49.0,"key":"RECALL"},{"data":"Feel No Pain","floor":52.0,"key":"SMITH"}],"circlet_count":0,"master_deck":["AscendersBane","Strike_R","Strike_R","Strike_R","Strike_R","Defend_R","Defend_R","Defend_R","Defend_R","Bash+1","Secret Weapon","Ghostly Armor","Shrug It Off","Juggernaut+1","Twin Strike+1","Twin Strike","Pummel","Offering","Ghostly","Ghostly","Ghostly","Ghostly","Ghostly","Armaments+1","Shrug It Off","Feel No Pain+1","Intimidate+1","Feel No Pain+1","Flame Barrier+1","Body Slam+1","Corruption","Finesse+1","Dual Wield+1","Flame Barrier+1","Feel No Pain+1","Armaments+1","Battle Trance+1","Warcry+1","Dual Wield+1","Twin Strike+1","Offering+1","Shrug It Off+1","Finesse+1","Offering+1"],"relics":["Burning Blood","CaptainsWheel","Kunai","Girya","Philosopher\u0027s Stone","Bag of Marbles","Lantern","Membership Card","Bag of Preparation","Toxic Egg 2","Red Skull","Anchor","Runic Pyramid","Oddly Smooth Stone","Lee\u0027s Waffle","Pen Nib","MealTicket","Magic Flower"],"acts_visited":["Exordium","TheCity","TheBeyond","TheEnding"],"potions_floor_usage":[55,55],"damage_taken":[{"damage":13.0,"enemies":"Jaw Worm","floor":1.0,"turns":4.0},{"damage":0.0,"enemies":"Small Slimes","floor":3.0,"turns":3.0},{"damage":0.0,"enemies":"2 Louse","floor":4.0,"turns":3.0},{"damage":5.0,"enemies":"Gremlin Gang","floor":5.0,"turns":8.0},{"damage":26.0,"enemies":"Gremlin Nob","floor":7.0,"turns":4.0},{"damage":3.0,"enemies":"Blue Slaver","floor":8.0,"turns":4.0},{"damage":1.0,"enemies":"Exordium Wildlife","floor":11.0,"turns":4.0},{"damage":21.0,"enemies":"3 Sentries","floor":12.0,"turns":9.0},{"damage":0.0,"enemies":"Large Slime","floor":14.0,"turns":5.0},{"damage":34.0,"enemies":"The Guardian","floor":16.0,"turns":12.0},{"damage":24.0,"enemies":"Shell Parasite","floor":18.0,"turns":3.0},{"damage":10.0,"enemies":"3 Byrds","floor":20.0,"turns":5.0},{"damage":11.0,"enemies":"Gremlin Leader","floor":23.0,"turns":6.0},{"damage":6.0,"enemies":"Slavers","floor":27.0,"turns":6.0},{"damage":6.0,"enemies":"Snake Plant","floor":29.0,"turns":2.0},{"damage":0.0,"enemies":"Book of Stabbing","floor":30.0,"turns":6.0},{"damage":0.0,"enemies":"Centurion and Healer","floor":31.0,"turns":7.0},{"damage":11.0,"enemies":"Champ","floor":33.0,"turns":9.0},{"damage":0.0,"enemies":"Orb Walker","floor":35.0,"turns":3.0},{"damage":1.0,"enemies":"3 Darklings","floor":37.0,"turns":5.0},{"damage":1.0,"enemies":"Jaw Worm Horde","floor":41.0,"turns":3.0},{"damage":1.0,"enemies":"Giant Head","floor":42.0,"turns":7.0},{"damage":1.0,"enemies":"Reptomancer","floor":44.0,"turns":5.0},{"damage":1.0,"enemies":"Transient","floor":45.0,"turns":5.0},{"damage":0.0,"enemies":"3 Darklings","floor":46.0,"turns":2.0},{"damage":0.0,"enemies":"Writhing Mass","floor":47.0,"turns":8.0},{"damage":6.0,"enemies":"Maw","floor":48.0,"turns":6.0},{"damage":8.0,"enemies":"Donu and Deca","floor":50.0,"turns":7.0},{"damage":1.0,"enemies":"Shield and Spear","floor":54.0,"turns":7.0},{"damage":43,"enemies":"The Heart","floor":55,"turns":9}],"seed_played":"4585103129747804454","potions_obtained":[{"floor":4.0,"key":"Fire Potion"},{"floor":7.0,"key":"Weak Potion"},{"floor":12.0,"key":"Fruit Juice"},{"floor":14.0,"key":"Regen Potion"},{"floor":30.0,"key":"HeartOfIron"},{"floor":33.0,"key":"DuplicationPotion"}],"is_trial":false,"path_per_floor":["M","$","M","M","M","R","E","M","T","R","M","E","R","M","R","B",null,"M","?","M","?","?","E","$","R","T","E","R","M","E","M","R","B",null,"M","$","M","?","?","R","M","E","T","E","M","M","M","M","R","B",null,"R","$","E","B",null],"character_chosen":"IRONCLAD","items_purchased":["Membership Card","Bag of Preparation","Feel No Pain","Oddly Smooth Stone","Finesse+1","Dual Wield+1","Flame Barrier+1","Lee\u0027s Waffle","Offering+1","Shrug It Off+1","Finesse+1"],"campfire_rested":0,"item_purchase_floors":[24,24,24,36,36,36,36,36,53,53,53],"current_hp_per_floor":[65,65,71,77,78,78,58,61,61,61,66,51,51,62,62,34,72,54,42,38,38,38,33,33,33,33,33,33,33,39,42,42,37,41,42,49,49,47,43,43,47,47,47,47,47,47,47,47,47,45,47,47,47,47,13],"gold":47,"neow_bonus":"RANDOM_COLORLESS_2","is_daily":false,"chose_seed":false,"campfire_upgraded":6,"win_rate":0.0,"timestamp":1613246893,"path_taken":["M","$","M","M","M","R","E","M","T","R","M","E","R","M","R","BOSS","M","?","M","?","?","E","$","R","T","E","R","M","E","M","R","BOSS","M","$","M","?","?","R","M","E","T","E","M","?","M","M","R","BOSS","R","$","E","BOSS"],"items_purchased_type":["Relic","Relic","Card","Relic","Card","Card","Card","Relic","Card","Card","Card"],"build_version":"2020-12-22","purchased_purges":3,"victory":true,"max_hp_per_floor":[80,80,80,80,80,80,80,80,80,80,80,80,80,85,85,85,85,85,42,42,42,42,42,42,42,42,42,42,42,42,42,42,42,42,42,49,49,47,47,47,47,47,47,47,47,47,47,47,47,47,47,47,47,47,47],"relic_stats":{"Lee\u0027s Waffle":7,"counters":[30,167],"Magic Flower":[3],"MealTicket":0,"Pen Nib":[7],"Bag of Preparation":[34],"Kunai":[33],"obtain_stats":[{"Girya":12,"Lantern":23,"Lee\u0027s Waffle":36,"Oddly Smooth Stone":36,"Magic Flower":54,"Pen Nib":42,"Bag of Preparation":24,"Burning Blood":0,"CaptainsWheel":7,"Anchor":30,"Philosopher\u0027s Stone":17,"MealTicket":44,"Bag of Marbles":22,"Kunai":9,"Membership Card":24,"Toxic Egg 2":26,"Red Skull":27,"Runic Pyramid":34},{"Girya":8,"Lantern":13,"Lee\u0027s Waffle":19,"Oddly Smooth Stone":19,"Magic Flower":29,"Pen Nib":22,"Bag of Preparation":13,"Burning Blood":0,"CaptainsWheel":5,"Anchor":16,"Philosopher\u0027s Stone":10,"MealTicket":23,"Bag of Marbles":12,"Kunai":6,"Membership Card":13,"Toxic Egg 2":13,"Red Skull":14,"Runic Pyramid":18},{"Girya":39,"Lantern":70,"Lee\u0027s Waffle":103,"Oddly Smooth Stone":103,"Magic Flower":158,"Pen Nib":118,"Bag of Preparation":70,"Burning Blood":0,"CaptainsWheel":22,"Anchor":84,"Philosopher\u0027s Stone":56,"MealTicket":123,"Bag of Marbles":64,"Kunai":26,"Membership Card":70,"Toxic Egg 2":70,"Red Skull":76,"Runic Pyramid":100}],"Burning Blood":137},"card_choices":[{"not_picked":["The Bomb","Magnetism"],"picked":"Secret Weapon","floor":0.0},{"not_picked":["Armaments","Body Slam","Heavy Blade"],"picked":"SKIP","floor":1.0},{"not_picked":["Flex","Sword Boomerang"],"picked":"Ghostly Armor","floor":3.0},{"not_picked":["Havoc","Perfected Strike"],"picked":"Shrug It Off","floor":4.0},{"not_picked":["Clash","Clothesline"],"picked":"Anger","floor":5.0},{"not_picked":["Perfected Strike","Body Slam"],"picked":"Juggernaut","floor":7.0},{"not_picked":["Rupture","Bloodletting"],"picked":"Twin Strike","floor":8.0},{"not_picked":["Havoc","Headbutt"],"picked":"Twin Strike","floor":11.0},{"not_picked":["Perfected Strike","Clothesline","Havoc"],"picked":"SKIP","floor":12.0},{"not_picked":["Twin Strike","True Grit"],"picked":"Pummel","floor":14.0},{"not_picked":["Bludgeon","Barricade"],"picked":"Offering","floor":16.0},{"not_picked":["Carnage","Searing Blow","Body Slam"],"picked":"SKIP","floor":18.0},{"not_picked":["Heavy Blade","Warcry"],"picked":"Armaments+1","floor":20.0},{"not_picked":["Flame Barrier+1","Headbutt"],"picked":"Shrug It Off","floor":23.0},{"not_picked":["Headbutt","Metallicize"],"picked":"Intimidate+1","floor":27.0},{"not_picked":["Iron Wave","Second Wind+1"],"picked":"Feel No Pain","floor":29.0},{"not_picked":["Infernal Blade+1","Body Slam"],"picked":"Flame Barrier+1","floor":30.0},{"not_picked":["Flame Barrier+1","Heavy Blade"],"picked":"Body Slam+1","floor":31.0},{"not_picked":["Fiend Fire","Brutality"],"picked":"Corruption","floor":33.0},{"not_picked":["Whirlwind","Perfected Strike","Body Slam"],"picked":"SKIP","floor":35.0},{"not_picked":["Fire Breathing","Clothesline"],"picked":"Feel No Pain","floor":37.0},{"not_picked":["Headbutt","Cleave+1"],"picked":"Armaments+1","floor":41.0},{"not_picked":["Shrug It Off+1","Feel No Pain"],"picked":"Battle Trance+1","floor":42.0},{"not_picked":["Perfected Strike+1","Reckless Charge+1","Flame Barrier+1"],"picked":"SKIP","floor":44.0},{"not_picked":["Reaper","Anger+1","Cleave"],"picked":"SKIP","floor":45.0},{"not_picked":["Thunderclap","Sword Boomerang"],"picked":"Warcry+1","floor":46.0},{"not_picked":["Iron Wave","Thunderclap"],"picked":"Dual Wield+1","floor":47.0},{"not_picked":["Clash+1","Wild Strike"],"picked":"Twin Strike+1","floor":48.0},{"not_picked":["Inflame","Twin Strike"],"picked":"Offering+1","floor":54.0}],"player_experience":506405,"relics_obtained":[{"floor":7.0,"key":"CaptainsWheel"},{"floor":9.0,"key":"Kunai"},{"floor":12.0,"key":"Girya"},{"floor":23.0,"key":"Lantern"},{"floor":26.0,"key":"Toxic Egg 2"},{"floor":27.0,"key":"Red Skull"},{"floor":30.0,"key":"Anchor"},{"floor":42.0,"key":"Pen Nib"},{"floor":44.0,"key":"MealTicket"},{"floor":54.0,"key":"Magic Flower"}],"event_choices":[{"damage_healed":0.0,"max_hp_gain":0.0,"max_hp_loss":43.0,"gold_gain":0.0,"event_name":"Ghosts","player_choice":"Became a Ghost","floor":19.0,"gold_loss":0.0,"damage_taken":0.0,"cards_obtained":["Ghostly","Ghostly","Ghostly","Ghostly","Ghostly"]},{"damage_healed":0.0,"max_hp_gain":0.0,"max_hp_loss":0.0,"gold_gain":0.0,"event_name":"Cursed Tome","player_choice":"Ignored","floor":21.0,"gold_loss":0.0,"damage_taken":0.0},{"damage_healed":0.0,"max_hp_gain":0.0,"max_hp_loss":0.0,"gold_gain":0.0,"event_name":"The Mausoleum","player_choice":"Opened","floor":22.0,"gold_loss":0.0,"damage_taken":0.0,"relics_obtained":["Bag of Marbles"]},{"damage_healed":0.0,"max_hp_gain":0.0,"max_hp_loss":2.0,"gold_gain":0.0,"event_name":"Winding Halls","player_choice":"Max HP","floor":38.0,"gold_loss":0.0,"damage_taken":0.0},{"damage_healed":0.0,"max_hp_gain":0.0,"max_hp_loss":0.0,"gold_gain":0.0,"event_name":"Wheel of Change","player_choice":"Damaged","floor":39.0,"gold_loss":0.0,"damage_taken":4.0}],"is_beta":false,"boss_relics":[{"not_picked":["Cursed Key","Astrolabe"],"picked":"Philosopher\u0027s Stone"},{"not_picked":["SlaversCollar","Runic Dome"],"picked":"Runic Pyramid"}],"items_purged_floors":[2,24,36],"is_endless":false,"potions_floor_spawned":[4,7,12,14,23,30,33,37,42,44],"ascension_level":12}}