{"host":"gn5np1e2857ww9ha","time":1613215089,"event":{"mods":["AchievementEnabler","Act Like it!","Aspiration","Astrologer","BaseMod","Better Altar","Better Match","Better Note","Better Sensory Stone","Better Skull","Better Third Choice","BetterRewards","Block Reminder","CCEM2","CapriCore","Colored Map","Conspire","DeckTracker","Downfall","Elementarium","Energized Spire","Gensokyo","GungeonMod","Halation","Hallownest","Hermit","Hubris","Infinite Spire","Jedi Mod","JesterMod","Jorbs\u0027s Wanderer Trilogy","Marisa????????","Mimic Mod","Minty Spire (QoL Compilation)","Pale of the Ancients","Quick Restart","RNG Fix","Rare Cards Sparkle","Replay The Spire","StSLib","The Bug Knight","The Construct","The Hierophant","The Immortal","The Jungle","The Kombatant","The Saiyan","The Senshi","The Servant 0.9.4","The Wild Card"],"gold_per_floor":[99,111,128,147,17,17,53,53,63,81,81,97,97,108,125,228,228,128,143,143,157,174,185,238,238,250,270,270,280,306,323,339,439,439,339,350,139,154,154,154,154,154],"floor_reached":40,"language":"ENG","playtime":3038,"items_purged":["Guardian:Strike_Guardian"],"score":458,"play_id":"f869c1d9-cdab-41eb-8540-00a176252047","local_time":"20210213051809","is_ascension_mode":false,"campfire_choices":[{"floor":1,"key":"RECALL"},{"data":"Guardian:TwinSlam","floor":6,"key":"SMITH"},{"floor":8,"key":"REST"},{"data":"Guardian:SentryBeam","floor":11,"key":"SMITH"},{"floor":13,"key":"REST"},{"data":"Guardian:PiercingHide","floor":18,"key":"SMITH"},{"floor":35,"key":"REST"}],"circlet_count":0,"master_deck":["Guardian:Strike_Guardian","Guardian:Strike_Guardian","Guardian:Strike_Guardian","Guardian:Defend_Guardian","Guardian:Defend_Guardian","Guardian:Defend_Guardian","Guardian:Defend_Guardian","Guardian:CurlUp","Guardian:TwinSlam+1","Guardian:CrystalBeam","Guardian:PolyBeam","Guardian:PiercingHide+1","Guardian:RollAttack","Guardian:SentryBeam+1","Guardian:SentryBeam","Guardian:BaubleBeam","Guardian:ChargeCore","Guardian:RevengeProtocol","Guardian:FloatingOrbs+1","hubris:Fate+1","Guardian:Recover","Guardian:ChargeCore+1","Guardian:PrismaticBarrier+1","Guardian:ShieldCharger","Guardian:Recover","Guardian:Emergency","Guardian:FloatingOrbs","Guardian:Suspension","Guardian:VentSteam","Guardian:SphericShield","Guardian:Gem_Red","Guardian:Recover+1","Guardian:Gem_Red","Guardian:Gem_Fragmented","Guardian:CrystalBeam+1"],"relics":["Guardian:ModeShifter","Dream Catcher","construct:WeddingRing","downfall:HeartBlessingRed","Tiny Chest","Bird Faced Urn","aspiration:SecretTechniqueScroll","downfall:HeartBlessingBlue","Bronze Scales","Meat on the Bone"],"acts_visited":["Exordium","TheCity","TheBeyond"],"potions_floor_usage":[33,40,40],"damage_taken":[{"damage":6,"enemies":"Jaw Worm","floor":2,"turns":5},{"damage":4,"enemies":"Cultist","floor":3,"turns":5},{"damage":0,"enemies":"Small Slimes","floor":4,"turns":3},{"damage":5,"enemies":"downfall:FleeingMerchant","floor":5,"turns":4},{"damage":8,"enemies":"Exordium Wildlife","floor":7,"turns":8},{"damage":10,"enemies":"Exordium Wildlife","floor":9,"turns":3},{"damage":6,"enemies":"Blue Slaver","floor":10,"turns":3},{"damage":4,"enemies":"3 Louse","floor":12,"turns":3},{"damage":3,"enemies":"Large Slime","floor":14,"turns":5},{"damage":12,"enemies":"Lots of Slimes","floor":15,"turns":2},{"damage":17,"enemies":"SI_SHIV_ARCHETYPE","floor":16,"turns":9},{"damage":6,"enemies":"Shell Parasite","floor":19,"turns":4},{"damage":21,"enemies":"Snake Plant","floor":21,"turns":2},{"damage":0,"enemies":"Centurion and Healer","floor":22,"turns":5},{"damage":0,"enemies":"Snecko","floor":23,"turns":4},{"damage":5,"enemies":"Shelled Parasite and Fungi","floor":26,"turns":3},{"damage":5,"enemies":"Centurion and Healer","floor":27,"turns":7},{"damage":1,"enemies":"conspire:HollyBat","floor":29,"turns":6},{"damage":10,"enemies":"Replay:Snechameleon","floor":30,"turns":5},{"damage":11,"enemies":"Shelled Parasite and Fungi","floor":31,"turns":4},{"damage":2,"enemies":"Centurion and Healer","floor":32,"turns":7},{"damage":50,"enemies":"DF_ARCHETYPE_CLAW","floor":33,"turns":7},{"damage":2,"enemies":"3 Shapes","floor":36,"turns":3},{"damage":0,"enemies":"downfall:FleeingMerchant","floor":37,"turns":4},{"damage":12,"enemies":"Orb Walker","floor":38,"turns":4},{"damage":34,"enemies":"infinitespire:Three Voidlings","floor":40,"turns":3},{"damage":75,"enemies":"Nightmare_Alpha","floor":40,"turns":8}],"seed_played":"-5719188133507747561","potions_obtained":[{"floor":3,"key":"Adrenaline Potion"},{"floor":4,"key":"champ:CounterPotion"},{"floor":15,"key":"Weak Potion"},{"floor":16,"key":"Explosive Potion"},{"floor":21,"key":"hexamod:SoulburnPotion"},{"floor":26,"key":"Guardian:AcceleratePotion"},{"floor":36,"key":"Energy Potion"}],"is_trial":false,"path_per_floor":["R","M","M","M","$","R","MIM","R","M","M","R","M","R","M","M","B",null,"R","M","AVR","M","M","M","T","?","M","M","?","M","E","M","M","B",null,"R","M","$","M","T","?"],"character_chosen":"GUARDIAN","items_purchased":["Guardian:Gem_White","Guardian:Gem_Cyan","Bronze Scales","Guardian:Gem_Fragmented"],"campfire_rested":3,"item_purchase_floors":[5,5,37,37],"current_hp_per_floor":[88,82,78,78,73,73,65,88,78,72,72,68,88,85,73,56,88,88,82,82,61,61,61,61,61,56,51,60,59,49,44,63,19,88,98,96,98,90,90,0,0,0],"gold":154,"neow_bonus":"TEN_PERCENT_HP_BONUS","is_daily":false,"chose_seed":false,"campfire_upgraded":3,"win_rate":0.0,"timestamp":1613215089,"path_taken":["R","M","M","?","?","R","MIM","R","M","M","R","M","R","M","M","BOSS","R","M","AVR","M","M","M","T","?","M","M","?","M","E","?","M","BOSS","R","M","$","M","?","?"],"items_purchased_type":["Card","Card","Relic","Card"],"build_version":"2020-12-22","purchased_purges":1,"victory":false,"max_hp_per_floor":[88,88,88,88,88,88,88,88,88,88,88,88,88,88,88,88,88,88,88,88,88,88,88,88,88,88,88,88,88,88,88,88,88,88,98,98,98,98,98,98,98,98],"card_choices":[{"not_picked":["Guardian:ShieldCharger","Guardian:ChargeCore"],"picked":"Guardian:CrystalBeam","floor":2},{"not_picked":["Guardian:Planning","Guardian:TemporalShield"],"picked":"Guardian:Gem_Cyan","floor":3},{"not_picked":["Guardian:DecasProtection","Guardian:Recover"],"picked":"Guardian:Gem_Blue","floor":4},{"not_picked":["Guardian:ConstructionForm","Guardian:DecasProtection"],"picked":"Guardian:PolyBeam","floor":5},{"not_picked":["Guardian:DonusPower","Guardian:RefractedBeam"],"picked":"Guardian:Gem_Crimson","floor":7},{"not_picked":["Guardian:RollAttack","Guardian:WalkerClaw"],"picked":"Guardian:PiercingHide","floor":8},{"not_picked":["Guardian:ShieldSpikes","Guardian:Gem_Green"],"picked":"Guardian:RollAttack","floor":9},{"not_picked":["Guardian:Recover","Guardian:BronzeOrb"],"picked":"Guardian:SentryBeam","floor":10},{"not_picked":["Guardian:MultiBeam","Guardian:Incinerate"],"picked":"Guardian:SentryBeam","floor":12},{"not_picked":["Guardian:Reroute","Guardian:RollAttack"],"picked":"Guardian:Gem_Lightblue","floor":13},{"not_picked":["Guardian:FloatingOrbs","Guardian:Gem_Cyan"],"picked":"Guardian:BaubleBeam","floor":14},{"not_picked":["Guardian:Preprogram","Guardian:TimeCapacitor"],"picked":"Guardian:ChargeCore","floor":15},{"not_picked":["Guardian:Gem_Synthetic","Guardian:StasisField"],"picked":"Guardian:RevengeProtocol","floor":16},{"not_picked":["Guardian:PrismaticBarrier","Guardian:Planning+1"],"picked":"Guardian:FloatingOrbs+1","floor":19},{"not_picked":["Guardian:PrimingBeam","Guardian:CrystalBeam"],"picked":"Guardian:Recover","floor":21},{"not_picked":["Guardian:StasisField","Guardian:Recover+1"],"picked":"Guardian:ChargeCore+1","floor":22},{"not_picked":["Guardian:Gem_Green","Guardian:Gem_Lightblue"],"picked":"Guardian:PrismaticBarrier+1","floor":23},{"not_picked":["Guardian:PiercingHide+1","Guardian:VentSteam"],"picked":"Guardian:ShieldCharger","floor":26},{"not_picked":["Guardian:ExploitGems","Guardian:Planning"],"picked":"Guardian:Recover","floor":27},{"not_picked":["Guardian:Recover+1","Guardian:PrimingBeam+1"],"picked":"Guardian:Emergency","floor":29},{"not_picked":["Guardian:ShieldSpikes","Guardian:VentSteam+1"],"picked":"Guardian:FloatingOrbs","floor":30},{"not_picked":["Guardian:RollAttack","Guardian:Incinerate+1"],"picked":"Guardian:Suspension","floor":31},{"not_picked":["Guardian:Reroute","Guardian:Incinerate+1"],"picked":"Guardian:VentSteam","floor":32},{"not_picked":["Guardian:BaubleBeam","Guardian:StasisField"],"picked":"Guardian:SphericShield","floor":33},{"not_picked":["Guardian:RefractedBeam","Guardian:Recover+1"],"picked":"Guardian:Gem_Red","floor":35},{"not_picked":["Guardian:Reroute","Guardian:RollAttack"],"picked":"Guardian:Recover+1","floor":36},{"not_picked":["Guardian:PiercingHide+1","Guardian:TemporalStrike+1"],"picked":"Guardian:Gem_Red","floor":37},{"not_picked":["Guardian:ShieldCharger","Guardian:VentSteam+1"],"picked":"Guardian:CrystalBeam+1","floor":38}],"player_experience":48062,"relics_obtained":[{"floor":7,"key":"Dream Catcher"},{"floor":30,"key":"Bird Faced Urn"},{"floor":39,"key":"Meat on the Bone"}],"event_choices":[],"is_beta":false,"boss_relics":[{"not_picked":["Empty Cage","Sozu"],"picked":"construct:WeddingRing"},{"not_picked":["energizedSpire:OgreHead","energizedSpire:HugeHouse"],"picked":"aspiration:SecretTechniqueScroll"}],"items_purged_floors":[20],"is_endless":false,"potions_floor_spawned":[3,4,15,16,21,26,27,29,31,36,40],"killed_by":"Nightmare_Alpha","ascension_level":0}}