{"host":"za1qviwhp34x909e","time":1613200595,"event":{"mods":["Act Like it!","BaseMod","Colored Map","Colored Powertips","Downfall","Hallownest","Hermit","Highlight Path","Hubris","Koishi","Marisa????????","Minty Spire (QoL Compilation)","Quick Restart","Reimu??????","Remilia??????","Replay The Spire","StSLib","The Bug Knight","The Cursed","The Disciple","The Hierophant","The Mystic","The Necromancer","The Runesmith","The Servant 0.9.4","The Wild Card"],"gold_per_floor":[116,130,17,36,36,69,69,79,79,79,105,105,105,124,124,221,221,238,238,238,238],"floor_reached":20,"language":"ENG","playtime":1231,"items_purged":[],"score":232,"play_id":"202e584c-de36-4884-84a7-1ae3fce8a813","local_time":"20210213011635","is_ascension_mode":false,"campfire_choices":[{"data":"Snipe","floor":7,"key":"SMITH"},{"floor":10,"key":"REST"},{"data":"BottledTime","floor":13,"key":"SMITH"},{"floor":15,"key":"DIG"}],"circlet_count":0,"master_deck":["Strike_S","Strike_S","Strike_S","Defend_S","Defend_S","Defend_S","Defend_S","KidneyShot","Exchange","DoubleEdge","BottledTime+1","SurpressingFire","ReturningBlade","Spin","Initiator","Snipe+1","Unruled","Desolation","BottledTime","FlawlessForm","Replace"],"relics":["Uniform","Vajra","AntiCross","hubris:MedicalManual","hubris:Towel","Blood Vial","StoneMask","hubris:BottledHeart"],"acts_visited":["Exordium","TheCity"],"potions_floor_usage":[],"damage_taken":[{"damage":0,"enemies":"2 Louse","floor":1,"turns":3},{"damage":0,"enemies":"Small Slimes","floor":2,"turns":3},{"damage":2,"enemies":"Jaw Worm","floor":4,"turns":5},{"damage":32,"enemies":"3 Sentries","floor":6,"turns":5},{"damage":14,"enemies":"Gremlin Gang","floor":8,"turns":3},{"damage":5,"enemies":"HollowMod:MossKnight","floor":11,"turns":3},{"damage":2,"enemies":"2 Fungi Beasts","floor":14,"turns":2},{"damage":0,"enemies":"Slime Boss","floor":16,"turns":3},{"damage":18,"enemies":"3 Byrds","floor":18,"turns":5}],"seed_played":"-8780549899459582738","potions_obtained":[{"floor":2,"key":"SteroidPotion"},{"floor":4,"key":"sneckomod:MuddlingPotion"},{"floor":14,"key":"GrandPatriotsElixir:ReiMu"}],"is_trial":false,"path_per_floor":["M","M","$","M","?","E","R","M","T","R","E","?","R","M","R_BF","B",null,"M","?","?"],"character_chosen":"THE_SERVANT","items_purchased":["SurpressingFire","ReturningBlade"],"campfire_rested":1,"item_purchase_floors":[3,3],"current_hp_per_floor":[71,71,71,69,69,37,37,23,23,44,39,39,39,37,37,39,71,62,1,0,0],"gold":238,"neow_bonus":"TEN_PERCENT_HP_BONUS","is_daily":false,"chose_seed":false,"campfire_upgraded":2,"win_rate":0.0,"timestamp":1613200595,"path_taken":["M","M","$","M","?","E","R","M","T","R","E","?","R","M","R_BF","BOSS","M","?","?"],"items_purchased_type":["Card","Card"],"build_version":"2020-12-22","purchased_purges":0,"victory":false,"max_hp_per_floor":[71,71,71,71,71,71,71,71,71,71,71,71,71,71,71,71,71,74,1,1,1],"card_choices":[{"not_picked":["Reset","RealityMarble"],"picked":"DoubleEdge","floor":1},{"not_picked":["Potential","SilverBlades"],"picked":"BottledTime","floor":2},{"not_picked":["Foresight","Luminosity"],"picked":"Spin","floor":4},{"not_picked":["Collapse","Alleviate"],"picked":"Snipe","floor":6},{"not_picked":["Spin","DualDimension"],"picked":"Unruled","floor":8},{"not_picked":["Advance","Alleviate"],"picked":"Desolation","floor":11},{"not_picked":["Read","InstantArmor"],"picked":"BottledTime","floor":14},{"not_picked":["Embodiment","PendulumOfEternity"],"picked":"FlawlessForm","floor":16},{"not_picked":["GearUp","TimeWarp"],"picked":"Replace","floor":18}],"player_experience":691119,"relics_obtained":[{"floor":6,"key":"Vajra"},{"floor":9,"key":"AntiCross"},{"floor":11,"key":"hubris:MedicalManual"},{"floor":15,"key":"Blood Vial"}],"event_choices":[{"damage_healed":0,"gold_gain":0,"cards_transformed":["Strike_S"],"player_choice":"Change","damage_taken":0,"max_hp_gain":0,"max_hp_loss":0,"event_name":"Living Wall","floor":5,"gold_loss":0,"cards_obtained":["Initiator"]}],"is_beta":false,"boss_relics":[{"not_picked":["Cursed Key","Honey Jar"],"picked":"StoneMask"}],"items_purged_floors":[],"is_endless":false,"potions_floor_spawned":[2,4,14],"ascension_level":0}}