{"host":"gjfulft9y42c2y2c","time":1613216018,"event":{"mods":["AchievementEnabler","BaseMod","Colored Map","DeckTracker","Keyboard Shortcuts","Minty Spire (QoL Compilation)","Permanent Neow","StSLib","SuperFastMode","everything is the same but u backflip on backflip"],"gold_per_floor":[113,128,144,164,39,39,70,82,94,118,163,175,221,246,258,369,381,411,433,459,49,49,49,81,81,81,93,93,93],"floor_reached":28,"language":"KOR","playtime":1513,"items_purged":["Strike_G"],"score":403,"play_id":"1a6a82ea-6769-4605-ad4e-989d99332922","local_time":"20210213203338","is_ascension_mode":true,"campfire_choices":[{"data":"Neutralize","floor":6.0,"key":"SMITH"},{"floor":8.0,"key":"REST"},{"floor":15.0,"key":"REST"},{"data":"Noxious Fumes","floor":23,"key":"SMITH"}],"circlet_count":0,"master_deck":["AscendersBane","Strike_G","Defend_G","Defend_G","Defend_G","Defend_G","Defend_G","Survivor","Neutralize+1","Terror","Blade Dance","Masterful Stab","Well Laid Plans","Poisoned Stab","Deadly Poison","Endless Agony","Choke","Poisoned Stab","Glass Knife","Backflip+1","All Out Attack+1","Poisoned Stab+1","Prepared+1","Bane","Noxious Fumes+1","Dagger Spray","PiercingWail+1","PiercingWail+1","Dagger Throw"],"relics":["Ring of the Snake","StoneCalendar","MawBank","Ornamental Fan","Toxic Egg 2","Blood Vial","Astrolabe","Bottled Tornado","TwistedFunnel","Lantern"],"acts_visited":["Exordium","TheCity"],"potions_floor_usage":[24],"damage_taken":[{"damage":4.0,"enemies":"2 Louse","floor":1.0,"turns":3.0},{"damage":4.0,"enemies":"Jaw Worm","floor":2.0,"turns":4.0},{"damage":0.0,"enemies":"Cultist","floor":3.0,"turns":3.0},{"damage":4.0,"enemies":"3 Louse","floor":4.0,"turns":5.0},{"damage":20.0,"enemies":"Gremlin Nob","floor":7.0,"turns":4.0},{"damage":0.0,"enemies":"2 Fungi Beasts","floor":10.0,"turns":2.0},{"damage":27.0,"enemies":"Lagavulin","floor":11.0,"turns":5.0},{"damage":21.0,"enemies":"3 Sentries","floor":13.0,"turns":7.0},{"damage":0.0,"enemies":"Gremlin Gang","floor":14.0,"turns":1.0},{"damage":17.0,"enemies":"Hexaghost","floor":16.0,"turns":8.0},{"damage":10.0,"enemies":"3 Byrds","floor":18.0,"turns":4.0},{"damage":12.0,"enemies":"Chosen","floor":19.0,"turns":4.0},{"damage":6,"enemies":"Shelled Parasite and Fungi","floor":20,"turns":3},{"damage":48,"enemies":"Slavers","floor":24,"turns":4},{"damage":0,"enemies":"Cultist and Chosen","floor":27,"turns":4},{"damage":18,"enemies":"Sentry and Sphere","floor":28,"turns":3}],"seed_played":"-5685597823069223872","potions_obtained":[{"floor":1.0,"key":"Explosive Potion"},{"floor":2.0,"key":"Regen Potion"},{"floor":16.0,"key":"FairyPotion"},{"floor":18.0,"key":"Dexterity Potion"}],"is_trial":false,"path_per_floor":["M","M","M","M","$","R","E","R","T","M","E","?","E","M","R","B",null,"M","M","M","$","?","R","E","?","T","M","M"],"character_chosen":"THE_SILENT","items_purchased":["Poisoned Stab","Bottled Tornado","TwistedFunnel","Dagger Spray"],"campfire_rested":2,"item_purchase_floors":[5,21,21,21],"current_hp_per_floor":[41,37,37,33,33,33,13,34,34,34,22,22,1,3,24,9,55,47,37,33,33,33,33,11,11,11,13,0,0],"gold":93,"neow_bonus":"ONE_RARE_RELIC","is_daily":false,"chose_seed":false,"campfire_upgraded":2,"win_rate":0.0,"timestamp":1613216018,"path_taken":["M","M","M","M","$","R","E","R","T","M","E","?","E","M","R","BOSS","M","M","M","$","?","R","E","?","T","?","M"],"items_purchased_type":["Card","Relic","Relic","Card"],"build_version":"2020-12-22","purchased_purges":1,"victory":false,"max_hp_per_floor":[70,70,70,70,70,70,70,70,70,70,70,70,70,70,70,70,70,70,70,70,70,70,70,70,70,70,70,70,70],"card_choices":[{"not_picked":["Slice","Sucker Punch"],"picked":"Terror","floor":1.0},{"not_picked":["Slice","PiercingWail"],"picked":"Blade Dance","floor":2.0},{"not_picked":["Doppelganger","Underhanded Strike"],"picked":"Masterful Stab","floor":3.0},{"not_picked":["Heel Hook","Dodge and Roll"],"picked":"Well Laid Plans","floor":4.0},{"not_picked":["Noxious Fumes","Quick Slash"],"picked":"Deadly Poison","floor":7.0},{"not_picked":["Riddle With Holes","Blade Dance"],"picked":"Endless Agony","floor":10.0},{"not_picked":["Predator","Slice","Outmaneuver+1"],"picked":"SKIP","floor":11.0},{"not_picked":["Quick Slash","Riddle With Holes"],"picked":"Choke","floor":13.0},{"not_picked":["Finisher","Concentrate+1"],"picked":"Poisoned Stab","floor":14.0},{"not_picked":["Night Terror+1","A Thousand Cuts"],"picked":"Glass Knife","floor":16.0},{"not_picked":["Reflex+1","Poisoned Stab+1"],"picked":"Prepared+1","floor":18.0},{"not_picked":["Well Laid Plans","Poisoned Stab"],"picked":"Bane","floor":19.0},{"not_picked":["Quick Slash","Choke"],"picked":"Noxious Fumes","floor":20},{"not_picked":["Storm of Steel+1","Bane+1"],"picked":"PiercingWail+1","floor":24},{"not_picked":["Flying Knee","Slice"],"picked":"Dagger Throw","floor":27}],"player_experience":283873,"relics_obtained":[{"floor":7.0,"key":"MawBank"},{"floor":9.0,"key":"Ornamental Fan"},{"floor":11.0,"key":"Toxic Egg 2"},{"floor":13.0,"key":"Blood Vial"},{"floor":24,"key":"Lantern"}],"event_choices":[{"damage_healed":0.0,"max_hp_gain":0.0,"max_hp_loss":0.0,"gold_gain":0.0,"event_name":"Liars Game","player_choice":"Ignored","floor":12.0,"gold_loss":0.0,"damage_taken":0.0},{"damage_healed":0,"gold_gain":0,"player_choice":"Ignored","damage_taken":0,"max_hp_gain":0,"max_hp_loss":0,"event_name":"Vampires","floor":22,"gold_loss":0},{"damage_healed":0,"gold_gain":0,"player_choice":"Copied","damage_taken":0,"max_hp_gain":0,"max_hp_loss":0,"event_name":"Duplicator","floor":25,"gold_loss":0,"cards_obtained":["PiercingWail"]}],"is_beta":false,"boss_relics":[{"not_picked":["Empty Cage","HoveringKite"],"picked":"Astrolabe"}],"items_purged_floors":[5],"is_endless":false,"potions_floor_spawned":[1,2,4,7,16,18],"killed_by":"Sentry and Sphere","ascension_level":11}}