{"host":"7yyoe0ei0fseceei","time":1613241613,"event":{"mods":["BaseMod","Colored Map","Highlight Path","Minty Spire (QoL Compilation)","Quick Restart"],"gold_per_floor":[11,27,27,47,64,90,67,37,37,57,57,87,97,97,97,97,97],"floor_reached":16,"language":"ENG","playtime":464,"items_purged":[],"score":224,"play_id":"a5ebdebd-b699-45f3-acce-2176b46e5c53","local_time":"20210213194013","is_ascension_mode":true,"campfire_choices":[{"floor":15,"key":"REST"}],"circlet_count":0,"master_deck":["AscendersBane","Strike_B","Strike_B","Strike_B","Strike_B","Defend_B","Defend_B","Defend_B","Defend_B","Zap","Dualcast","Melter+1","Reinforced Body","White Noise","Tempest","Ball Lightning","Lockon","Steam Power","Genetic Algorithm","Auto Shields"],"relics":["Cracked Core","MawBank","PreservedInsect","Matryoshka"],"acts_visited":[],"potions_floor_usage":[6,12,12,16,16],"damage_taken":[{"damage":5,"enemies":"2 Louse","floor":1,"turns":3},{"damage":7,"enemies":"Jaw Worm","floor":2,"turns":2},{"damage":1,"enemies":"Cultist","floor":4,"turns":3},{"damage":0,"enemies":"2 Fungi Beasts","floor":5,"turns":3},{"damage":30,"enemies":"3 Sentries","floor":6,"turns":8},{"damage":17,"enemies":"Large Slime","floor":10,"turns":5},{"damage":20,"enemies":"Lagavulin","floor":12,"turns":3},{"damage":7,"enemies":"Looter","floor":13,"turns":3},{"damage":56,"enemies":"Hexaghost","floor":16,"turns":9}],"seed_played":"-468704545661828384","potions_obtained":[{"floor":4,"key":"SkillPotion"},{"floor":6,"key":"FearPotion"},{"floor":10,"key":"DuplicationPotion"},{"floor":12,"key":"Dexterity Potion"},{"floor":13,"key":"Regen Potion"}],"is_trial":false,"path_per_floor":["M","M","?","M","M","E","?","$","T","M","?","E","M","?","R","B"],"character_chosen":"DEFECT","items_purchased":["Lockon"],"campfire_rested":1,"item_purchase_floors":[8],"current_hp_per_floor":[73,66,66,65,65,35,56,56,56,39,39,19,12,12,37,0,0],"gold":97,"neow_bonus":"TWENTY_PERCENT_HP_BONUS","is_daily":false,"chose_seed":false,"campfire_upgraded":0,"win_rate":0.0,"timestamp":1613241613,"path_taken":["M","M","?","M","M","E","?","?","T","?","?","E","M","?","R","BOSS"],"items_purchased_type":["Card"],"build_version":"2020-12-22","purchased_purges":0,"victory":false,"max_hp_per_floor":[85,85,85,85,85,85,85,85,85,85,85,85,85,85,85,85,85],"card_choices":[{"not_picked":["Rebound","Steam"],"picked":"Melter","floor":1},{"not_picked":["Sweeping Beam","Barrage"],"picked":"Reinforced Body","floor":2},{"not_picked":["Barrage","Blizzard"],"picked":"White Noise","floor":4},{"not_picked":["Conserve Battery","Capacitor"],"picked":"Tempest","floor":5},{"not_picked":["Redo","Sweeping Beam"],"picked":"Ball Lightning","floor":6},{"not_picked":["Stack","Conserve Battery"],"picked":"Steam Power","floor":10},{"not_picked":["Cold Snap","Rebound"],"picked":"Genetic Algorithm","floor":12},{"not_picked":["Sweeping Beam","Go for the Eyes"],"picked":"Auto Shields","floor":13}],"player_experience":916324,"relics_obtained":[{"floor":6,"key":"MawBank"},{"floor":9,"key":"PreservedInsect"},{"floor":12,"key":"Matryoshka"}],"event_choices":[{"damage_healed":0,"gold_gain":0,"player_choice":"Grow","damage_taken":0,"max_hp_gain":0,"max_hp_loss":0,"event_name":"Living Wall","floor":3,"gold_loss":0,"cards_upgraded":["Melter"]},{"damage_healed":21,"gold_gain":0,"player_choice":"Healed","damage_taken":0,"max_hp_gain":0,"max_hp_loss":0,"event_name":"The Cleric","floor":7,"gold_loss":35},{"damage_healed":0,"gold_gain":0,"player_choice":"Ignored","damage_taken":0,"max_hp_gain":0,"max_hp_loss":0,"event_name":"Shining Light","floor":11,"gold_loss":0},{"damage_healed":0,"gold_gain":0,"player_choice":"Searched \u00271\u0027 times","damage_taken":0,"max_hp_gain":0,"max_hp_loss":0,"event_name":"Dead Adventurer","floor":14,"gold_loss":0}],"is_beta":false,"boss_relics":[],"items_purged_floors":[],"is_endless":false,"potions_floor_spawned":[4,6,10,12,13],"killed_by":"Hexaghost","ascension_level":20}}