{"host":"qxeepl7ydvsgmfdb","time":1613229950,"event":{"mods":["AchievementEnabler","BaseMod","Colored Powertips","Minty Spire (QoL Compilation)","Quick Restart","slay the spire mod where everything is the same but ironclad has a cowboy hat"],"gold_per_floor":[113,288,288,288,308,81,81,114,185,200,227,227,241,251,251,348,348,365,22,37,37,37,37,68,42,42,52,151,151,165,165,165,263,263,282,301,301,313,313,343,343,361,387,403,419,419,432,732,732,732,732,732,19,49,49,49],"floor_reached":55,"language":"ENG","playtime":1493,"items_purged":["Doubt","Regret","Defend_G"],"score":727,"play_id":"9f5ceea9-d9af-4ca5-a627-d13bc3aab6ae","local_time":"20210213102550","is_ascension_mode":false,"campfire_choices":[{"floor":12.0,"key":"REST"},{"floor":15.0,"key":"RECALL"},{"data":"Distraction","floor":23.0,"key":"SMITH"},{"data":"After Image","floor":29.0,"key":"SMITH"},{"data":"Adrenaline","floor":32.0,"key":"SMITH"},{"floor":46.0,"key":"REST"},{"floor":49.0,"key":"REST"},{"data":"Accuracy","floor":52.0,"key":"SMITH"}],"circlet_count":0,"master_deck":["Strike_G","Strike_G","Defend_G","Defend_G","Defend_G","Survivor","Neutralize","Dagger Spray","Poisoned Stab","Die Die Die","Blade Dance","Deflect","Deflect","After Image+1","Glass Knife+1","All Out Attack+1","Cloak And Dagger","Slice","Backstab","Distraction+1","Adrenaline+1","Blade Dance","Distraction+1","Cloak And Dagger","Accuracy+1","PiercingWail"],"relics":["WristBlade","PreservedInsect","Centennial Puzzle","Oddly Smooth Stone","Mercury Hourglass","InkBottle","Astrolabe","Pen Nib","MealTicket","Ginger","SacredBark","Matryoshka","Regal Pillow","Bronze Scales","Sling","Art of War","Vajra"],"acts_visited":["Exordium","TheCity","TheBeyond","TheEnding"],"potions_floor_usage":[55,55],"damage_taken":[{"damage":3.0,"enemies":"Small Slimes","floor":1.0,"turns":4.0},{"damage":5.0,"enemies":"2 Louse","floor":5.0,"turns":3.0},{"damage":25.0,"enemies":"3 Sentries","floor":8.0,"turns":8.0},{"damage":2.0,"enemies":"Cultist","floor":10.0,"turns":2.0},{"damage":12.0,"enemies":"Gremlin Nob","floor":11.0,"turns":3.0},{"damage":0.0,"enemies":"Blue Slaver","floor":13.0,"turns":1.0},{"damage":1.0,"enemies":"Looter","floor":14.0,"turns":2.0},{"damage":39.0,"enemies":"Hexaghost","floor":16.0,"turns":10.0},{"damage":14.0,"enemies":"2 Thieves","floor":18.0,"turns":3.0},{"damage":2.0,"enemies":"Shell Parasite","floor":20.0,"turns":4.0},{"damage":0.0,"enemies":"Slavers","floor":24.0,"turns":1.0},{"damage":0.0,"enemies":"Chosen and Byrds","floor":27.0,"turns":3.0},{"damage":0.0,"enemies":"3 Cultists","floor":30.0,"turns":2.0},{"damage":10.0,"enemies":"Collector","floor":33.0,"turns":6.0},{"damage":0.0,"enemies":"3 Shapes","floor":35.0,"turns":3.0},{"damage":0.0,"enemies":"Orb Walker","floor":36.0,"turns":3.0},{"damage":0.0,"enemies":"3 Darklings","floor":38.0,"turns":3.0},{"damage":18.0,"enemies":"Reptomancer","floor":40.0,"turns":3.0},{"damage":0.0,"enemies":"Transient","floor":42.0,"turns":5.0},{"damage":16.0,"enemies":"Maw","floor":44.0,"turns":7.0},{"damage":0.0,"enemies":"4 Shapes","floor":45.0,"turns":2.0},{"damage":14.0,"enemies":"3 Darklings","floor":47.0,"turns":3.0},{"damage":53.0,"enemies":"Donu and Deca","floor":50.0,"turns":8.0},{"damage":9.0,"enemies":"Shield and Spear","floor":54.0,"turns":4.0},{"damage":97,"enemies":"The Heart","floor":55,"turns":6}],"seed_played":"-1739629079405306333","potions_obtained":[{"floor":3.0,"key":"Weak Potion"},{"floor":3.0,"key":"Strength Potion"},{"floor":3.0,"key":"SneckoOil"},{"floor":8.0,"key":"Energy Potion"},{"floor":11.0,"key":"Regen Potion"},{"floor":14.0,"key":"LiquidBronze"},{"floor":18.0,"key":"SteroidPotion"},{"floor":24.0,"key":"Ancient Potion"},{"floor":36.0,"key":"DistilledChaos"},{"floor":42.0,"key":"Regen Potion"},{"floor":44.0,"key":"Strength Potion"}],"is_trial":false,"path_per_floor":["M","?","?","$","M","$","?","E","T","M","E","R","M","M","R","B",null,"M","$","M","?","$","R","E","$","T","M","?","R","M","?","R","B",null,"M","M","$","M","?","E","?","M","T","M","M","R","M","?","R","B",null,"R","$","E","B"],"character_chosen":"THE_SILENT","items_purchased":["PreservedInsect","Pen Nib","Cloak And Dagger","Slice","Blade Dance","Bronze Scales","Sling","SkillPotion","Strength Potion","Art of War","PiercingWail"],"campfire_rested":3,"item_purchase_floors":[6,19,19,19,25,53,53,53,53,53,53],"current_hp_per_floor":[67,67,67,67,62,62,62,37,37,35,23,44,44,43,43,4,70,56,56,54,54,54,54,54,69,69,69,69,69,69,69,69,59,70,70,70,70,70,70,52,52,52,52,36,36,70,56,56,70,27,70,70,70,61,0,0],"gold":49,"neow_bonus":"BOSS_RELIC","is_daily":false,"chose_seed":false,"campfire_upgraded":4,"win_rate":0.0,"timestamp":1613229950,"path_taken":["M","?","?","$","?","$","?","E","T","M","E","R","M","M","R","BOSS","M","$","M","?","?","R","E","$","T","?","?","R","M","?","R","BOSS","M","M","$","M","?","E","?","?","T","M","M","R","M","?","R","BOSS","R","$","E","BOSS"],"items_purchased_type":["Relic","Relic","Card","Card","Card","Relic","Relic","Potion","Potion","Relic","Card"],"build_version":"2020-12-22","purchased_purges":3,"victory":false,"max_hp_per_floor":[70,70,70,70,70,70,70,70,70,70,70,70,70,70,70,70,70,70,70,70,70,70,70,70,70,70,70,70,70,70,70,70,70,70,70,70,70,70,70,70,70,70,70,70,70,70,70,70,70,70,70,70,70,70,70,70],"card_choices":[{"not_picked":["Dodge and Roll","Masterful Stab"],"picked":"Dagger Spray","floor":1.0},{"not_picked":["Footwork","Caltrops"],"picked":"Poisoned Stab","floor":5.0},{"not_picked":["Acrobatics","Prepared"],"picked":"Die Die Die","floor":8.0},{"not_picked":["Blur","Underhanded Strike"],"picked":"Blade Dance","floor":10.0},{"not_picked":["Distraction","Outmaneuver"],"picked":"Deflect","floor":11.0},{"not_picked":["Leg Sweep","Bane","Grand Finale"],"picked":"SKIP","floor":13.0},{"not_picked":["Acrobatics","Dagger Spray"],"picked":"Deflect","floor":14.0},{"not_picked":["Wraith Form v2","Die Die Die"],"picked":"After Image","floor":16.0},{"not_picked":["Prepared","Bane","Dagger Spray+1"],"picked":"SKIP","floor":18.0},{"not_picked":["Dagger Throw","Flying Knee"],"picked":"Backstab","floor":20.0},{"not_picked":["Skewer+1","Bouncing Flask"],"picked":"Adrenaline","floor":24.0},{"not_picked":["Underhanded Strike","Bane","Dagger Throw"],"picked":"SKIP","floor":27.0},{"not_picked":["Prepared","Leg Sweep","Heel Hook"],"picked":"SKIP","floor":30.0},{"not_picked":["Acrobatics+1","Escape Plan","Predator"],"picked":"SKIP","floor":35.0},{"not_picked":["Dagger Spray","Sucker Punch+1","Acrobatics"],"picked":"SKIP","floor":36.0},{"not_picked":["Prepared+1","Crippling Poison","Backflip"],"picked":"SKIP","floor":38.0},{"not_picked":["Bouncing Flask","Dagger Throw+1","Eviscerate"],"picked":"SKIP","floor":40.0},{"not_picked":["Dagger Throw+1","Endless Agony+1"],"picked":"Cloak And Dagger","floor":42.0},{"not_picked":["Quick Slash+1","Flying Knee+1","Concentrate+1"],"picked":"SKIP","floor":44.0},{"not_picked":["Acrobatics","Leg Sweep"],"picked":"Accuracy","floor":45.0},{"not_picked":["Cloak And Dagger","Poisoned Stab+1","Infinite Blades"],"picked":"SKIP","floor":47.0},{"not_picked":["PiercingWail","Burst","Poisoned Stab"],"picked":"SKIP","floor":54.0}],"player_experience":137017,"relics_obtained":[{"floor":8.0,"key":"Oddly Smooth Stone"},{"floor":9.0,"key":"Mercury Hourglass"},{"floor":11.0,"key":"InkBottle"},{"floor":24.0,"key":"MealTicket"},{"floor":26.0,"key":"Ginger"},{"floor":40.0,"key":"Matryoshka"},{"floor":43.0,"key":"Regal Pillow"},{"floor":54.0,"key":"Vajra"}],"event_choices":[{"damage_healed":0.0,"max_hp_gain":0.0,"max_hp_loss":0.0,"gold_gain":175.0,"event_name":"Liars Game","player_choice":"AGREE","floor":2.0,"gold_loss":0.0,"damage_taken":0.0,"cards_obtained":["Doubt"]},{"damage_healed":0.0,"max_hp_gain":0.0,"max_hp_loss":0.0,"gold_gain":0.0,"event_name":"Lab","player_choice":"Got Potions","floor":3.0,"gold_loss":0.0,"damage_taken":0.0},{"damage_healed":0.0,"max_hp_gain":0.0,"max_hp_loss":0.0,"gold_gain":0.0,"event_name":"Big Fish","player_choice":"Box","floor":7.0,"gold_loss":0.0,"damage_taken":0.0,"relics_obtained":["Centennial Puzzle"],"cards_obtained":["Regret"]},{"damage_healed":0.0,"max_hp_gain":0.0,"max_hp_loss":0.0,"gold_gain":0.0,"cards_transformed":["Malaise"],"event_name":"Transmorgrifier","player_choice":"Transformed","floor":21.0,"gold_loss":0.0,"damage_taken":0.0,"cards_obtained":["Distraction"]},{"damage_healed":0.0,"max_hp_gain":0.0,"max_hp_loss":0.0,"gold_gain":99.0,"event_name":"Nest","player_choice":"Stole From Cult","floor":28.0,"gold_loss":0.0,"damage_taken":0.0},{"cards_removed":["Defend_G"],"damage_healed":0.0,"max_hp_gain":0.0,"max_hp_loss":0.0,"gold_gain":0.0,"event_name":"Back to Basics","player_choice":"Elegance","floor":31.0,"gold_loss":0.0,"damage_taken":0.0},{"damage_healed":0.0,"max_hp_gain":0.0,"max_hp_loss":0.0,"gold_gain":0.0,"event_name":"SensoryStone","player_choice":"Memory 1","floor":39.0,"gold_loss":0.0,"damage_taken":0.0},{"damage_healed":0.0,"max_hp_gain":0.0,"max_hp_loss":0.0,"gold_gain":0.0,"event_name":"Duplicator","player_choice":"Copied","floor":41.0,"gold_loss":0.0,"damage_taken":0.0,"cards_obtained":["Distraction"]},{"damage_healed":0.0,"max_hp_gain":0.0,"max_hp_loss":0.0,"gold_gain":300.0,"event_name":"Wheel of Change","player_choice":"Gold","floor":48.0,"gold_loss":0.0,"damage_taken":0.0}],"is_beta":false,"boss_relics":[{"not_picked":["Runic Dome","Coffee Dripper"],"picked":"Astrolabe"},{"not_picked":["Sozu","Pandora\u0027s Box"],"picked":"SacredBark"}],"items_purged_floors":[6,19,53],"is_endless":false,"potions_floor_spawned":[8,11,13,14,18,20,24,36,42,44],"killed_by":"The Heart","ascension_level":0}}