{"host":"n5x0e04y88v3omrc","time":1613198723,"event":{"mods":["BaseMod","Colored Powertips","Downfall","Minty Spire (QoL Compilation)","Shop Mod","StSLib"],"gold_per_floor":[109,109,125,50,30,44,44,44,68,68,83,93,93,127,127,127,127],"floor_reached":16,"language":"ZHS","playtime":1814,"items_purged":["Defend_G"],"score":100,"play_id":"704f2063-6bd9-41a6-a2c0-54d09fda978c","local_time":"20210213144523","is_ascension_mode":false,"campfire_choices":[{"data":"Flying Knee","floor":8,"key":"SMITH"},{"data":"Strike_G","floor":10,"key":"SMITH"},{"data":"Strike_G","floor":13,"key":"SMITH"},{"floor":15,"key":"REST"}],"circlet_count":0,"master_deck":["Strike_G+1","Strike_G+1","Strike_G","Strike_G","Strike_G","Defend_G","Defend_G","Survivor","Neutralize","Flying Knee+1","Leg Sweep","Burst","Outmaneuver","Blade Dance","All Out Attack"],"relics":["Ring of the Snake","MealTicket","Bottled Lightning"],"acts_visited":["Exordium"],"potions_floor_usage":[12,14,16,16],"damage_taken":[{"damage":3,"enemies":"2 Louse","floor":1,"turns":4},{"damage":0,"enemies":"Cultist","floor":3,"turns":4},{"damage":0,"enemies":"Small Slimes","floor":6,"turns":4},{"damage":0,"enemies":"Exordium Wildlife","floor":11,"turns":2},{"damage":11,"enemies":"Large Slime","floor":12,"turns":11},{"damage":18,"enemies":"Lagavulin","floor":14,"turns":5},{"damage":62,"enemies":"The Guardian","floor":16,"turns":9}],"seed_played":"3976901506420290744","potions_obtained":[{"floor":3,"key":"AttackPotion"},{"floor":5,"key":"Fire Potion"},{"floor":6,"key":"FearPotion"},{"floor":12,"key":"champ:CounterPotion"}],"is_trial":false,"path_per_floor":["M","?","M","$","?","M","?","R","T","R","M","M","R","E","R","B"],"character_chosen":"THE_SILENT","items_purchased":[],"campfire_rested":1,"item_purchase_floors":[],"current_hp_per_floor":[74,74,74,74,74,74,67,67,67,67,67,56,56,38,61,0,0],"gold":127,"neow_bonus":"TEN_PERCENT_HP_BONUS","is_daily":false,"chose_seed":false,"campfire_upgraded":3,"win_rate":0.0,"timestamp":1613198723,"path_taken":["M","?","M","$","?","?","?","R","T","R","M","M","R","E","R","BOSS"],"items_purchased_type":[],"build_version":"2020-12-22","purchased_purges":1,"victory":false,"max_hp_per_floor":[77,77,77,77,77,77,77,77,77,77,77,77,77,77,77,77,77],"card_choices":[{"not_picked":["Slice","Acrobatics"],"picked":"Flying Knee","floor":1},{"not_picked":["Acrobatics","Dodge and Roll"],"picked":"Leg Sweep","floor":3},{"not_picked":["Expertise","Leg Sweep"],"picked":"Burst","floor":6},{"not_picked":["Sucker Punch","Prepared"],"picked":"Outmaneuver","floor":11},{"not_picked":["Outmaneuver","Endless Agony"],"picked":"Blade Dance","floor":12},{"not_picked":["Quick Slash","Backflip"],"picked":"All Out Attack","floor":14}],"player_experience":18,"relics_obtained":[{"floor":9,"key":"MealTicket"},{"floor":14,"key":"Bottled Lightning"}],"event_choices":[{"cards_removed":["Defend_G"],"damage_healed":0,"gold_gain":0,"player_choice":"Forget","damage_taken":0,"max_hp_gain":0,"max_hp_loss":0,"event_name":"Living Wall","floor":2,"gold_loss":0},{"damage_healed":0,"gold_gain":0,"player_choice":"Bought 1 Potion","damage_taken":0,"max_hp_gain":0,"max_hp_loss":0,"event_name":"The Woman in Blue","floor":5,"gold_loss":0},{"cards_removed":["Defend_G"],"damage_healed":0,"gold_gain":0,"player_choice":"Card Removal","damage_taken":7,"max_hp_gain":0,"max_hp_loss":0,"event_name":"Golden Wing","floor":7,"gold_loss":0}],"is_beta":false,"boss_relics":[],"items_purged_floors":[4],"is_endless":false,"potions_floor_spawned":[3,6,12],"killed_by":"The Guardian","ascension_level":0}}