{"host":"b6kqr6ulwax9qd8q","time":1613181312,"event":{"mods":["BaseMod","Minty Spire (QoL Compilation)"],"gold_per_floor":[109,109,119,137,137,169,169,169,169,39,57,22,52,64,64,159,159,171,51,64,13,29,56,56,71,95,123,123,137,137,149,149,149,149],"floor_reached":33,"language":"ENG","playtime":2431,"items_purged":["Defend_R"],"score":401,"play_id":"d04413a5-5bdf-4e76-9080-97d76f97c4cd","local_time":"20210212205512","is_ascension_mode":true,"campfire_choices":[{"data":"Seeing Red","floor":7,"key":"SMITH"},{"data":"Uppercut","floor":15,"key":"SMITH"},{"data":"Heavy Blade","floor":24,"key":"SMITH"},{"data":"Burning Pact","floor":28,"key":"SMITH"},{"data":"Pummel","floor":30,"key":"SMITH"},{"data":"Carnage","floor":32,"key":"SMITH"}],"circlet_count":0,"master_deck":["Strike_R","Strike_R","Strike_R","Defend_R","Defend_R","Defend_R","Bash+1","Carnage+1","Spot Weakness+1","Burning Pact+1","Seeing Red+1","Pummel+1","Shrug It Off+1","Armaments+1","Uppercut+1","Shrug It Off+1","Reaper","Limit Break+1","Heavy Blade+1","Dropkick","True Grit+1","Flame Barrier+1","Sentinel+1","Shrug It Off+1","Iron Wave+1","Shockwave+1"],"relics":["Burning Blood","Toxic Egg 2","Orichalcum","Shuriken","Bottled Lightning","Magic Flower","Mark of Pain","Question Card","Omamori","PreservedInsect"],"acts_visited":["Exordium","TheCity"],"potions_floor_usage":[13,13,16,16,27,27,33,33],"damage_taken":[{"damage":0,"enemies":"Small Slimes","floor":1,"turns":3},{"damage":13,"enemies":"Jaw Worm","floor":3,"turns":4},{"damage":3,"enemies":"2 Louse","floor":4,"turns":3},{"damage":18,"enemies":"Gremlin Nob","floor":6,"turns":3},{"damage":12,"enemies":"Exordium Wildlife","floor":11,"turns":4},{"damage":4,"enemies":"3 Sentries","floor":13,"turns":7},{"damage":14,"enemies":"Lots of Slimes","floor":14,"turns":5},{"damage":43,"enemies":"Slime Boss","floor":16,"turns":15},{"damage":15,"enemies":"Shell Parasite","floor":18,"turns":3},{"damage":2,"enemies":"Chosen","floor":20,"turns":3},{"damage":15,"enemies":"Snake Plant","floor":22,"turns":3},{"damage":56,"enemies":"Slavers","floor":23,"turns":6},{"damage":0,"enemies":"Snecko","floor":25,"turns":4},{"damage":23,"enemies":"Gremlin Leader","floor":27,"turns":4},{"damage":14,"enemies":"Centurion and Healer","floor":29,"turns":3},{"damage":7,"enemies":"Cultist and Chosen","floor":31,"turns":4},{"damage":85,"enemies":"Collector","floor":33,"turns":7}],"seed_played":"7078010141306132911","potions_obtained":[{"floor":4,"key":"SkillPotion"},{"floor":6,"key":"DuplicationPotion"},{"floor":11,"key":"SkillPotion"},{"floor":14,"key":"Block Potion"},{"floor":22,"key":"Strength Potion"},{"floor":25,"key":"Energy Potion"},{"floor":27,"key":"Strength Potion"},{"floor":29,"key":"Block Potion"}],"is_trial":false,"path_per_floor":["M","?","M","M","?","E","R","T","T","$","M","?","E","M","R","B",null,"M","$","M","$","M","E","R","M","T","E","R","M","R","M","R","B"],"character_chosen":"IRONCLAD","items_purchased":["Armaments+1","Uppercut","Heavy Blade","True Grit+1"],"campfire_rested":0,"item_purchase_floors":[10,10,19,21],"current_hp_per_floor":[72,58,51,54,51,39,39,39,39,39,33,51,53,72,72,59,69,72,72,72,72,66,43,43,52,52,58,58,53,53,72,72,0,0],"gold":149,"neow_bonus":"TRANSFORM_TWO_CARDS","is_daily":false,"chose_seed":false,"campfire_upgraded":6,"win_rate":0.0,"timestamp":1613181312,"path_taken":["M","?","M","M","?","E","R","?","T","?","M","?","E","?","R","BOSS","M","$","M","$","M","E","R","?","T","E","R","M","R","M","R","BOSS"],"items_purchased_type":["Card","Card","Card","Card"],"build_version":"2020-12-22","purchased_purges":1,"victory":false,"max_hp_per_floor":[72,72,72,72,72,72,72,72,72,72,72,72,72,72,72,72,72,72,72,72,72,72,72,72,72,72,72,72,72,72,72,72,72,72],"card_choices":[{"not_picked":["Warcry","Cleave"],"picked":"Burning Pact","floor":1},{"not_picked":["Headbutt","Dark Embrace"],"picked":"Seeing Red","floor":3},{"not_picked":["Armaments","Wild Strike"],"picked":"Pummel","floor":4},{"not_picked":["Twin Strike","Power Through+1"],"picked":"Shrug It Off+1","floor":6},{"not_picked":["Anger","Thunderclap"],"picked":"Shrug It Off+1","floor":11},{"not_picked":["Uppercut","Bloodletting+1"],"picked":"Reaper","floor":13},{"not_picked":["Anger","Thunderclap","Blood for Blood"],"picked":"SKIP","floor":14},{"not_picked":["Corruption","Juggernaut"],"picked":"Limit Break+1","floor":16},{"not_picked":["Armaments+1","Sword Boomerang","Searing Blow"],"picked":"SKIP","floor":18},{"not_picked":["Sword Boomerang+1","Twin Strike"],"picked":"Dropkick","floor":20},{"not_picked":["Seeing Red+1","Havoc+1"],"picked":"Flame Barrier+1","floor":22},{"not_picked":["Pommel Strike","Flex+1"],"picked":"Sentinel+1","floor":23},{"not_picked":["Wild Strike","Dark Embrace+1","Reckless Charge+1"],"picked":"Shrug It Off+1","floor":25},{"not_picked":["Pummel+1","Dual Wield+1","Anger","Sword Boomerang"],"picked":"SKIP","floor":27},{"not_picked":["Headbutt","Clash","Armaments+1"],"picked":"Iron Wave+1","floor":29},{"not_picked":["Clash","Anger","Heavy Blade"],"picked":"Shockwave+1","floor":31}],"player_experience":572796,"relics_obtained":[{"floor":6,"key":"Orichalcum"},{"floor":8,"key":"Shuriken"},{"floor":9,"key":"Bottled Lightning"},{"floor":13,"key":"Magic Flower"},{"floor":23,"key":"Question Card"},{"floor":26,"key":"Omamori"},{"floor":27,"key":"PreservedInsect"}],"event_choices":[{"damage_healed":0,"gold_gain":0,"player_choice":"Entered Light","damage_taken":14,"max_hp_gain":0,"max_hp_loss":0,"event_name":"Shining Light","floor":2,"gold_loss":0,"cards_upgraded":["Spot Weakness","Bash"]},{"damage_healed":0,"gold_gain":0,"player_choice":"Success","damage_taken":3,"relics_obtained":["Toxic Egg 2"],"max_hp_gain":0,"max_hp_loss":0,"event_name":"Scrap Ooze","floor":5,"gold_loss":0},{"damage_healed":18,"gold_gain":0,"player_choice":"Healed","damage_taken":0,"max_hp_gain":0,"max_hp_loss":0,"event_name":"The Cleric","floor":12,"gold_loss":35}],"is_beta":false,"boss_relics":[{"not_picked":["Sozu","Tiny House"],"picked":"Mark of Pain"}],"items_purged_floors":[19],"is_endless":false,"potions_floor_spawned":[4,6,11,14,22,25,27,29],"killed_by":"Collector","ascension_level":7}}