{"host":"0cm5wy4nhuju7tij","time":1613250494,"event":{"mods":["100% Spire Juice","2.2 Compatiblity","AchievementEnabler","Aspiration","BaseMod","Better Third Choice","BetterRewards","CCEM2","CapriCore","Colored Powertips","Curses Come First","Displayed Cursed Tome","Downfall","Energized Spire","Evolution","Filter the Spire","Fireblade Mod","Highlight Path","Jess\u0027s Bottle","Minty Spire (QoL Compilation)","Permanent Neow","Poor People Problems","Relic Filter Mod","Relic Stats","Shop Mod","Spicy Shops","StSLib","The Cursed","The Servant 0.9.4","TheSurvivalist","TheVacant","Weighted Paths"],"gold_per_floor":[114,126,136,150,169,169,201,263,263,263,221,253,269,285,285,390,390,407,423,436,436,448,481,0,13,13,26,26,57,75,174,174,279,279,290,307,325,338,338,338],"floor_reached":39,"language":"ENG","playtime":2956,"items_purged":["FireBladeMod:DefendFireBlade"],"score":491,"play_id":"8a532265-c408-4b06-8afd-ac65bfc5b1be","local_time":"20210213160814","is_ascension_mode":false,"campfire_choices":[{"data":"FireBladeMod:RapidHits","floor":6,"key":"SMITH"},{"floor":10,"key":"REST"},{"data":"FireBladeMod:SpinningSmash","floor":15,"key":"SMITH"},{"floor":28,"key":"REST"},{"floor":32,"key":"REST"}],"circlet_count":0,"master_deck":["FireBladeMod:DefendFireBlade","FireBladeMod:DefendFireBlade","FireBladeMod:FlamingSword","FireBladeMod:FireBarrier","FireBladeMod:Speed","FireBladeMod:SpinningSmash+1","FireBladeMod:RapidHits+1","FireBladeMod:SmashingEndurance","FireBladeMod:ComplexAttack","FireBladeMod:SteadyEndurance","FireBladeMod:LightningCombo","FireBladeMod:IronEndurance","FireBladeMod:SmashingEndurance","FireBladeMod:DebilitatingBlow","FireBladeMod:QuickJabs+1","FireBladeMod:RollWithTheBlow+1","FireBladeMod:LayeredDefense+1","FireBladeMod:SteadyEndurance+1","FireBladeMod:TorsoSmash+1","FireBladeMod:SoulStrike","FireBladeMod:ThirstForBlood+1","FireBladeMod:SoulSword","FireBladeMod:ComplexDefense","FireBladeMod:ArmSmash","FireBladeMod:GetPumped","FireBladeMod:BattleMage","FireBladeMod:Ember","FireBladeMod:Ember","FireBladeMod:Ember","FireBladeMod:Ember","FireBladeMod:Ember","FireBladeMod:Flames+1","FireBladeMod:ComboCleave+1","Parasite","FireBladeMod:ScorchingCleave+1","FireBladeMod:AbsorbEnergy+1"],"relics":["FireBladeMod:DuelistLocket","EVO:Axolotl","aspiration:Nostalgia","theextravagant:TranslucentFeather","CaptainsWheel","MealTicket","CCEMRelics:Sandal","Astrolabe","CCEMRelics:HeirloomTomato","Pantograph","Sling","Bronze Scales","FireBladeMod:InnerFlame"],"acts_visited":["Exordium","TheCity","TheBeyond"],"potions_floor_usage":[16,16,16,23,33,39,39,39,39],"damage_taken":[{"damage":12,"enemies":"Jaw Worm","floor":1,"turns":3},{"damage":1,"enemies":"2 Louse","floor":2,"turns":3},{"damage":0,"enemies":"Small Slimes","floor":3,"turns":3},{"damage":0,"enemies":"Exordium Wildlife","floor":4,"turns":2},{"damage":4,"enemies":"3 Louse","floor":5,"turns":2},{"damage":42,"enemies":"Gremlin Nob","floor":7,"turns":5},{"damage":15,"enemies":"Lagavulin","floor":12,"turns":9},{"damage":0,"enemies":"Large Slime","floor":13,"turns":4},{"damage":0,"enemies":"Exordium Wildlife","floor":14,"turns":3},{"damage":15,"enemies":"Hexaghost","floor":16,"turns":9},{"damage":11,"enemies":"Chosen","floor":18,"turns":5},{"damage":6,"enemies":"2 Thieves","floor":19,"turns":4},{"damage":0,"enemies":"Centurion and Healer","floor":20,"turns":6},{"damage":20,"enemies":"Sentry and Sphere","floor":22,"turns":8},{"damage":21,"enemies":"Book of Stabbing","floor":23,"turns":7},{"damage":0,"enemies":"Snecko","floor":25,"turns":3},{"damage":21,"enemies":"Snake Plant","floor":27,"turns":5},{"damage":23,"enemies":"Slavers","floor":29,"turns":5},{"damage":3,"enemies":"Shelled Parasite and Fungi","floor":30,"turns":5},{"damage":50,"enemies":"Champ","floor":33,"turns":13},{"damage":18,"enemies":"3 Darklings","floor":35,"turns":6},{"damage":4,"enemies":"Orb Walker","floor":36,"turns":4},{"damage":27,"enemies":"Writhing Mass","floor":37,"turns":5},{"damage":15,"enemies":"Sphere and 2 Shapes","floor":38,"turns":3},{"damage":30,"enemies":"2 Orb Walkers","floor":39,"turns":1}],"seed_played":"-4972797421202708324","potions_obtained":[{"floor":2,"key":"Explosive Potion"},{"floor":3,"key":"Fire Potion"},{"floor":12,"key":"FireBladeMod:NapalmFlask"},{"floor":20,"key":"Regen Potion"},{"floor":23,"key":"Dexterity Potion"},{"floor":25,"key":"EntropicBrew"},{"floor":27,"key":"CultistPotion"},{"floor":35,"key":"Dexterity Potion"}],"is_trial":false,"path_per_floor":["M","M","M","M","M","R","E","?","T","R","?","E","M","M","R","B",null,"M","M","M","?","M","E","$","M","T","M","R","E","M","?","R","B",null,"M","M","M","M","?"],"character_chosen":"THE_FIREBLADE","items_purchased":["Pantograph","Sling"],"campfire_rested":3,"item_purchase_floors":[24,24],"current_hp_per_floor":[58,57,57,57,53,53,11,11,11,32,32,17,17,17,17,2,70,59,53,53,40,20,19,34,36,36,17,41,20,19,19,43,20,80,64,62,37,24,0,0],"gold":338,"neow_bonus":"NOSTALGIA","is_daily":false,"chose_seed":false,"campfire_upgraded":2,"win_rate":0.0,"timestamp":1613250494,"path_taken":["M","M","M","M","M","R","E","?","T","R","?","E","?","M","R","BOSS","M","M","M","?","M","E","$","M","T","M","R","E","M","?","R","BOSS","M","M","M","M","?"],"items_purchased_type":["Relic","Relic"],"build_version":"2020-12-22","purchased_purges":1,"victory":false,"max_hp_per_floor":[70,70,70,70,70,70,70,70,70,70,70,70,70,70,70,70,70,70,70,70,75,75,80,80,80,80,80,80,80,80,80,80,80,80,80,80,80,80,80,80],"relic_stats":{"counters":[25,123],"Astrolabe":["FireBladeMod:QuickJabs","FireBladeMod:RollWithTheBlow","FireBladeMod:LayeredDefense"],"Pantograph":25,"Bronze Scales":[98],"MealTicket":15,"obtain_stats":[{"FireBladeMod:DuelistLocket":0,"aspiration:Nostalgia":0,"Astrolabe":17,"theextravagant:TranslucentFeather":0,"EVO:Axolotl":0,"Sling":24,"CaptainsWheel":7,"Pantograph":24,"Bronze Scales":29,"FireBladeMod:InnerFlame":34,"MealTicket":9,"CCEMRelics:Sandal":12,"CCEMRelics:HeirloomTomato":23},{"FireBladeMod:DuelistLocket":0,"aspiration:Nostalgia":0,"Astrolabe":10,"theextravagant:TranslucentFeather":0,"EVO:Axolotl":0,"Sling":15,"CaptainsWheel":6,"Pantograph":15,"Bronze Scales":18,"FireBladeMod:InnerFlame":20,"MealTicket":6,"CCEMRelics:Sandal":7,"CCEMRelics:HeirloomTomato":15},{"FireBladeMod:DuelistLocket":0,"aspiration:Nostalgia":0,"Astrolabe":43,"theextravagant:TranslucentFeather":0,"EVO:Axolotl":0,"Sling":73,"CaptainsWheel":18,"Pantograph":73,"Bronze Scales":86,"FireBladeMod:InnerFlame":104,"MealTicket":18,"CCEMRelics:Sandal":27,"CCEMRelics:HeirloomTomato":73}]},"card_choices":[{"not_picked":["FireBladeMod:SoulStrike","FireBladeMod:Shove"],"picked":"FireBladeMod:Speed","floor":1},{"not_picked":["FireBladeMod:ComplexDefense","FireBladeMod:StunningBlow"],"picked":"FireBladeMod:SpinningSmash","floor":2},{"not_picked":["FireBladeMod:ComboCleave","FireBladeMod:SoulStrike"],"picked":"FireBladeMod:RapidHits","floor":3},{"not_picked":["FireBladeMod:Turtle","FireBladeMod:SpinningSmash"],"picked":"FireBladeMod:SmashingEndurance","floor":4},{"not_picked":["FireBladeMod:SpinningSmash","FireBladeMod:ComplexDefense"],"picked":"FireBladeMod:ComplexAttack","floor":5},{"not_picked":["FireBladeMod:EternalEndurance","FireBladeMod:ComboSlashes"],"picked":"FireBladeMod:SteadyEndurance","floor":7},{"not_picked":["FireBladeMod:DoubleDash","FireBladeMod:ComboCleave"],"picked":"FireBladeMod:LightningCombo","floor":12},{"not_picked":["FireBladeMod:SpinningSmash","FireBladeMod:WellPrepared"],"picked":"FireBladeMod:IronEndurance","floor":13},{"not_picked":["FireBladeMod:ComboCleave","FireBladeMod:QuickJabs"],"picked":"FireBladeMod:SmashingEndurance","floor":14},{"not_picked":["FireBladeMod:EternalEndurance","FireBladeMod:RapidHits"],"picked":"FireBladeMod:DebilitatingBlow","floor":16},{"not_picked":["FireBladeMod:Tempo","FireBladeMod:ComboSlashes"],"picked":"FireBladeMod:SteadyEndurance+1","floor":18},{"not_picked":["FireBladeMod:MomentumStrikes","FireBladeMod:EruptionSlash"],"picked":"FireBladeMod:TorsoSmash+1","floor":19},{"not_picked":["FireBladeMod:Reposition","FireBladeMod:SmashingEndurance","FireBladeMod:Robust"],"picked":"SKIP","floor":20},{"not_picked":["FireBladeMod:SpiritEndurance","FireBladeMod:Tempo+1"],"picked":"FireBladeMod:SoulStrike","floor":22},{"not_picked":["FireBladeMod:Shove","FireBladeMod:Arson"],"picked":"FireBladeMod:ThirstForBlood+1","floor":23},{"not_picked":["FireBladeMod:MomentumStrikes+1","FireBladeMod:ComboCleave+1"],"picked":"FireBladeMod:SoulSword","floor":25},{"not_picked":["FireBladeMod:ComboSlashes","FireBladeMod:RollWithTheBlow"],"picked":"FireBladeMod:ComplexDefense","floor":27},{"not_picked":["FireBladeMod:SmokeInTheEyes","FireBladeMod:TorsoSmash"],"picked":"FireBladeMod:ArmSmash","floor":29},{"not_picked":["FireBladeMod:RapidDodges","FireBladeMod:MomentumStrikes"],"picked":"FireBladeMod:GetPumped","floor":30},{"not_picked":["FireBladeMod:Blitzkreig","FireBladeMod:BodyAsFuel"],"picked":"FireBladeMod:BattleMage","floor":33},{"not_picked":["FireBladeMod:IronEndurance+1","FireBladeMod:BasicSmash+1"],"picked":"FireBladeMod:Flames+1","floor":35},{"not_picked":["FireBladeMod:SmashingEndurance","FireBladeMod:SpiritEndurance+1"],"picked":"FireBladeMod:ComboCleave+1","floor":36},{"not_picked":["FireBladeMod:AbsorbEnergy","FireBladeMod:Turtle"],"picked":"FireBladeMod:ScorchingCleave+1","floor":37},{"not_picked":["FireBladeMod:BodyAsFuel","FireBladeMod:FlashBang+1"],"picked":"FireBladeMod:AbsorbEnergy+1","floor":38}],"player_experience":429941,"relics_obtained":[{"floor":7,"key":"CaptainsWheel"},{"floor":9,"key":"MealTicket"},{"floor":12,"key":"CCEMRelics:Sandal"},{"floor":23,"key":"CCEMRelics:HeirloomTomato"},{"floor":29,"key":"Bronze Scales"}],"event_choices":[{"damage_healed":0,"gold_gain":62,"player_choice":"Gained Gold","damage_taken":0,"max_hp_gain":0,"max_hp_loss":0,"event_name":"Golden Wing","floor":8,"gold_loss":0},{"damage_healed":0,"gold_gain":0,"player_choice":"Left","damage_taken":0,"max_hp_gain":0,"max_hp_loss":0,"event_name":"betterThird:BetterGoop","floor":11,"gold_loss":42},{"damage_healed":0,"gold_gain":0,"player_choice":"Shed Blood","damage_taken":18,"max_hp_gain":5,"max_hp_loss":0,"event_name":"Forgotten Altar","floor":21,"gold_loss":0},{"damage_healed":0,"gold_gain":99,"player_choice":"Steal","damage_taken":0,"max_hp_gain":0,"max_hp_loss":0,"event_name":"betterThird:BetterNest","floor":31,"gold_loss":0},{"damage_healed":0,"gold_gain":0,"player_choice":"Fight","damage_taken":0,"max_hp_gain":0,"max_hp_loss":0,"event_name":"Mysterious Sphere","floor":39,"gold_loss":0}],"is_beta":false,"boss_relics":[{"not_picked":["SlaversCollar","Busted Crown"],"picked":"Astrolabe"},{"not_picked":["energizedSpire:MagnifyingGlass","CCEMRelics:DarkMatter"],"picked":"FireBladeMod:InnerFlame"}],"items_purged_floors":[24],"is_endless":false,"potions_floor_spawned":[2,3,12,13,20,23,25,27,30,35,36],"killed_by":"2 Orb Walkers","ascension_level":0}}