{"host":"y0i0tbisecj7yjyn","time":1613245079,"event":{"mods":["AchievementEnabler","AlwaysNeverKeys","BaseMod","BetterRewards","Colored Map","Colored Powertips","Curses Come First","Disable Question Mark Monsters","Displayed Cursed Tome","Highlight Path","Keyboard Shortcuts","Minty Spire (QoL Compilation)","Quick Restart","Random Character Button","Rare Cards Sparkle","StSLib","SuperFastMode","Transform Curses","Weighted Paths"],"gold_per_floor":[115,115,130,130,7,7,38,38,38,64,29,43,63,83,83,83,83],"floor_reached":16,"language":"ENG","playtime":1372,"items_purged":[],"score":149,"play_id":"02a12bc7-3e34-4a61-a3ba-817b477e8605","local_time":"20210213133759","is_ascension_mode":true,"campfire_choices":[{"data":"Poisoned Stab","floor":6,"key":"SMITH"},{"data":"Dagger Spray","floor":8,"key":"SMITH"},{"floor":15,"key":"DIG"}],"circlet_count":0,"master_deck":["Strike_G","Strike_G","Strike_G+1","Strike_G","Strike_G","Defend_G+1","Defend_G","Defend_G","Defend_G","Survivor","Neutralize","Poisoned Stab+1","Flying Knee","Dagger Spray+1","Infinite Blades","Caltrops","Flying Knee","Sucker Punch","Poisoned Stab"],"relics":["Ring of the Snake","NeowsBlessing","Bag of Marbles","Shovel","InkBottle","Ornamental Fan"],"acts_visited":["Exordium"],"potions_floor_usage":[16,16],"damage_taken":[{"damage":0,"enemies":"Jaw Worm","floor":1,"turns":1},{"damage":0,"enemies":"2 Louse","floor":3,"turns":1},{"damage":0,"enemies":"Gremlin Nob","floor":7,"turns":1},{"damage":18,"enemies":"Lagavulin","floor":10,"turns":5},{"damage":0,"enemies":"Small Slimes","floor":12,"turns":2},{"damage":4,"enemies":"Blue Slaver","floor":13,"turns":3},{"damage":0,"enemies":"Large Slime","floor":14,"turns":5},{"damage":45,"enemies":"The Guardian","floor":16,"turns":7}],"seed_played":"2580961113125875938","potions_obtained":[{"floor":1,"key":"Explosive Potion"},{"floor":7,"key":"Energy Potion"}],"is_trial":false,"path_per_floor":["M","?","M","?","$","R","E","R","T","E","?","M","M","M","R","B"],"character_chosen":"THE_SILENT","items_purchased":["Dagger Spray","LiquidMemories"],"campfire_rested":0,"item_purchase_floors":[5,5],"current_hp_per_floor":[70,63,63,49,49,49,49,49,49,31,48,48,44,44,44,0,0],"gold":83,"neow_bonus":"THREE_ENEMY_KILL","is_daily":false,"chose_seed":false,"campfire_upgraded":2,"win_rate":0.0,"timestamp":1613245079,"path_taken":["M","?","M","?","$","R","E","R","T","E","?","M","?","M","R","BOSS"],"items_purchased_type":["Card","Potion"],"build_version":"2020-12-22","purchased_purges":0,"victory":false,"max_hp_per_floor":[70,70,70,70,70,70,70,70,70,70,70,70,70,70,70,70,70],"card_choices":[{"not_picked":["Choke","Dash"],"picked":"Poisoned Stab","floor":1},{"not_picked":["PiercingWail","Accuracy"],"picked":"Flying Knee","floor":3},{"not_picked":["Cloak And Dagger","Calculated Gamble"],"picked":"Infinite Blades","floor":7},{"not_picked":["Sucker Punch","Tools of the Trade"],"picked":"Caltrops","floor":10},{"not_picked":["Crippling Poison","Dagger Throw"],"picked":"Flying Knee","floor":12},{"not_picked":["Dodge and Roll","Tactician"],"picked":"Sucker Punch","floor":13},{"not_picked":["Calculated Gamble","Sucker Punch"],"picked":"Poisoned Stab","floor":14}],"player_experience":451406,"relics_obtained":[{"floor":7,"key":"Bag of Marbles"},{"floor":9,"key":"Shovel"},{"floor":10,"key":"InkBottle"},{"floor":15,"key":"Ornamental Fan"}],"event_choices":[{"cards_removed":["Defend_G"],"damage_healed":0,"gold_gain":0,"player_choice":"Card Removal","damage_taken":7,"max_hp_gain":0,"max_hp_loss":0,"event_name":"Golden Wing","floor":2,"gold_loss":0},{"damage_healed":0,"gold_gain":0,"player_choice":"Entered Light","damage_taken":14,"max_hp_gain":0,"max_hp_loss":0,"event_name":"Shining Light","floor":4,"gold_loss":0,"cards_upgraded":["Strike_G","Defend_G"]},{"damage_healed":17,"gold_gain":0,"player_choice":"Healed","damage_taken":0,"max_hp_gain":0,"max_hp_loss":0,"event_name":"The Cleric","floor":11,"gold_loss":35}],"is_beta":false,"boss_relics":[],"items_purged_floors":[],"is_endless":false,"potions_floor_spawned":[1,7],"killed_by":"The Guardian","ascension_level":2}}