{"host":"8ztb9kwpjc2zof9s","time":1613250822,"event":{"mods":["BaseMod","Block Reminder","Curses Come First","Minty Spire (QoL Compilation)","Relic Stats","StSLib"],"gold_per_floor":[116,116,130,142,217,217,217,217],"floor_reached":7,"language":"ENG","playtime":445,"items_purged":[],"score":64,"play_id":"9519450d-0678-40d3-8985-7a41cd60b81a","local_time":"20210213131342","is_ascension_mode":true,"campfire_choices":[{"floor":6,"key":"REST"}],"circlet_count":0,"master_deck":["AscendersBane","Strike_G","Strike_G","Strike_G","Strike_G","Defend_G","Defend_G","Defend_G","Defend_G","Defend_G","Survivor","Neutralize","Prepared"],"relics":["Ring of the Snake"],"acts_visited":[],"potions_floor_usage":[],"damage_taken":[{"damage":5,"enemies":"Small Slimes","floor":1,"turns":6},{"damage":13,"enemies":"Jaw Worm","floor":3,"turns":7},{"damage":2,"enemies":"2 Louse","floor":4,"turns":4},{"damage":56,"enemies":"3 Sentries","floor":7,"turns":16}],"seed_played":"2802462837477625823","potions_obtained":[{"floor":1,"key":"SpeedPotion"},{"floor":4,"key":"Swift Potion"}],"is_trial":false,"path_per_floor":["M","?","M","M","?","R","E"],"character_chosen":"THE_SILENT","items_purchased":[],"campfire_rested":1,"item_purchase_floors":[],"current_hp_per_floor":[65,58,45,43,32,55,0,0],"gold":217,"neow_bonus":"TEN_PERCENT_HP_BONUS","is_daily":false,"chose_seed":false,"campfire_upgraded":0,"win_rate":0.0,"timestamp":1613250822,"path_taken":["M","?","M","M","?","R","E"],"items_purchased_type":[],"build_version":"2020-12-22","purchased_purges":0,"victory":false,"max_hp_per_floor":[77,77,77,77,77,77,77,77],"relic_stats":{"counters":[4,33],"obtain_stats":[{"Ring of the Snake":0},{"Ring of the Snake":0},{"Ring of the Snake":0}],"Ring of the Snake":[8]},"card_choices":[{"not_picked":["Expertise","Masterful Stab","Dagger Throw"],"picked":"SKIP","floor":1},{"not_picked":["Flying Knee","Underhanded Strike"],"picked":"Prepared","floor":3},{"not_picked":["Bane","Riddle With Holes","Underhanded Strike"],"picked":"SKIP","floor":4}],"player_experience":322536,"relics_obtained":[],"event_choices":[{"cards_removed":["Strike_G"],"damage_healed":0,"gold_gain":0,"player_choice":"Card Removal","damage_taken":7,"max_hp_gain":0,"max_hp_loss":0,"event_name":"Golden Wing","floor":2,"gold_loss":0},{"damage_healed":0,"gold_gain":75,"player_choice":"Gather Gold","damage_taken":11,"max_hp_gain":0,"max_hp_loss":0,"event_name":"World of Goop","floor":5,"gold_loss":0}],"is_beta":false,"boss_relics":[],"items_purged_floors":[],"is_endless":false,"potions_floor_spawned":[1,4],"killed_by":"3 Sentries","ascension_level":11}}