{"host":"d3bsw5ou8fswq5qc","time":1613248076,"event":{"mods":["Aspiration","BaseMod","Colored Map","Conspire","Downfall","Duelist Mod","GifTheSpireLib","Googly Eyes","Minty Spire (QoL Compilation)","Replay The Spire","StSLib","Stuff the Spire","The Jungle"],"gold_per_floor":[99,119,119,131,148,148,148,148,181,57,73,84,96,129,148,250,250,150,166,185,185,385,98,98,127,144,176,188,188,188,188,202,307,407,407,421,435,435,4,4,4,17,29,29,29,44,71,86,105,105],"floor_reached":51,"language":"FRA","playtime":7820,"items_purged":["Slimebound:Defend_Slimebound"],"score":1187,"play_id":"30cb7137-6cff-43ce-b2f1-6c932bd70777","local_time":"20210213212756","is_ascension_mode":true,"campfire_choices":[{"data":"Slimebound:CorrosiveSpit","floor":1,"key":"SMITH"},{"data":"Slimebound:SamplingLick","floor":6,"key":"SMITH"},{"data":"Slimebound:GoopSpray","floor":8,"key":"SMITH"},{"data":"Slimebound:SlimeSlap","floor":18,"key":"SMITH"},{"floor":30,"key":"REST"},{"data":"Slimebound:SamplingLick","floor":40,"key":"SMITH"}],"circlet_count":0,"master_deck":["AscendersBane","Slimebound:Strike_Slimebound","Slimebound:Strike_Slimebound","Slimebound:Tackle","Slimebound:Defend_Slimebound","Slimebound:Split","Slimebound:CorrosiveSpit+1","Slimebound:WasteNot","Slimebound:GoopSpray+1","StuffTheSpire:DoubleShiv","All Out Attack","Escape Plan","Slimebound:SamplingLick+1","Slimebound:Schlurp","Slimebound:MegaLick","Slimebound:SamplingLick+1","Slimebound:Schlurp+1","Slimebound:RallyTheTroops","Slimebound:SamplingLick+1","Slimebound:GrowthPunch","Slimebound:LeechingTouch","Slimebound:SlimeSlap+1","Slimebound:AcidTongue+1","Slimebound:SplitMire","Slimebound:SplitMire","Slimebound:SlimeTap","Slimebound:Dissolve+1","Pot Of Greed","Pot Of Greed","Slimebound:LeechingTouch","Slimebound:LeechEnergy","Slimebound:OozeBath","Slimebound:OozeBath","Replay:Parry","Slimebound:LivingWall+1","StuffTheSpire:CelestialWarden","Slimebound:ViciousTackle+1","Pot Of Greed","Slimebound:SamplingLick+1","Slimebound:SamplingLick+1","Doubt","Slimebound:AcidTongue+1"],"relics":["Slimebound:AbsorbEndCombat","Toy Ornithopter","Frozen Egg 2","Slimebound:MaxSlimesRelic","aspiration:PoetsPen_weak","downfall:HeartBlessingGreen","aspiration:FrozenJewel","Replay:Bottled Flurry","Grinning Jar","aspiration:RitualStick","Replay:Wanted Poster","HornCleat","StuffTheSpire:Gunfinga","conspire:Flyswatter","Ring of Misfortune","StuffTheSpire:CocoNut"],"acts_visited":["Exordium","TheCity","TheBeyond"],"potions_floor_usage":[16,16,27,32],"damage_taken":[{"damage":6,"enemies":"Jaw Worm","floor":2,"turns":6},{"damage":0,"enemies":"Cultist","floor":4,"turns":3},{"damage":0,"enemies":"2 Louse","floor":5,"turns":2},{"damage":19,"enemies":"3 Sentries","floor":9,"turns":11},{"damage":0,"enemies":"downfall:FleeingMerchant","floor":10,"turns":4},{"damage":1,"enemies":"Large Slime","floor":11,"turns":3},{"damage":0,"enemies":"Exordium Wildlife","floor":12,"turns":2},{"damage":4,"enemies":"Blue Slaver","floor":13,"turns":2},{"damage":19,"enemies":"Lagavulin","floor":14,"turns":5},{"damage":0,"enemies":"3 Louse","floor":15,"turns":4},{"damage":40,"enemies":"WA_ARCHETYPE_RETAIN","floor":16,"turns":12},{"damage":2,"enemies":"downfall:LooterAlt2","floor":19,"turns":3},{"damage":3,"enemies":"conspire:FuzzyDice","floor":20,"turns":4},{"damage":7,"enemies":"downfall:FleeingMerchant","floor":23,"turns":4},{"damage":0,"enemies":"theDuelist:KaibaA2","floor":25,"turns":5},{"damage":0,"enemies":"Centurion and Healer","floor":26,"turns":5},{"damage":12,"enemies":"Slavers","floor":27,"turns":4},{"damage":6,"enemies":"Snecko","floor":28,"turns":4},{"damage":16,"enemies":"Cultist and Chosen","floor":32,"turns":5},{"damage":17,"enemies":"SI_MIRROR_ARCHETYPE","floor":33,"turns":11},{"damage":2,"enemies":"3 Shapes","floor":36,"turns":4},{"damage":0,"enemies":"Orb Walker","floor":37,"turns":2},{"damage":0,"enemies":"downfall:FleeingMerchant","floor":39,"turns":4},{"damage":9,"enemies":"3 Darklings","floor":42,"turns":3},{"damage":4,"enemies":"Maw","floor":43,"turns":7},{"damage":16,"enemies":"Spire Growth","floor":46,"turns":3},{"damage":5,"enemies":"Giant Head","floor":47,"turns":7},{"damage":5,"enemies":"Writhing Mass","floor":48,"turns":4},{"damage":0,"enemies":"Sphere and 2 Shapes","floor":49,"turns":3},{"damage":1,"enemies":"IC_BLOCK_ARCHETYPE","floor":50,"turns":11}],"seed_played":"-3598114818370498369","potions_obtained":[{"floor":2,"key":"Adrenaline Potion"},{"floor":11,"key":"EssenceOfSteel"},{"floor":12,"key":"LiquidBronze"},{"floor":15,"key":"PowerPotion"},{"floor":20,"key":"Flashbang"},{"floor":25,"key":"Elixir"},{"floor":28,"key":"Dexterity Potion"},{"floor":32,"key":"BlessingOfTheForge"},{"floor":33,"key":"Toxic Potion"},{"floor":49,"key":"Slimebound:SlimedPotion"}],"is_trial":false,"path_per_floor":["R_BF","M","?","M","M","R","T","R","E","$","M","M","M","E","M","B",null,"R","M","M","?","?","$","T","E","M","E","M","?","R","?","M","B",null,"R_BF","M","M","?","$","R","T","M","M","?","?","M","E","M","M","B",null],"character_chosen":"SLIMEBOUND","items_purchased":["Slimebound:Schlurp+1","Slimebound:SplitMire","Slimebound:SlimeTap","Replay:Mystery Machine","HornCleat","StuffTheSpire:Gunfinga"],"campfire_rested":1,"item_purchase_floors":[10,23,23,23,39,39],"current_hp_per_floor":[59,57,57,59,63,63,63,63,50,58,65,65,63,50,56,29,56,56,62,62,62,62,61,61,65,65,57,57,44,63,63,49,40,59,59,65,65,65,65,65,65,62,61,61,61,51,61,60,68,71],"gold":105,"neow_bonus":"ONE_RANDOM_RARE_CARD","is_daily":false,"chose_seed":false,"campfire_upgraded":5,"win_rate":0.0,"timestamp":1613248076,"path_taken":["R_BF","M","?","M","M","R","T","R","E","$","M","M","?","E","M","BOSS","R","M","M","?","?","$","T","E","?","E","M","?","R","?","M","BOSS","R_BF","M","M","?","$","R","T","M","M","?","?","?","E","?","M","BOSS"],"items_purchased_type":["Card","Card","Card","Relic","Relic","Relic"],"build_version":"2020-12-22","purchased_purges":1,"victory":true,"max_hp_per_floor":[65,65,65,65,65,65,65,65,65,65,65,65,65,65,65,65,65,65,65,65,65,65,65,65,65,65,65,65,65,65,65,65,65,65,65,65,65,65,65,65,65,65,65,65,65,65,72,72,72,72],"card_choices":[{"not_picked":["Slimebound:ComboTackle","Slimebound:GoopTackle"],"picked":"Slimebound:GoopSpray","floor":2},{"not_picked":["Slimebound:Recollect","Slimebound:SplitLeeching"],"picked":"Slimebound:SamplingLick","floor":4},{"not_picked":["Slimebound:FinishingTackle","Slimebound:DuplicatedForm"],"picked":"Slimebound:Schlurp","floor":5},{"not_picked":["Slimebound:GoopSpray","Slimebound:RejuvenatingLick"],"picked":"Slimebound:MegaLick","floor":9},{"not_picked":["Slimebound:ComboTackle","Slimebound:Chomp"],"picked":"Slimebound:SamplingLick","floor":10},{"not_picked":["Slimebound:SplitBruiser","Slimebound:GoopSpray"],"picked":"Slimebound:RallyTheTroops","floor":11},{"not_picked":["Slimebound:LivingWall","Slimebound:SplitAcid"],"picked":"Slimebound:SamplingLick","floor":12},{"not_picked":["Slimebound:ForwardTackle","Slimebound:Dissolve"],"picked":"Slimebound:GrowthPunch","floor":13},{"not_picked":["Slimebound:HauntingLick","Slimebound:LivingWall","Slimebound:SlimeBrawl"],"picked":"SKIP","floor":14},{"not_picked":["Slimebound:GoopSpray","Slimebound:ComboTackle"],"picked":"Slimebound:LeechingTouch","floor":15},{"not_picked":["Slimebound:SelfFormingGoo+1","Slimebound:RallyTheTroops"],"picked":"Slimebound:SlimeSlap","floor":16},{"not_picked":["Slimebound:ItLooksTasty+1","Slimebound:Schlurp","Slimebound:HauntingLick"],"picked":"SKIP","floor":19},{"not_picked":["Slimebound:Grow+1","Slimebound:FinishingTackle"],"picked":"Slimebound:AcidTongue+1","floor":20},{"not_picked":["Slimebound:ComboTackle","Slimebound:LeechingTouch"],"picked":"Slimebound:SplitMire","floor":23},{"not_picked":["Slimebound:DouseInSlime","Slimebound:SplitBruiser+1"],"picked":"Slimebound:Dissolve+1","floor":25},{"not_picked":["Slimebound:HauntingLick","Slimebound:GoopTackle","Slimebound:LivingWall+1"],"picked":"SKIP","floor":26},{"not_picked":["Slimebound:Gluttony+1","Slimebound:HauntingLick"],"picked":"Slimebound:LeechingTouch","floor":27},{"not_picked":["Slimebound:Prepare+1","Slimebound:SlimeSpikes"],"picked":"Slimebound:LeechEnergy","floor":28},{"not_picked":["Slimebound:GoopTackle+1","Slimebound:Schlurp"],"picked":"Slimebound:OozeBath","floor":32},{"not_picked":["Slimebound:SelfFormingGoo+1","Slimebound:TagTeam"],"picked":"Slimebound:OozeBath","floor":33},{"not_picked":["Slimebound:LeechingTouch","Slimebound:LeadByExample+1","Slimebound:Repurpose"],"picked":"SKIP","floor":36},{"not_picked":["Slimebound:SplitBruiser+1","Slimebound:GoopTackle+1"],"picked":"Slimebound:LivingWall+1","floor":37},{"not_picked":["StuffTheSpire:Ambrosia","StuffTheSpire:Rapture"],"picked":"StuffTheSpire:CelestialWarden","floor":38},{"not_picked":["Slimebound:FinishingTackle+1","Slimebound:RollThrough"],"picked":"Slimebound:ViciousTackle+1","floor":39},{"not_picked":["Slimebound:HauntingLick","Slimebound:FinishingTackle+1"],"picked":"Slimebound:SamplingLick+1","floor":42},{"not_picked":["Slimebound:ServeAndProtect+1","Slimebound:GoopSpray"],"picked":"Slimebound:SamplingLick+1","floor":43},{"not_picked":["Slimebound:Prepare+1","Slimebound:GoopTackle+1","Slimebound:LeechingTouch+1"],"picked":"SKIP","floor":46},{"not_picked":["Slimebound:ComboTackle","Slimebound:DivideAndConquer+1","Slimebound:DisruptingSlam+1"],"picked":"SKIP","floor":47},{"not_picked":["Slimebound:Prepare","Slimebound:SplitAcid+1"],"picked":"Slimebound:AcidTongue+1","floor":48},{"not_picked":["Slimebound:Prepare","Slimebound:Dissolve+1","Slimebound:SamplingLick"],"picked":"SKIP","floor":49}],"player_experience":268455,"relics_obtained":[{"floor":7,"key":"Toy Ornithopter"},{"floor":9,"key":"Frozen Egg 2"},{"floor":14,"key":"Slimebound:MaxSlimesRelic"},{"floor":24,"key":"aspiration:FrozenJewel"},{"floor":25,"key":"Replay:Bottled Flurry"},{"floor":27,"key":"Grinning Jar"},{"floor":41,"key":"conspire:Flyswatter"},{"floor":44,"key":"Ring of Misfortune"},{"floor":47,"key":"StuffTheSpire:CocoNut"}],"event_choices":[],"is_beta":false,"boss_relics":[{"not_picked":["aspiration:DefectSkillbook","ReplayTheSpireMod:DimensionalGlitch"],"picked":"aspiration:PoetsPen_weak"},{"not_picked":["aspiration:SilentSkillbook","Sozu"],"picked":"Replay:Wanted Poster"}],"items_purged_floors":[10],"is_endless":false,"potions_floor_spawned":[2,11,12,13,15,20,25,28,32,33,37,42,49],"ascension_level":10}}