{"host":"6to8m083wj0ro91z","time":1613207970,"event":{"mods":["BaseMod","Better Third Choice","BetterRewards","CatGirl Mod","ChefMod","Friendly Minions","Hubris","Mad Scientist","Marisa????????","Minty Spire (QoL Compilation)","Robot Space Explorer","Shade Mod","Spicy Shops","StSLib","The Blackbeard","The Death Knight","The Elementalist","The Forsaken","The Gatherer","The Marked","The Mystic","The Necromancer","The Runesmith","The Servant 0.9.4","The Showman","The Vixen","Yohane!"],"gold_per_floor":[112,131,150,160,160,160,143,193,193,226,245,245,280,293,293,394,394,406,425,350,108,140,140,62,80,80,99,99,424,437,452,452,554,554,565,585,485,485,500,500,519,251,251,267,302,302,313,324,324,324,324,324,19,48,48],"floor_reached":56,"language":"ENG","playtime":2464,"items_purged":["chefmod:Strike","chefmod:Strike","chefmod:Strike"],"score":1842,"play_id":"ee829832-4b73-4171-a548-d0805f102505","local_time":"20210213101930","is_ascension_mode":true,"campfire_choices":[{"data":"1","floor":6.0,"key":"LIFT"},{"data":"2","floor":12,"key":"LIFT"},{"data":"3","floor":15,"key":"LIFT"},{"data":"chefmod:QuickThaw","floor":23,"key":"SMITH"},{"data":"Enlightenment","floor":28,"key":"SMITH"},{"data":"Good Instincts","floor":32,"key":"SMITH"},{"floor":40,"key":"RECALL"},{"data":"chefmod:FullCourseMeal","floor":46,"key":"SMITH"},{"data":"chefmod:FrozenTuna","floor":49,"key":"SMITH"},{"data":"chefmod:Defend","floor":52,"key":"SMITH"}],"circlet_count":0,"master_deck":["chefmod:QuickThaw+1","chefmod:Defend","chefmod:Defend","chefmod:Defend+1","chefmod:TodaysSpecial+1","chefmod:KnifeFlurry","Good Instincts+1","chefmod:ColdSteel","chefmod:ColdSteel","chefmod:OrderUp","chefmod:BaoBuns+1","chefmod:FrozenTuna+1","chefmod:FullCourseMeal+1","chefmod:Granita+1"],"relics":["chefmod:TrustyPot","Lee\u0027s Waffle","Orichalcum","hubris:OldNail","hubris:EmptyBottle","Anchor","War Paint","Mummified Hand","Girya","hubris:Icosahedron","theForsaken:Gavel","The Courier","Eternal Feather","Kunai","hubris:VirtuousBlindfold","hubris:MedicalManual","Red Mask","Old Coin","hubris:RunicObelisk","Membership Card","hubris:DeckOfHolding","Runesmith:Nanobots","hubris:PeanutButter","Vajra","Bag of Preparation","Lantern","Centennial Puzzle","hubris:ToyBattleship","chefmod:RollingPin"],"acts_visited":["Exordium","TheCity","TheBeyond","TheEnding"],"potions_floor_usage":[19,19,33,44,44,55,55,55,55,55],"damage_taken":[{"damage":0.0,"enemies":"Cultist","floor":1.0,"turns":3.0},{"damage":0.0,"enemies":"Jaw Worm","floor":2.0,"turns":3.0},{"damage":0.0,"enemies":"Small Slimes","floor":3.0,"turns":3.0},{"damage":0.0,"enemies":"Blue Slaver","floor":4.0,"turns":4.0},{"damage":0.0,"enemies":"Gremlin Nob","floor":7.0,"turns":3.0},{"damage":0,"enemies":"Lagavulin","floor":10,"turns":4},{"damage":0,"enemies":"2 Fungi Beasts","floor":11,"turns":2},{"damage":0,"enemies":"3 Sentries","floor":13,"turns":4},{"damage":0,"enemies":"Red Slaver","floor":14,"turns":2},{"damage":13,"enemies":"The Guardian","floor":16,"turns":7},{"damage":0,"enemies":"2 Thieves","floor":18,"turns":3},{"damage":2,"enemies":"3 Byrds","floor":19,"turns":4},{"damage":13,"enemies":"Masked Bandits","floor":22,"turns":4},{"damage":0,"enemies":"Snecko","floor":25,"turns":4},{"damage":0,"enemies":"3 Cultists","floor":27,"turns":4},{"damage":0,"enemies":"Slavers","floor":29,"turns":4},{"damage":0,"enemies":"Snake Plant","floor":30,"turns":3},{"damage":0,"enemies":"Shelled Parasite and Fungi","floor":31,"turns":3},{"damage":7,"enemies":"Automaton","floor":33,"turns":8},{"damage":0,"enemies":"3 Darklings","floor":35,"turns":4},{"damage":7,"enemies":"3 Shapes","floor":36,"turns":3},{"damage":0,"enemies":"Jaw Worm Horde","floor":39,"turns":2},{"damage":0,"enemies":"Sphere and 2 Shapes","floor":41,"turns":1},{"damage":34,"enemies":"Writhing Mass","floor":44,"turns":4},{"damage":0,"enemies":"Giant Head","floor":45,"turns":3},{"damage":7,"enemies":"4 Shapes","floor":47,"turns":2},{"damage":0,"enemies":"3 Darklings","floor":48,"turns":1},{"damage":21,"enemies":"Donu and Deca","floor":50,"turns":5},{"damage":0,"enemies":"Shield and Spear","floor":54,"turns":2},{"damage":0,"enemies":"The Heart","floor":55,"turns":5}],"seed_played":"5161260883062077399","potions_obtained":[{"floor":1.0,"key":"FearPotion"},{"floor":3.0,"key":"AttackPotion"},{"floor":11,"key":"Fire Potion"},{"floor":19,"key":"Fruit Juice"},{"floor":25,"key":"SpeedPotion"},{"floor":30,"key":"SteroidPotion"},{"floor":31,"key":"Fire Potion"},{"floor":36,"key":"Strength Potion"},{"floor":39,"key":"PowerPotion"},{"floor":44,"key":"EssenceOfSteel"}],"is_trial":false,"path_per_floor":["M","M","M","M","?","R","E","?","T","E","M","R","E","M","R","B",null,"M","M","?","$","?","R","$","M","T","M","R","E","M","M","R","B",null,"M","M","NS","?","M","R","M","$","T","M","E","R","M","M","R","B",null,"R","$","E","B",null],"character_chosen":"THE_CHEF","items_purchased":["Lee\u0027s Waffle","Orichalcum","hubris:OldNail","hubris:EmptyBottle","Anchor","chefmod:KnifeFlurry","War Paint","Good Instincts","Mummified Hand","Girya","PowerPotion","hubris:MedicalManual","Enlightenment","Membership Card","hubris:DeckOfHolding","Runesmith:Nanobots","Vajra","Bag of Preparation","Lantern","Centennial Puzzle","hubris:ToyBattleship"],"campfire_rested":0,"item_purchase_floors":[0,0,0,0,0,0,0,0,0,0,0,21,24,42,42,42,53,53,53,53,53],"current_hp_per_floor":[83,83,83,83,83,83,83,83,83,83,83,83,83,83,83,70,83,83,91,91,91,78,84,84,84,84,84,90,90,90,90,93,86,93,93,86,86,93,93,93,93,93,93,59,59,65,58,58,64,43,93,93,93,93,93],"gold":48,"neow_bonus":"","is_daily":false,"chose_seed":false,"campfire_upgraded":6,"win_rate":0.0,"timestamp":1613207970,"path_taken":["M","M","?","M","?","R","E","?","T","E","M","R","E","M","R","BOSS","M","M","?","$","?","R","$","M","T","M","R","E","M","M","R","BOSS","M","M","NS","?","M","R","M","$","T","M","E","R","?","M","R","BOSS","R","$","E","BOSS"],"items_purchased_type":["Relic","Relic","Relic","Relic","Relic","Card","Relic","Card","Relic","Relic","Potion","Relic","Card","Relic","Relic","Relic","Relic","Relic","Relic","Relic","Relic"],"build_version":"2020-12-22","purchased_purges":3,"victory":true,"max_hp_per_floor":[83,83,83,83,83,83,83,83,83,83,83,83,83,83,83,83,83,83,93,93,93,93,93,93,93,93,93,93,93,93,93,93,93,93,93,93,93,93,93,93,93,93,93,93,93,93,93,93,93,93,93,93,93,93,93],"card_choices":[{"not_picked":["chefmod:FryPan","chefmod:FarmersMarket"],"picked":"chefmod:ColdSteel","floor":1.0},{"not_picked":["chefmod:Sorbet","chefmod:DinoKale"],"picked":"chefmod:Omelette","floor":2.0},{"not_picked":["chefmod:HotSoup","chefmod:IcePick"],"picked":"chefmod:ColdSteel","floor":3.0},{"not_picked":["chefmod:SliceAndDice","chefmod:HotSoup","chefmod:LocoMoco"],"picked":"SKIP","floor":4.0},{"not_picked":["chefmod:DinoKale","chefmod:FireUp","chefmod:AllYouCanEat"],"picked":"SKIP","floor":7.0},{"not_picked":["chefmod:DoubleChop","chefmod:SliceAndDice","chefmod:ColdSteel"],"picked":"SKIP","floor":10},{"not_picked":["chefmod:DeepFreeze","chefmod:HotSoup","chefmod:Defrost"],"picked":"SKIP","floor":11},{"not_picked":["chefmod:NewMenu","chefmod:KnifeFlurry","chefmod:Fillet"],"picked":"SKIP","floor":13},{"not_picked":["chefmod:NoSoupForYou","chefmod:FryPan","chefmod:SliceAndDice"],"picked":"SKIP","floor":14},{"not_picked":["chefmod:BananaSplit","chefmod:TwoForOne"],"picked":"chefmod:OrderUp","floor":16},{"not_picked":["chefmod:Defrost","chefmod:Sorbet","chefmod:Chop"],"picked":"SKIP","floor":18},{"not_picked":["chefmod:ColdSteel","chefmod:KnifeFlurry","chefmod:IcePick+1"],"picked":"SKIP","floor":19},{"not_picked":["chefmod:ColdSteel","chefmod:FreshProduce","chefmod:BaoBuns"],"picked":"SKIP","floor":25},{"not_picked":["chefmod:Fillet+1","chefmod:Canape"],"picked":"chefmod:BaoBuns+1","floor":27},{"not_picked":["chefmod:GroceryDelivery","chefmod:FreshProduce","chefmod:Omelette"],"picked":"SKIP","floor":29},{"not_picked":["chefmod:Defrost","chefmod:SliceAndDice","chefmod:Chop+1"],"picked":"SKIP","floor":30},{"not_picked":["chefmod:ColdSteel","chefmod:Chop","chefmod:ZaruSoba+1"],"picked":"SKIP","floor":31},{"not_picked":["chefmod:RisingDough","chefmod:TastyDistraction"],"picked":"chefmod:FrozenTuna","floor":33},{"not_picked":["chefmod:ZaruSoba+1","chefmod:IcePick+1","chefmod:ColdSteel+1"],"picked":"SKIP","floor":35},{"not_picked":["chefmod:GroceryDelivery","chefmod:ColdSteel+1","chefmod:Defrost+1"],"picked":"SKIP","floor":36},{"not_picked":["chefmod:Sorbet+1","chefmod:Gelato"],"picked":"chefmod:FullCourseMeal","floor":39},{"not_picked":["chefmod:CleanHouse","chefmod:BaoBuns+1","chefmod:IcePick+1"],"picked":"SKIP","floor":41},{"not_picked":["chefmod:Chop+1","chefmod:ColdSteel+1","chefmod:SliceAndDice"],"picked":"SKIP","floor":44},{"not_picked":["chefmod:Fillet+1","chefmod:PrepCook"],"picked":"chefmod:Granita+1","floor":45},{"not_picked":["chefmod:Omelette","chefmod:Granita","chefmod:Chop+1"],"picked":"SKIP","floor":47},{"not_picked":["chefmod:SearedScallops","chefmod:Fillet+1","chefmod:Chop"],"picked":"SKIP","floor":48},{"not_picked":["chefmod:ColdSteel+1","chefmod:Defrost+1","chefmod:Granita"],"picked":"SKIP","floor":54}],"player_experience":1149650,"relics_obtained":[{"floor":7.0,"key":"theForsaken:Gavel"},{"floor":9.0,"key":"The Courier"},{"floor":10,"key":"Eternal Feather"},{"floor":13,"key":"Kunai"},{"floor":22,"key":"Red Mask"},{"floor":29,"key":"Old Coin"},{"floor":45,"key":"hubris:PeanutButter"},{"floor":54,"key":"chefmod:RollingPin"}],"event_choices":[{"cards_removed":["chefmod:Strike"],"damage_healed":0,"gold_gain":0,"player_choice":"Gave Gold","damage_taken":0,"max_hp_gain":0,"max_hp_loss":0,"event_name":"Beggar","floor":20,"gold_loss":75},{"damage_healed":0,"gold_gain":0,"player_choice":"Fought Bandits","damage_taken":0,"max_hp_gain":0,"max_hp_loss":0,"event_name":"Masked Bandits","floor":22,"gold_loss":0},{"cards_removed":["chefmod:Omelette"],"damage_healed":7,"gold_gain":0,"player_choice":"Offered Uncommon","damage_taken":0,"max_hp_gain":0,"max_hp_loss":0,"event_name":"Bonfire Elementals","floor":38,"gold_loss":0}],"is_beta":false,"boss_relics":[{"not_picked":["Pandora\u0027s Box","Philosopher\u0027s Stone"],"picked":"hubris:VirtuousBlindfold"},{"not_picked":["chefmod:OldKettle","hubris:CrackedHourglass"],"picked":"hubris:RunicObelisk"}],"items_purged_floors":[0,0,0],"is_endless":false,"potions_floor_spawned":[1,3,4,11,19,25,27,30,31,36,39,44,45,47,54],"ascension_level":1}}