{"host":"kfd0jpqqxt101ydt","time":1613221371,"event":{"mods":["BaseMod","Downfall","Googly Eyes","Highlight Path","Minty Spire (QoL Compilation)","StSLib"],"gold_per_floor":[199,215,227,241,260,260,260,90,90,103,118,129,129,152,171,272,272,272,283,313,413,432,452,452,452,486,586,621,317,217,248,260,355,355,355,366,377,377,387,387,387,435,452,463,156,187,87,87,107,107],"floor_reached":51,"language":"ENG","playtime":2430,"items_purged":["bronze:Strike","bronze:Strike","bronze:Strike","bronze:Defend"],"score":994,"play_id":"d7130f7c-44aa-48ee-a0dc-20e612d13ad8","local_time":"20210213150251","is_ascension_mode":true,"campfire_choices":[{"data":"bronze:Replicate","floor":1,"key":"SMITH"},{"data":"bronze:Branch","floor":9,"key":"SMITH"},{"data":"bronze:Optimize","floor":13,"key":"SMITH"},{"data":"bronze:Format","floor":18,"key":"SMITH"},{"data":"bronze:FineTuning","floor":25,"key":"SMITH"},{"data":"bronze:ClassDefault","floor":30,"key":"SMITH"},{"floor":35,"key":"RECALL"},{"data":"bronze:Verify","floor":47,"key":"SMITH"}],"circlet_count":0,"master_deck":["bronze:Defend","bronze:Defend","bronze:Replicate+1","bronze:Goto","bronze:Branch+1","bronze:DelayedGuard","bronze:DelayedSlice","bronze:WhirlingStrike","bronze:ChosenStrike","bronze:Optimize+1","bronze:FineTuning+1","bronze:Format+1","bronze:ClassDefault+1","bronze:Verify+1"],"relics":["bronze:PlatinumCore","Pear","Vajra","Red Mask","downfall:GremlinWheel","Torii","Question Card","Lizard Tail","Sundial","Potion Belt","Bag of Marbles","downfall:HeartBlessingGreen","MealTicket","SlaversCollar","bronze:ProtectiveGoggles","Toolbox","HandDrill","Happy Flower","downfall:HeartBlessingBlue","downfall:TeleportStone"],"acts_visited":["Exordium","TheCity","TheBeyond"],"potions_floor_usage":[12,16,19,26,27,27,28,29,29,31,33,33,43,44,44,50,50,50],"damage_taken":[{"damage":0,"enemies":"Small Slimes","floor":2,"turns":2},{"damage":1,"enemies":"Cultist","floor":3,"turns":3},{"damage":0,"enemies":"2 Louse","floor":4,"turns":3},{"damage":0,"enemies":"Exordium Thugs","floor":5,"turns":4},{"damage":2,"enemies":"downfall:FleeingMerchant","floor":8,"turns":4},{"damage":11,"enemies":"Large Slime","floor":10,"turns":4},{"damage":6,"enemies":"Exordium Wildlife","floor":11,"turns":3},{"damage":0,"enemies":"Lots of Slimes","floor":12,"turns":1},{"damage":7,"enemies":"Blue Slaver","floor":15,"turns":2},{"damage":7,"enemies":"SI_SHIV_ARCHETYPE","floor":16,"turns":5},{"damage":0,"enemies":"downfall:LooterAlt2","floor":19,"turns":3},{"damage":0,"enemies":"Masked Bandits","floor":20,"turns":3},{"damage":0,"enemies":"Masked Bandits","floor":21,"turns":3},{"damage":0,"enemies":"3 Byrds","floor":22,"turns":4},{"damage":0,"enemies":"Snake Plant","floor":23,"turns":3},{"damage":25,"enemies":"Book of Stabbing","floor":26,"turns":4},{"damage":0,"enemies":"WA_ARCHETYPE_RETAIN","floor":27,"turns":4},{"damage":0,"enemies":"Gremlin Leader","floor":28,"turns":4},{"damage":0,"enemies":"downfall:FleeingMerchant","floor":29,"turns":4},{"damage":0,"enemies":"Book of Stabbing","floor":31,"turns":3},{"damage":1,"enemies":"Centurion and Healer","floor":32,"turns":4},{"damage":6,"enemies":"IC_MUSHROOM_ARCHETYPE","floor":33,"turns":5},{"damage":0,"enemies":"Orb Walker","floor":36,"turns":3},{"damage":0,"enemies":"3 Darklings","floor":37,"turns":4},{"damage":11,"enemies":"Transient","floor":39,"turns":5},{"damage":0,"enemies":"downfall:FleeingMerchant","floor":42,"turns":4},{"damage":6,"enemies":"Writhing Mass","floor":43,"turns":5},{"damage":11,"enemies":"4 Shapes","floor":44,"turns":5},{"damage":0,"enemies":"Giant Head","floor":46,"turns":5},{"damage":1,"enemies":"Maw","floor":49,"turns":3},{"damage":44,"enemies":"DF_ARCHETYPE_ORBS","floor":50,"turns":4}],"seed_played":"3067059835610573099","potions_obtained":[{"floor":10,"key":"DistilledChaos"},{"floor":11,"key":"Energy Potion"},{"floor":15,"key":"Strength Potion"},{"floor":22,"key":"AttackPotion"},{"floor":26,"key":"EntropicBrew"},{"floor":27,"key":"Weak Potion"},{"floor":32,"key":"Fruit Juice"},{"floor":33,"key":"Guardian:BlockOnCardUsePotion"},{"floor":36,"key":"sneckomod:MuddlingPotion"},{"floor":43,"key":"CultistPotion"},{"floor":46,"key":"ColorlessPotion"},{"floor":49,"key":"SkillPotion"}],"is_trial":false,"path_per_floor":["R","M","M","M","M","?","T","$","R","M","M","M","R","T","M","B",null,"R","M","?","?","M","M","T","R","E","?","E","$","R","E","M","B",null,"R","M","M","?","M","?","T","$","M","M","$","E","R","?","M","B",null],"character_chosen":"THE_AUTOMATON","items_purchased":["bronze:ChosenStrike","Bag of Marbles","bronze:ClassDefault","Toolbox","HandDrill"],"campfire_rested":0,"item_purchase_floors":[8,29,29,42,45],"current_hp_per_floor":[70,70,69,69,69,69,79,77,77,66,60,60,60,60,53,46,80,80,80,80,80,80,80,80,80,55,55,55,55,55,55,54,53,85,85,85,85,85,74,74,74,85,79,68,83,83,93,93,92,48],"gold":107,"neow_bonus":"HUNDRED_GOLD","is_daily":false,"chose_seed":false,"campfire_upgraded":7,"win_rate":0.0,"timestamp":1613221371,"path_taken":["R","M","M","M","M","?","T","?","R","?","M","M","R","?","M","BOSS","R","M","?","?","?","M","T","R","E","?","E","$","R","E","M","BOSS","R","M","M","?","M","?","T","$","M","M","$","E","R","?","M","BOSS"],"items_purchased_type":["Card","Relic","Card","Relic","Relic"],"build_version":"2020-12-22","purchased_purges":4,"victory":true,"max_hp_per_floor":[70,70,70,70,70,70,80,80,80,80,80,80,80,80,80,80,80,80,80,80,80,80,80,80,80,80,80,80,80,80,80,80,85,85,85,85,85,85,85,85,85,85,85,85,85,85,95,95,95,95],"card_choices":[{"not_picked":["bronze:CutThrough","bronze:Iterate"],"picked":"bronze:Branch","floor":2},{"not_picked":["bronze:CloningBeam","bronze:Flail"],"picked":"bronze:DelayedGuard","floor":3},{"not_picked":["bronze:Boost","bronze:BitShift"],"picked":"bronze:DelayedSlice","floor":4},{"not_picked":["bronze:Boost","bronze:GetLatest","bronze:Overheat"],"picked":"SKIP","floor":5},{"not_picked":["bronze:BuggyMess","bronze:OilSpill","bronze:HyperBeam"],"picked":"SKIP","floor":8},{"not_picked":["bronze:BugBarrage","bronze:WhirlingStrike","bronze:DelayedGuard"],"picked":"SKIP","floor":10},{"not_picked":["bronze:Deprecate","bronze:Return"],"picked":"bronze:Optimize","floor":11},{"not_picked":["bronze:Branch","bronze:Fortify"],"picked":"bronze:FineTuning","floor":12},{"not_picked":["bronze:WhirlingStrike","bronze:BuggyMess","bronze:DelayedGuard"],"picked":"SKIP","floor":15},{"not_picked":["bronze:RecursiveStrike","bronze:Mutator"],"picked":"bronze:Format","floor":16},{"not_picked":["bronze:Iterate","bronze:Repair+1","bronze:FollowUp"],"picked":"SKIP","floor":19},{"not_picked":["bronze:Frontload","bronze:OilSpill","bronze:Iterate"],"picked":"SKIP","floor":22},{"not_picked":["bronze:Separator","bronze:Constructor","bronze:Repair"],"picked":"SKIP","floor":23},{"not_picked":["bronze:Iterate","bronze:Frontload","bronze:Flail+1"],"picked":"SKIP","floor":26},{"not_picked":["bronze:Separator+1","bronze:BuggyMess","bronze:OilSpill","bronze:Overheat"],"picked":"SKIP","floor":28},{"not_picked":["bronze:BugBarrage","bronze:WildBeam","bronze:AlphaBuild","bronze:Turbo"],"picked":"SKIP","floor":29},{"not_picked":["bronze:Turbo","bronze:GetLatest","bronze:Invalidate+1"],"picked":"bronze:Verify","floor":31},{"not_picked":["bronze:Overheat+1","bronze:BronzeArmor","bronze:Deprecate+1","bronze:DigitalCarnage+1"],"picked":"SKIP","floor":32},{"not_picked":["bronze:BronzeArmor","bronze:Refactor+1","bronze:Branch+1","bronze:Deprecate"],"picked":"SKIP","floor":36},{"not_picked":["bronze:DelayedSlice","bronze:Deprecate+1","bronze:ForLoop","bronze:Overload+1"],"picked":"SKIP","floor":37},{"not_picked":["bronze:Backtrace","bronze:Overheat+1","bronze:Shield","bronze:BitShift+1"],"picked":"SKIP","floor":39},{"not_picked":["bronze:CleanCode","bronze:Overheat+1","bronze:Flail+1","bronze:OilSpill+1"],"picked":"SKIP","floor":42},{"not_picked":["bronze:FollowUp+1","bronze:Iterate+1","bronze:Fortify+1","bronze:FineTuning"],"picked":"SKIP","floor":43},{"not_picked":["bronze:Fortify","bronze:Turbo","bronze:Invalidate","bronze:Return+1"],"picked":"SKIP","floor":44},{"not_picked":["bronze:Deprecate+1","bronze:ChosenStrike","bronze:BronzeArmor+1","bronze:RecursiveStrike"],"picked":"SKIP","floor":46},{"not_picked":["bronze:CloningBeam+1","bronze:ForceShield","bronze:Allocate","bronze:Safeguard"],"picked":"SKIP","floor":49}],"player_experience":47720,"relics_obtained":[{"floor":7,"key":"Pear"},{"floor":14,"key":"Vajra"},{"floor":20,"key":"Red Mask"},{"floor":21,"key":"downfall:GremlinWheel"},{"floor":24,"key":"Torii"},{"floor":26,"key":"Question Card"},{"floor":27,"key":"Lizard Tail"},{"floor":27,"key":"Sundial"},{"floor":28,"key":"Potion Belt"},{"floor":31,"key":"MealTicket"},{"floor":35,"key":"bronze:ProtectiveGoggles"},{"floor":46,"key":"Happy Flower"}],"event_choices":[{"damage_healed":0,"gold_gain":0,"player_choice":"Fought Bandits","damage_taken":0,"max_hp_gain":0,"max_hp_loss":0,"event_name":"Masked Bandits","floor":20,"gold_loss":0},{"damage_healed":0,"gold_gain":0,"player_choice":"Relic","damage_taken":0,"max_hp_gain":0,"max_hp_loss":0,"event_name":"Wheel of Change","floor":35,"gold_loss":0},{"cards_removed":["bronze:Defend"],"damage_healed":0,"gold_gain":0,"player_choice":"Removed Skill","damage_taken":0,"max_hp_gain":0,"max_hp_loss":0,"event_name":"Falling","floor":40,"gold_loss":0}],"is_beta":false,"boss_relics":[{"not_picked":["Empty Cage","Fusion Hammer"],"picked":"bronze:PlatinumCore"},{"not_picked":["SacredBark","Cursed Key"],"picked":"SlaversCollar"}],"items_purged_floors":[8,29,42,45],"is_endless":false,"potions_floor_spawned":[10,11,15,22,26,27,32,33,36,43,46,49],"ascension_level":1}}