{"host":"i3w38rq1z4slkels","time":1613229873,"event":{"mods":["2.2 Compatiblity","Act Like it!","BaseMod","Better Match","Better Vampires","BetterRewards","Conspire","Downfall","Hallownest","Minty Spire (QoL Compilation)","Rare Cards Sparkle","Replay The Spire","StSLib","The Bug Knight"],"gold_per_floor":[0,13,23,123,123,273,273,35,35,35,20,20,40,50,66,66,66,66],"floor_reached":16,"language":"ENG","playtime":984,"items_purged":["downfall:Icky"],"score":95,"play_id":"e24a10ff-c960-4434-bb7a-ba05ff58261d","local_time":"20210213222433","is_ascension_mode":true,"campfire_choices":[{"floor":1,"key":"RECALL"},{"data":"bronze:SpaghettiCode","floor":10,"key":"SMITH"},{"data":"bronze:Spike","floor":12,"key":"SMITH"}],"circlet_count":0,"master_deck":["bronze:Strike","bronze:Strike","bronze:Strike","bronze:Strike","bronze:Defend","bronze:Defend","bronze:Defend","bronze:Defend","bronze:Replicate","bronze:Goto","bronze:SpaghettiCode+1","bronze:Spike+1","bronze:Optimize+1","bronze:Verify+1","bronze:Refactor"],"relics":["bronze:BronzeCore","Frozen Egg 2","Tiny Chest"],"acts_visited":["Exordium"],"potions_floor_usage":[16],"damage_taken":[{"damage":0,"enemies":"conspire:RoseBush","floor":2,"turns":4},{"damage":1,"enemies":"Jaw Worm","floor":3,"turns":2},{"damage":3,"enemies":"Jaw Worm","floor":5,"turns":5},{"damage":0,"enemies":"downfall:FleeingMerchant","floor":8,"turns":4},{"damage":8,"enemies":"downfall:FleeingMerchant","floor":11,"turns":4},{"damage":0,"enemies":"2 Louse","floor":13,"turns":3},{"damage":19,"enemies":"Blue Slaver","floor":14,"turns":5},{"damage":16,"enemies":"Large Slime","floor":15,"turns":6},{"damage":23,"enemies":"SI_SHIV_ARCHETYPE","floor":16,"turns":5}],"seed_played":"-8534288191661230642","potions_obtained":[{"floor":5,"key":"bronze:FreeFunctionsPotion"},{"floor":14,"key":"bronze:BuildAFunctionPotion"}],"is_trial":false,"path_per_floor":["R","M","M","?","?","?","T","$","?","R","$","R","M","M","M","B"],"character_chosen":"THE_AUTOMATON","items_purchased":["Tiny Chest"],"campfire_rested":0,"item_purchase_floors":[8],"current_hp_per_floor":[70,70,69,69,66,66,66,66,66,66,58,58,58,39,23,0,0,0],"gold":66,"neow_bonus":"THREE_RARE_CARDS","is_daily":false,"chose_seed":false,"campfire_upgraded":2,"win_rate":0.0,"timestamp":1613229873,"path_taken":["R","M","M","?","?","?","T","?","?","R","$","R","M","?","M","BOSS"],"items_purchased_type":["Relic"],"build_version":"2020-12-22","purchased_purges":1,"victory":false,"max_hp_per_floor":[70,70,70,70,70,70,70,70,70,70,70,70,70,70,70,70,70,70],"card_choices":[{"not_picked":["bronze:Mutator","bronze:CleanCode"],"picked":"bronze:SpaghettiCode","floor":0},{"not_picked":["bronze:CutThrough","bronze:Invalidate","bronze:BuggyMess"],"picked":"SKIP","floor":2},{"not_picked":["bronze:Optimize","bronze:DelayedSlice","bronze:CloningBeam"],"picked":"SKIP","floor":3},{"not_picked":[],"picked":"bronze:Spike","floor":5},{"not_picked":["bronze:ChildClass","bronze:Turbo"],"picked":"bronze:Optimize+1","floor":8},{"not_picked":["bronze:WildBeam","bronze:Overload"],"picked":"bronze:Verify+1","floor":11},{"not_picked":["bronze:BitShift","bronze:ItsAFeature+1","bronze:Branch"],"picked":"SKIP","floor":13},{"not_picked":["bronze:Constructor","bronze:Optimize+1"],"picked":"bronze:Refactor","floor":14},{"not_picked":["bronze:Branch","bronze:FollowUp","bronze:Overheat"],"picked":"SKIP","floor":15}],"player_experience":490132,"relics_obtained":[{"floor":7,"key":"Frozen Egg 2"}],"event_choices":[],"is_beta":false,"boss_relics":[],"items_purged_floors":[8],"is_endless":false,"potions_floor_spawned":[5,14],"killed_by":"SI_SHIV_ARCHETYPE","ascension_level":1}}