{"host":"kubg1eqfxrnqnv0b","time":1613253652,"event":{"mods":["Aspiration","BaseMod","BetterRewards","Colored Map","Conspire","Energized Spire","Gremlin Skip","Halation","Hubris","Infinite Spire","Minty Spire (QoL Compilation)","Quick Restart","Replay The Spire","StSLib"],"gold_per_floor":[110,110,121,121,134,134,146,146,172,206,222,222,222,235,235,332,332,352,378,127,127,325,325,352,369,395,395,406,406,424,424,522,522,532,532,550,550,568,568,568],"floor_reached":40,"language":"ENG","playtime":2679,"items_purged":["hubris:Lust","Parasite"],"score":656,"play_id":"5002d8d3-b201-440a-8ce5-d03cb5839488","local_time":"20210213180052","is_ascension_mode":false,"campfire_choices":[{"data":"Flex","floor":6,"key":"SMITH"},{"data":"Heavy Blade","floor":8,"key":"SMITH"},{"data":"Flex","floor":15,"key":"SMITH"},{"data":"ReplayTheSpireMod:Private Reserves","floor":23,"key":"SMITH"},{"data":"infinitespire:Punishment","floor":32,"key":"SMITH"}],"circlet_count":0,"master_deck":["Strike_R","Strike_R","Strike_R","Defend_R","Defend_R","Defend_R","Bash","ReplayTheSpireMod:Private Reserves+1","Reckless Charge","Heavy Blade+1","Regret","Pot Of Greed","Pot Of Greed","Flex+1","Reaper","Power Through","Massacre","Flex+1","Run Through","Offering","hubris:SharpeningStone","Replay:Undeath\u0027s Touch","Pot Of Greed","Body Slam+1","Twin Strike","Thunderclap+1","infinitespire:Punishment+1","Clash+1","Replay:Hysterical Blindness","Combust","hubris:NaturalOne","Demon Form+1","ReplayTheSpireMod:Restless Dread","hubris:Sloth","Dual Wield+1","Pot Of Greed","Anger+1","Shrug It Off"],"relics":["Burning Blood","ReplayTheSpireMod:CursedCoin","infinitespire:WardingShard","hubris:Teleporter","Grinning Jar","hubris:Towel","Red Skull","Eternal Feather","Bag of Marbles","energizedSpire:MagnifyingGlass","Red Mask","ReplayTheSpireMod:TigerMarble","hubris:Icosahedron","Counterbalance","infinitespire:Lucky Rock","Medical Kit","aspiration:HatOfInfinitePower","Kintsugi"],"acts_visited":["Exordium","TheCity","TheBeyond"],"potions_floor_usage":[1,7,18,19,28,28,33,33],"damage_taken":[{"damage":0,"enemies":"Jaw Worm","floor":1,"turns":2},{"damage":3,"enemies":"Small Slimes","floor":3,"turns":3},{"damage":6,"enemies":"conspire:RoseBush","floor":5,"turns":2},{"damage":0,"enemies":"Large Slime","floor":7,"turns":3},{"damage":16,"enemies":"Lagavulin","floor":10,"turns":6},{"damage":0,"enemies":"2 Fungi Beasts","floor":11,"turns":3},{"damage":29,"enemies":"conspire:2 RoseBushes","floor":14,"turns":4},{"damage":86,"enemies":"Fading Forest","floor":16,"turns":11},{"damage":16,"enemies":"Chosen","floor":18,"turns":4},{"damage":16,"enemies":"Masked Bandits","floor":19,"turns":3},{"damage":8,"enemies":"Replay:Snechameleon","floor":24,"turns":4},{"damage":14,"enemies":"3 Byrds","floor":25,"turns":6},{"damage":8,"enemies":"3 Cultists","floor":28,"turns":5},{"damage":0,"enemies":"Cultist and Chosen","floor":31,"turns":3},{"damage":68,"enemies":"conspire:MysteriousRune","floor":33,"turns":7},{"damage":54,"enemies":"3 Shapes","floor":35,"turns":4},{"damage":0,"enemies":"Orb Walker","floor":37,"turns":1},{"damage":33,"enemies":"3 Darklings","floor":39,"turns":5},{"damage":50,"enemies":"Giant Head","floor":40,"turns":6}],"seed_played":"5588466382848558944","potions_obtained":[{"floor":1,"key":"AttackPotion"},{"floor":3,"key":"Ancient Potion"},{"floor":16,"key":"Weak Potion"},{"floor":24,"key":"LifebloodPotion"},{"floor":28,"key":"BlessingOfTheForge"},{"floor":33,"key":"GamblersBrew"},{"floor":39,"key":"Cursed Concoction"}],"is_trial":false,"path_per_floor":["M","?","M","?","M","R","M","R","T","E","M","?","?","M","R","B",null,"M","?","$","?","?","R","E","M","T","AVR","M","?","M","R","B",null,"M","?","M","?","M","E"],"character_chosen":"IRONCLAD","items_purchased":["ReplayTheSpireMod:CursedCoin","infinitespire:WardingShard","ReplayTheSpireMod:Private Reserves","Reckless Charge","Energy Potion","ReplayTheSpireMod:TigerMarble"],"campfire_rested":0,"item_purchase_floors":[0,0,0,0,0,20],"current_hp_per_floor":[62,62,65,65,65,65,75,75,75,73,80,73,80,69,80,14,80,78,70,70,70,70,77,75,75,75,75,77,77,77,77,37,77,29,67,67,67,45,0,0],"gold":568,"neow_bonus":"","is_daily":false,"chose_seed":false,"campfire_upgraded":5,"win_rate":0.0,"timestamp":1613253652,"path_taken":["M","?","M","?","M","R","M","R","T","E","M","?","?","M","R","BOSS","M","?","$","?","?","R","E","M","T","AVR","M","?","?","R","BOSS","M","?","M","?","M","E"],"items_purchased_type":["Relic","Relic","Card","Card","Potion","Relic"],"build_version":"2020-12-22","purchased_purges":2,"victory":false,"max_hp_per_floor":[80,80,80,80,80,80,80,80,80,80,80,80,80,80,80,80,80,80,80,77,77,77,77,77,77,77,77,77,77,77,77,77,77,77,67,67,67,67,67,67],"card_choices":[{"not_picked":["True Grit","Shrug It Off"],"picked":"Heavy Blade","floor":1},{"not_picked":["Heavy Blade","True Grit"],"picked":"Flex","floor":3},{"not_picked":["Sword Boomerang","Dark Embrace"],"picked":"Reaper","floor":5},{"not_picked":["Run Through","ReplayTheSpireMod:Strike From Hell"],"picked":"Power Through","floor":7},{"not_picked":["Body Slam","Feel No Pain"],"picked":"Massacre","floor":10},{"not_picked":["Rage","conspire:ExplosiveBarrier"],"picked":"Flex","floor":11},{"not_picked":["Flame Barrier","Perfected Strike"],"picked":"Run Through","floor":14},{"not_picked":["Bludgeon","Eclipse"],"picked":"Offering","floor":16},{"not_picked":["Battle Trance","Shockwave"],"picked":"hubris:SharpeningStone","floor":18},{"not_picked":["Armaments","Run Through"],"picked":"Replay:Undeath\u0027s Touch","floor":19},{"not_picked":["Warcry","ReplayTheSpireMod:Strike From Hell"],"picked":"Body Slam+1","floor":22},{"not_picked":["Hemokinesis","Armaments"],"picked":"Twin Strike","floor":24},{"not_picked":["Armaments","Iron Wave"],"picked":"Thunderclap+1","floor":25},{"not_picked":["ReplayReversal","Sever Soul"],"picked":"Clash+1","floor":28},{"not_picked":["ReplayTheSpireMod:Corrosion Curse+1","Heavy Blade+1"],"picked":"Combust","floor":31},{"not_picked":["conspire:HitWhereItHurts","Double Tap"],"picked":"Demon Form","floor":33},{"not_picked":["Warcry","True Grit+1"],"picked":"Dual Wield+1","floor":35},{"not_picked":["Carnage+1","Shockwave+1"],"picked":"Anger+1","floor":37},{"not_picked":["Rage","Iron Wave"],"picked":"Shrug It Off","floor":39}],"player_experience":2179,"relics_obtained":[{"floor":9,"key":"Red Skull"},{"floor":10,"key":"Eternal Feather"},{"floor":19,"key":"Red Mask"},{"floor":24,"key":"Counterbalance"},{"floor":26,"key":"infinitespire:Lucky Rock"}],"event_choices":[{"damage_healed":0,"gold_gain":0,"player_choice":"Box","damage_taken":0,"relics_obtained":["Grinning Jar"],"max_hp_gain":0,"max_hp_loss":0,"event_name":"Big Fish","floor":2,"gold_loss":0,"cards_obtained":["Regret"]},{"damage_healed":0,"gold_gain":0,"player_choice":"Success","damage_taken":7,"relics_obtained":["Bag of Marbles"],"max_hp_gain":0,"max_hp_loss":0,"event_name":"Scrap Ooze","floor":12,"gold_loss":0},{"damage_healed":20,"gold_gain":0,"player_choice":"Healed and dodged fight","damage_taken":0,"max_hp_gain":0,"max_hp_loss":0,"event_name":"Mushrooms","floor":13,"gold_loss":0,"cards_obtained":["Parasite"]},{"damage_healed":0,"gold_gain":0,"player_choice":"Fought Bandits","damage_taken":0,"max_hp_gain":0,"max_hp_loss":0,"event_name":"Masked Bandits","floor":19,"gold_loss":0},{"damage_healed":67,"gold_gain":0,"player_choice":"Heal","damage_taken":0,"max_hp_gain":0,"max_hp_loss":10,"event_name":"The Moai Head","floor":36,"gold_loss":0}],"is_beta":false,"boss_relics":[{"not_picked":["halation:MonkeysPaw","Velvet Choker"],"picked":"energizedSpire:MagnifyingGlass"},{"not_picked":["halation:PinkAlligatorPlush","conspire:RunicOctahedron"],"picked":"Kintsugi"}],"items_purged_floors":[0,20],"is_endless":false,"potions_floor_spawned":[1,3,16,24,28,33,39],"killed_by":"Giant Head","ascension_level":0}}