{"host":"bf5upntvbdompq33","time":1613200310,"event":{"mods":["BaseMod","Bestiary","Colored Map","Colored Powertips","Curses Come First","Minty Spire (QoL Compilation)","StSLib","ojb\u0027s Info Mod"],"gold_per_floor":[369,369,386,405,4,37,37,212,264,264,264],"floor_reached":10,"language":"ENG","playtime":542,"items_purged":["Strike_B"],"score":102,"play_id":"bf5dfa3e-c38c-4e52-94d9-436a42064aa1","local_time":"20210213001150","is_ascension_mode":true,"campfire_choices":[{"data":"Defragment","floor":7,"key":"SMITH"}],"circlet_count":0,"master_deck":["AscendersBane","Strike_B","Strike_B","Strike_B","Defend_B","Defend_B","Defend_B","Defend_B","Zap","Dualcast","Cold Snap","Defragment+1","Consume","Capacitor","Redo+1","Dramatic Entrance","Skim+1","Doubt"],"relics":["Cracked Core","Lantern","Lee\u0027s Waffle","Anchor","War Paint"],"acts_visited":["Exordium"],"potions_floor_usage":[3],"damage_taken":[{"damage":1,"enemies":"Cultist","floor":1,"turns":4},{"damage":7,"enemies":"Small Slimes","floor":3,"turns":2},{"damage":2,"enemies":"2 Louse","floor":4,"turns":2},{"damage":52,"enemies":"Gremlin Nob","floor":6,"turns":5},{"damage":40,"enemies":"3 Sentries","floor":10,"turns":4}],"seed_played":"-5627128713182217402","potions_obtained":[{"floor":3,"key":"Fruit Juice"},{"floor":4,"key":"Dexterity Potion"},{"floor":6,"key":"SpeedPotion"}],"is_trial":false,"path_per_floor":["M","?","M","M","$","E","R","?","T","E"],"character_chosen":"DEFECT","items_purchased":["Capacitor","Lee\u0027s Waffle","Redo","Dramatic Entrance"],"campfire_rested":0,"item_purchase_floors":[5,5,5,5],"current_hp_per_floor":[49,42,40,38,87,35,35,35,35,0,0],"gold":264,"neow_bonus":"TWO_FIFTY_GOLD","is_daily":false,"chose_seed":false,"campfire_upgraded":1,"win_rate":0.0,"timestamp":1613200310,"path_taken":["M","?","M","M","$","E","R","?","T","E"],"items_purchased_type":["Card","Relic","Card","Card"],"build_version":"2020-12-22","purchased_purges":1,"victory":false,"max_hp_per_floor":[75,75,80,80,87,87,87,87,87,87,87],"card_choices":[{"not_picked":["Gash","Compile Driver"],"picked":"Cold Snap","floor":1},{"not_picked":["Compile Driver","Beam Cell"],"picked":"Defragment","floor":3},{"not_picked":["Sunder","Gash"],"picked":"Consume","floor":4},{"not_picked":["Sunder","Double Energy"],"picked":"Skim","floor":6}],"player_experience":1565088,"relics_obtained":[{"floor":6,"key":"Anchor"},{"floor":9,"key":"War Paint"}],"event_choices":[{"damage_healed":0,"gold_gain":0,"player_choice":"Success","damage_taken":7,"relics_obtained":["Lantern"],"max_hp_gain":0,"max_hp_loss":0,"event_name":"Scrap Ooze","floor":2,"gold_loss":0},{"damage_healed":0,"gold_gain":175,"player_choice":"AGREE","damage_taken":0,"max_hp_gain":0,"max_hp_loss":0,"event_name":"Liars Game","floor":8,"gold_loss":0,"cards_obtained":["Doubt"]}],"is_beta":false,"boss_relics":[],"items_purged_floors":[5],"is_endless":false,"potions_floor_spawned":[3,4,6],"killed_by":"3 Sentries","ascension_level":11}}