{"host":"da4a6z8aof69aasy","time":1613231488,"event":{"mods":["AchievementEnabler","BaseMod","Block Reminder","Colored Powertips","DeckTracker","Highlight Path","Minty Spire (QoL Compilation)","Permanent Neow","Relic Stats","StSLib"],"gold_per_floor":[210,171,187,33,49,49,84,84,84,84,84,118,118,135,135,206,206,222,237,237,237,16,16,52,52,52,79,29,29,73,93,93,181,190,201,221,171,171,171,171,211,83,108,151,176,176,205,205,214,214],"floor_reached":51,"language":"ENG","playtime":5615,"items_purged":["Pain","Strike_G","Strike_G","Strike_G"],"score":1300,"play_id":"62012691-fb87-4def-821c-0da79dfd3b6e","local_time":"20210213175128","is_ascension_mode":true,"campfire_choices":[{"data":"Deadly Poison","floor":6.0,"key":"SMITH"},{"data":"Neutralize","floor":8.0,"key":"SMITH"},{"data":"Poisoned Stab","floor":10.0,"key":"SMITH"},{"data":"Dash","floor":13.0,"key":"SMITH"},{"data":"Dagger Spray","floor":15.0,"key":"SMITH"},{"floor":23.0,"key":"REST"},{"data":"Well Laid Plans","floor":25.0,"key":"SMITH"},{"floor":32.0,"key":"REST"},{"data":"Wraith Form v2","floor":40.0,"key":"SMITH"},{"data":"Noxious Fumes","floor":46.0,"key":"SMITH"},{"floor":49,"key":"REST"}],"circlet_count":0,"master_deck":["AscendersBane","Strike_G","Strike_G","Defend_G+1","Defend_G","Defend_G","Defend_G","Defend_G","Survivor+1","Dagger Spray+1","Dash+1","Deadly Poison+1","Poisoned Stab+1","PiercingWail","Well Laid Plans+1","Infinite Blades","Acrobatics","Wraith Form v2+1","CurseOfTheBell","Leg Sweep+1","Noxious Fumes+1","Deadly Poison","Leg Sweep+1","PiercingWail+1"],"relics":["Ring of the Snake","Snake Skull","Shuriken","MealTicket","WarpedTongs","Bronze Scales","Velvet Choker","Anchor","CeramicFish","Smiling Mask","Enchiridion","Kunai","Calling Bell","Dream Catcher","InkBottle","Dead Branch","Blue Candle","Potion Belt","War Paint","The Specimen","CaptainsWheel"],"acts_visited":["Exordium","TheCity","TheBeyond"],"potions_floor_usage":[47,50,50,50],"damage_taken":[{"damage":1.0,"enemies":"Cultist","floor":1.0,"turns":4.0},{"damage":0.0,"enemies":"2 Louse","floor":3.0,"turns":3.0},{"damage":0.0,"enemies":"Jaw Worm","floor":5.0,"turns":4.0},{"damage":12.0,"enemies":"3 Sentries","floor":7.0,"turns":7.0},{"damage":18.0,"enemies":"Lagavulin","floor":12.0,"turns":5.0},{"damage":3.0,"enemies":"3 Louse","floor":14.0,"turns":3.0},{"damage":6.0,"enemies":"Hexaghost","floor":16.0,"turns":8.0},{"damage":2.0,"enemies":"Shell Parasite","floor":18.0,"turns":5.0},{"damage":10.0,"enemies":"2 Thieves","floor":19.0,"turns":4.0},{"damage":12.0,"enemies":"Slavers","floor":24.0,"turns":5.0},{"damage":18.0,"enemies":"Book of Stabbing","floor":27.0,"turns":5.0},{"damage":7.0,"enemies":"Slavers","floor":30.0,"turns":4.0},{"damage":0.0,"enemies":"Centurion and Healer","floor":31.0,"turns":4.0},{"damage":18.0,"enemies":"Automaton","floor":33.0,"turns":8.0},{"damage":10.0,"enemies":"Orb Walker","floor":35.0,"turns":4.0},{"damage":8.0,"enemies":"3 Darklings","floor":36.0,"turns":5.0},{"damage":25.0,"enemies":"Nemesis","floor":41.0,"turns":9.0},{"damage":10.0,"enemies":"Reptomancer","floor":44.0,"turns":6.0},{"damage":0.0,"enemies":"Mind Bloom Boss Battle","floor":45.0,"turns":6.0},{"damage":28,"enemies":"Nemesis","floor":47,"turns":9},{"damage":12,"enemies":"Donu and Deca","floor":50,"turns":8}],"seed_played":"4463466247763483436","potions_obtained":[{"floor":1.0,"key":"LiquidBronze"},{"floor":7.0,"key":"Strength Potion"},{"floor":27.0,"key":"PowerPotion"},{"floor":31.0,"key":"Poison Potion"},{"floor":36.0,"key":"Swift Potion"},{"floor":45.0,"key":"Explosive Potion"},{"floor":47,"key":"CultistPotion"}],"is_trial":false,"path_per_floor":["M","$","M","$","M","R","E","R","T","R","?","E","R","M","R","B",null,"M","M","?","?","$","R","E","R","T","E","$","?","E","M","R","B",null,"M","M","$","?","?","R","E","$","T","E","?","R","E","?","R","B",null],"character_chosen":"THE_SILENT","items_purchased":["Dash","Snake Skull","Anchor","Noxious Fumes","Deadly Poison"],"campfire_rested":3,"item_purchase_floors":[2,4,22,42,42],"current_hp_per_floor":[58,58,58,58,58,58,46,46,46,46,46,28,28,25,25,19,54,52,42,24,24,39,60,48,48,48,30,45,24,17,17,38,20,58,48,40,55,55,55,55,30,45,45,35,35,35,7,7,27,15],"gold":214,"neow_bonus":"HUNDRED_GOLD","is_daily":false,"chose_seed":false,"campfire_upgraded":8,"win_rate":0.0,"timestamp":1613231488,"path_taken":["M","?","M","$","M","R","E","R","T","R","?","E","R","?","R","BOSS","M","M","?","?","$","R","E","R","T","E","?","?","E","M","R","BOSS","M","M","$","?","?","R","E","$","T","E","?","R","E","?","R","BOSS"],"items_purchased_type":["Card","Relic","Relic","Card","Card"],"build_version":"2020-12-22","purchased_purges":4,"victory":true,"max_hp_per_floor":[66,66,66,66,66,66,66,66,66,66,66,66,66,66,66,66,66,66,66,71,71,71,71,71,71,71,71,71,71,71,71,71,71,71,71,71,71,67,67,67,67,67,67,67,67,67,67,67,67,67],"relic_stats":{"counters":[21,116],"CeramicFish":90,"Dead Branch":[50],"Blue Candle":[0],"Snake Skull":[117],"War Paint":["Survivor","Defend_G"],"Smiling Mask":225,"WarpedTongs":[95],"Dream Catcher":1,"Shuriken":[30],"Bronze Scales":[308],"MealTicket":60,"Kunai":[20],"obtain_stats":[{"Potion Belt":43,"The Specimen":45,"CeramicFish":24,"Dead Branch":34,"Blue Candle":41,"Velvet Choker":17,"Enchiridion":29,"Snake Skull":4,"War Paint":44,"Smiling Mask":27,"WarpedTongs":11,"Calling Bell":34,"Anchor":22,"Dream Catcher":34,"CaptainsWheel":47,"Shuriken":7,"Bronze Scales":12,"MealTicket":9,"Kunai":30,"InkBottle":34,"Ring of the Snake":0},{"Potion Belt":17,"The Specimen":19,"CeramicFish":10,"Dead Branch":14,"Blue Candle":17,"Velvet Choker":7,"Enchiridion":11,"Snake Skull":2,"War Paint":18,"Smiling Mask":11,"WarpedTongs":4,"Calling Bell":14,"Anchor":9,"Dream Catcher":14,"CaptainsWheel":20,"Shuriken":4,"Bronze Scales":5,"MealTicket":4,"Kunai":12,"InkBottle":14,"Ring of the Snake":0},{"Potion Belt":87,"The Specimen":99,"CeramicFish":48,"Dead Branch":69,"Blue Candle":87,"Velvet Choker":34,"Enchiridion":53,"Snake Skull":7,"War Paint":93,"Smiling Mask":53,"WarpedTongs":18,"Calling Bell":69,"Anchor":43,"Dream Catcher":69,"CaptainsWheel":108,"Shuriken":18,"Bronze Scales":23,"MealTicket":18,"Kunai":57,"InkBottle":69,"Ring of the Snake":0}],"InkBottle":[21],"Ring of the Snake":[42]},"card_choices":[{"not_picked":["Caltrops","Catalyst"],"picked":"Dagger Spray","floor":1.0},{"not_picked":["Endless Agony","Distraction","Masterful Stab"],"picked":"SKIP","floor":3.0},{"not_picked":["Backstab","Eviscerate"],"picked":"Deadly Poison","floor":5.0},{"not_picked":["Escape Plan","Slice"],"picked":"Poisoned Stab","floor":7.0},{"not_picked":["Quick Slash","Underhanded Strike","Poisoned Stab"],"picked":"SKIP","floor":12.0},{"not_picked":["Quick Slash","Heel Hook","Poisoned Stab"],"picked":"SKIP","floor":14.0},{"not_picked":["Blade Dance","Terror"],"picked":"PiercingWail","floor":18.0},{"not_picked":["Dagger Throw","Riddle With Holes","Bane"],"picked":"SKIP","floor":19.0},{"not_picked":["Slice","PiercingWail"],"picked":"Well Laid Plans","floor":24.0},{"not_picked":["Underhanded Strike","Dagger Spray","Sucker Punch"],"picked":"SKIP","floor":27.0},{"not_picked":["Underhanded Strike","Dagger Spray","Sucker Punch"],"picked":"SKIP","floor":27.0},{"not_picked":["Well Laid Plans","Doppelganger","Infinite Blades"],"picked":"SKIP","floor":30.0},{"not_picked":["Well Laid Plans","Doppelganger"],"picked":"Infinite Blades","floor":30.0},{"not_picked":["Quick Slash","Deadly Poison"],"picked":"Acrobatics","floor":31.0},{"not_picked":["Adrenaline","Phantasmal Killer"],"picked":"Wraith Form v2","floor":33.0},{"not_picked":["Poisoned Stab","Bane+1","Slice"],"picked":"SKIP","floor":35.0},{"not_picked":["Dagger Throw","Concentrate","Dash"],"picked":"SKIP","floor":36.0},{"not_picked":["Masterful Stab","Escape Plan"],"picked":"Leg Sweep+1","floor":41.0},{"not_picked":["Slice","Bane"],"picked":"Leg Sweep+1","floor":44.0},{"not_picked":["Dodge and Roll","Underhanded Strike","Sucker Punch"],"picked":"SKIP","floor":47},{"not_picked":["Burst","Flechettes"],"picked":"PiercingWail+1","floor":49}],"player_experience":2165908,"relics_obtained":[{"floor":7.0,"key":"Shuriken"},{"floor":9.0,"key":"MealTicket"},{"floor":12.0,"key":"Bronze Scales"},{"floor":24.0,"key":"CeramicFish"},{"floor":27.0,"key":"Smiling Mask"},{"floor":29.0,"key":"Enchiridion"},{"floor":30.0,"key":"Kunai"},{"floor":34.0,"key":"Dream Catcher"},{"floor":34.0,"key":"InkBottle"},{"floor":34.0,"key":"Dead Branch"},{"floor":41.0,"key":"Blue Candle"},{"floor":43.0,"key":"Potion Belt"},{"floor":44.0,"key":"War Paint"},{"floor":45.0,"key":"The Specimen"},{"floor":47,"key":"CaptainsWheel"}],"event_choices":[{"damage_healed":0.0,"max_hp_gain":0.0,"max_hp_loss":0.0,"gold_gain":0.0,"event_name":"Accursed Blacksmith","player_choice":"Rummage","floor":11.0,"gold_loss":0.0,"damage_taken":0.0,"relics_obtained":["WarpedTongs"],"cards_obtained":["Pain"]},{"damage_healed":0.0,"max_hp_gain":5.0,"max_hp_loss":0.0,"gold_gain":0.0,"event_name":"Forgotten Altar","player_choice":"Shed Blood","floor":20.0,"gold_loss":0.0,"damage_taken":23.0},{"damage_healed":0.0,"max_hp_gain":0.0,"max_hp_loss":0.0,"gold_gain":0.0,"event_name":"The Mausoleum","player_choice":"Ignored","floor":21.0,"gold_loss":0.0,"damage_taken":0.0},{"damage_healed":0.0,"max_hp_gain":0.0,"max_hp_loss":0.0,"gold_gain":0.0,"event_name":"Cursed Tome","player_choice":"Obtained Book","floor":29.0,"gold_loss":0.0,"damage_taken":21.0},{"damage_healed":0.0,"max_hp_gain":0.0,"max_hp_loss":4.0,"gold_gain":0.0,"event_name":"Winding Halls","player_choice":"Max HP","floor":38.0,"gold_loss":0.0,"damage_taken":0.0},{"damage_healed":0.0,"max_hp_gain":0.0,"max_hp_loss":0.0,"gold_gain":0.0,"event_name":"Tomb of Lord Red Mask","player_choice":"Ignored","floor":39.0,"gold_loss":0.0,"damage_taken":0.0},{"damage_healed":0.0,"max_hp_gain":0.0,"max_hp_loss":0.0,"gold_gain":0.0,"event_name":"MindBloom","player_choice":"Fight","floor":45.0,"gold_loss":0.0,"damage_taken":0.0},{"cards_removed":["Neutralize"],"damage_healed":0,"gold_gain":0,"player_choice":"Removed Attack","damage_taken":0,"max_hp_gain":0,"max_hp_loss":0,"event_name":"Falling","floor":48,"gold_loss":0}],"is_beta":false,"boss_relics":[{"not_picked":["Tiny House","Empty Cage"],"picked":"Velvet Choker"},{"not_picked":["Runic Dome","SacredBark"],"picked":"Calling Bell"}],"items_purged_floors":[22,28,37,42],"is_endless":false,"potions_floor_spawned":[1,7,27,31,36,45,47],"ascension_level":15}}