{"host":"ikoeife7eojnzvjt","time":1613242386,"event":{"mods":["AchievementEnabler","BaseMod","Colored Map","Colored Powertips","Highlight Path","Minty Spire (QoL Compilation)","Quick Restart","Relic Stats","StSLib"],"gold_per_floor":[109,109,133,8,29,72,22,22,22,22,41,80,103,146,146,276,276,299,299,299,299],"floor_reached":20,"language":"ENG","playtime":1171,"items_purged":[],"score":211,"play_id":"215a433e-3331-47ab-bd12-e4de98e8a514","local_time":"20210213125306","is_ascension_mode":true,"campfire_choices":[{"floor":8.0,"key":"REST"},{"data":"Bash","floor":10.0,"key":"SMITH"},{"floor":15.0,"key":"REST"}],"circlet_count":0,"master_deck":["Strike_R","Strike_R","Strike_R","Strike_R","Defend_R","Defend_R","Defend_R","Defend_R","Bash+1","Second Wind","Evolve","Disarm","Pommel Strike","Burning Pact","Inflame","Wild Strike","Reaper","Pommel Strike"],"relics":["Mark of Pain","Golden Idol","Letter Opener","Kunai","Happy Flower","Art of War","Philosopher\u0027s Stone"],"acts_visited":["TheCity"],"potions_floor_usage":[18,18],"damage_taken":[{"damage":2.0,"enemies":"Jaw Worm","floor":1.0,"turns":3.0},{"damage":7.0,"enemies":"Small Slimes","floor":3.0,"turns":3.0},{"damage":0.0,"enemies":"Cultist","floor":5.0,"turns":4.0},{"damage":16.0,"enemies":"Lagavulin","floor":6.0,"turns":5.0},{"damage":1.0,"enemies":"Exordium Thugs","floor":11.0,"turns":4.0},{"damage":29.0,"enemies":"3 Sentries","floor":12.0,"turns":7.0},{"damage":2.0,"enemies":"2 Fungi Beasts","floor":13.0,"turns":4.0},{"damage":16.0,"enemies":"Lagavulin","floor":14.0,"turns":5.0},{"damage":15.0,"enemies":"Hexaghost","floor":16.0,"turns":10.0},{"damage":24,"enemies":"3 Byrds","floor":18,"turns":4},{"damage":0,"enemies":"2 Thieves","floor":20,"turns":1}],"seed_played":"-6833294172060169624","potions_obtained":[{"floor":1.0,"key":"Swift Potion"},{"floor":5.0,"key":"Strength Potion"},{"floor":6.0,"key":"Ancient Potion"},{"floor":13.0,"key":"Explosive Potion"},{"floor":16.0,"key":"DistilledChaos"},{"floor":18,"key":"Regen Potion"},{"floor":19,"key":"Regen Potion"},{"floor":19,"key":"BlessingOfTheForge"}],"is_trial":false,"path_per_floor":["M","?","M","$","M","E","?","R","T","R","M","E","M","E","R","B",null,"M","?","M"],"character_chosen":"IRONCLAD","items_purchased":["Disarm","Pommel Strike"],"campfire_rested":2,"item_purchase_floors":[4,4],"current_hp_per_floor":[78,58,51,51,51,35,35,59,59,59,58,29,27,11,35,20,80,62,62,62,62],"gold":299,"neow_bonus":"BOSS_RELIC","is_daily":false,"chose_seed":false,"campfire_upgraded":1,"win_rate":0.0,"timestamp":1613242386,"path_taken":["M","?","M","$","M","E","?","R","T","R","M","E","M","E","R","BOSS","M","?","M"],"items_purchased_type":["Card","Card"],"build_version":"2020-12-22","purchased_purges":0,"victory":false,"max_hp_per_floor":[80,80,80,80,80,80,80,80,80,80,80,80,80,80,80,80,80,80,80,80,80],"relic_stats":{"Happy Flower":[2],"counters":[2,5],"Golden Idol":5,"Art of War":[0],"Letter Opener":[15],"Kunai":[2],"obtain_stats":[{"Happy Flower":0,"Golden Idol":0,"Philosopher\u0027s Stone":17,"Mark of Pain":0,"Art of War":0,"Letter Opener":0,"Kunai":0},{"Happy Flower":0,"Golden Idol":0,"Philosopher\u0027s Stone":0,"Mark of Pain":0,"Art of War":0,"Letter Opener":0,"Kunai":0},{"Happy Flower":0,"Golden Idol":0,"Philosopher\u0027s Stone":0,"Mark of Pain":0,"Art of War":0,"Letter Opener":0,"Kunai":0}]},"card_choices":[{"not_picked":["Rupture","Cleave"],"picked":"Second Wind","floor":1.0},{"not_picked":["Thunderclap","Sever Soul"],"picked":"Evolve","floor":3.0},{"not_picked":["Searing Blow","Body Slam"],"picked":"Burning Pact","floor":5.0},{"not_picked":["Body Slam","Havoc","Flex"],"picked":"SKIP","floor":6.0},{"not_picked":["True Grit","Bloodletting"],"picked":"Inflame","floor":11.0},{"not_picked":["Cleave","Anger","Combust"],"picked":"SKIP","floor":12.0},{"not_picked":["Cleave","Anger","Combust"],"picked":"SKIP","floor":12.0},{"not_picked":["Clash","Exhume"],"picked":"Wild Strike","floor":13.0},{"not_picked":["Seeing Red","Headbutt","Sword Boomerang"],"picked":"SKIP","floor":14.0},{"not_picked":["Immolate","Impervious"],"picked":"Reaper","floor":16.0},{"not_picked":["Twin Strike","Iron Wave"],"picked":"Pommel Strike","floor":18}],"player_experience":123316,"relics_obtained":[{"floor":6.0,"key":"Letter Opener"},{"floor":9.0,"key":"Kunai"},{"floor":12.0,"key":"Happy Flower"},{"floor":14.0,"key":"Art of War"}],"event_choices":[{"damage_healed":0.0,"max_hp_gain":0.0,"max_hp_loss":0.0,"gold_gain":0.0,"event_name":"Golden Idol","player_choice":"Take Damage","floor":2.0,"gold_loss":0.0,"damage_taken":20.0,"relics_obtained":["Golden Idol"]},{"cards_removed":["Strike_R"],"damage_healed":0.0,"max_hp_gain":0.0,"max_hp_loss":0.0,"gold_gain":0.0,"event_name":"The Cleric","player_choice":"Card Removal","floor":7.0,"gold_loss":50.0,"damage_taken":0.0},{"damage_healed":0,"gold_gain":0,"player_choice":"Got Potions","damage_taken":0,"max_hp_gain":0,"max_hp_loss":0,"event_name":"Lab","floor":19,"gold_loss":0}],"is_beta":false,"boss_relics":[{"not_picked":["Tiny House","Cursed Key"],"picked":"Philosopher\u0027s Stone"}],"items_purged_floors":[],"is_endless":false,"potions_floor_spawned":[1,5,6,13,16,18],"killed_by":"2 Thieves","ascension_level":2}}