{"host":"d52brwsy6af8zvaq","time":1613259929,"event":{"mods":["AchievementEnabler","BaseMod","Bestiary","Highlight Path","Minty Spire (QoL Compilation)","Quick Restart","Relic Stats","ojb\u0027s Better Paths Mod"],"gold_per_floor":[209,226,68,68,84,84,84],"floor_reached":6,"language":"ENG","playtime":172,"items_purged":[],"score":72,"play_id":"e4fede8e-05db-4b97-92f9-117cdecc7e77","local_time":"20210213164529","is_ascension_mode":true,"campfire_choices":[],"circlet_count":0,"master_deck":["AscendersBane","Strike_B","Strike_B","Strike_B","Strike_B","Defend_B","Defend_B","Defend_B","Defend_B","Zap","Dualcast","Glacier","Sweeping Beam","Coolheaded"],"relics":["Cracked Core","Runic Capacitor","Gremlin Horn"],"acts_visited":[],"potions_floor_usage":[],"damage_taken":[{"damage":4.0,"enemies":"Jaw Worm","floor":1.0,"turns":4.0},{"damage":0.0,"enemies":"Cultist","floor":2.0,"turns":3.0},{"damage":4.0,"enemies":"Small Slimes","floor":5.0,"turns":4.0},{"damage":42,"enemies":"Gremlin Nob","floor":6,"turns":4}],"seed_played":"-8428261685260208223","potions_obtained":[{"floor":1.0,"key":"Fruit Juice"}],"is_trial":false,"path_per_floor":["M","M","$","?","M","E"],"character_chosen":"DEFECT","items_purchased":["Runic Capacitor"],"campfire_rested":0,"item_purchase_floors":[3],"current_hp_per_floor":[60,60,60,55,51,9,9],"gold":84,"neow_bonus":"HUNDRED_GOLD","is_daily":false,"chose_seed":false,"campfire_upgraded":0,"win_rate":0.0,"timestamp":1613259929,"path_taken":["M","M","$","?","M","E"],"items_purchased_type":["Relic"],"build_version":"2020-12-22","purchased_purges":0,"victory":false,"max_hp_per_floor":[71,71,71,71,71,71,71],"relic_stats":{"Gremlin Horn":[1,1],"counters":[4,15],"obtain_stats":[{"Gremlin Horn":4,"Runic Capacitor":3,"Cracked Core":0},{"Gremlin Horn":2,"Runic Capacitor":2,"Cracked Core":0},{"Gremlin Horn":7,"Runic Capacitor":7,"Cracked Core":0}]},"card_choices":[{"not_picked":["Defragment","Redo"],"picked":"Glacier","floor":1.0},{"not_picked":["Rebound","Gash"],"picked":"Sweeping Beam","floor":2.0},{"not_picked":["Blizzard","Amplify"],"picked":"Coolheaded","floor":5.0}],"player_experience":2260471,"relics_obtained":[],"event_choices":[{"damage_healed":0.0,"max_hp_gain":0.0,"max_hp_loss":0.0,"gold_gain":0.0,"event_name":"Scrap Ooze","player_choice":"Success","floor":4.0,"gold_loss":0.0,"damage_taken":5.0,"relics_obtained":["Gremlin Horn"]}],"is_beta":false,"boss_relics":[],"items_purged_floors":[],"is_endless":false,"potions_floor_spawned":[1],"killed_by":"Gremlin Nob","ascension_level":20}}