{"host":"ao8ok4k25npyixk7","time":1613223668,"event":{"mods":["BaseMod","Colored Map","Minty Spire (QoL Compilation)"],"gold_per_floor":[115,115,126,136,61,95,95,95,95,108,136,154,181,195,195,270,270,281,258,270,52,71,99,99,126,126,152,152,186,186,215,215,290,290,302,322,158,174,499,499,526,526,606,652,684,696,728,773,785,797],"floor_reached":51,"language":"ENG","playtime":2587,"items_purged":["Strike_G","Strike_G"],"score":1987,"play_id":"b2aa7e36-88ae-4dff-a24f-3cc836be57b7","local_time":"20210213144108","is_ascension_mode":true,"campfire_choices":[{"data":"Blade Dance","floor":8,"key":"SMITH"},{"floor":15,"key":"REST"},{"floor":24,"key":"REST"},{"data":"Accuracy","floor":28,"key":"SMITH"},{"data":"Envenom","floor":32,"key":"SMITH"},{"floor":40,"key":"REST"},{"data":"Adrenaline","floor":46,"key":"SMITH"},{"floor":49,"key":"REST"}],"circlet_count":0,"master_deck":["AscendersBane","Strike_G","Strike_G","Defend_G","Defend_G","Defend_G","Defend_G","Defend_G","Survivor","Neutralize","After Image","Leg Sweep+1","Blade Dance+1","Blade Dance","Blade Dance","Infinite Blades","Adrenaline","Infinite Blades","Deflect+1","Infinite Blades","Accuracy+1","Terror","Outmaneuver","Blur","Envenom+1","Adrenaline+1","Die Die Die","Accuracy+1","Calculated Gamble","Cloak And Dagger+1","PiercingWail+1","Deflect+1"],"relics":["Ring of the Snake","Calipers","Ornamental Fan","Mercury Hourglass","PreservedInsect","Gambling Chip","Black Star","Orichalcum","Incense Burner","Meat on the Bone","Letter Opener","StrikeDummy","Snake Skull","Regal Pillow","TungstenRod","Matryoshka","Happy Flower","Blue Candle","Sozu","DollysMirror","Old Coin","White Beast Statue","InkBottle","MawBank","Question Card","Molten Egg 2","Ancient Tea Set","Girya","MealTicket","StoneCalendar","Blood Vial"],"acts_visited":["Exordium","TheCity","TheBeyond"],"potions_floor_usage":[6,13,47],"damage_taken":[{"damage":1,"enemies":"Small Slimes","floor":1,"turns":5},{"damage":4,"enemies":"Jaw Worm","floor":3,"turns":7},{"damage":4,"enemies":"Cultist","floor":4,"turns":6},{"damage":21,"enemies":"Gremlin Nob","floor":6,"turns":6},{"damage":4,"enemies":"Lots of Slimes","floor":10,"turns":3},{"damage":2,"enemies":"3 Sentries","floor":11,"turns":6},{"damage":0,"enemies":"Gremlin Gang","floor":12,"turns":4},{"damage":0,"enemies":"Gremlin Nob","floor":13,"turns":3},{"damage":0,"enemies":"Blue Slaver","floor":14,"turns":3},{"damage":10,"enemies":"Slime Boss","floor":16,"turns":10},{"damage":5,"enemies":"Spheric Guardian","floor":18,"turns":4},{"damage":0,"enemies":"2 Thieves","floor":19,"turns":4},{"damage":4,"enemies":"Centurion and Healer","floor":20,"turns":7},{"damage":18,"enemies":"Snecko","floor":22,"turns":5},{"damage":12,"enemies":"Gremlin Leader","floor":23,"turns":5},{"damage":13,"enemies":"Book of Stabbing","floor":25,"turns":5},{"damage":0,"enemies":"Gremlin Leader","floor":27,"turns":4},{"damage":10,"enemies":"Book of Stabbing","floor":29,"turns":3},{"damage":0,"enemies":"Gremlin Leader","floor":31,"turns":6},{"damage":0,"enemies":"Automaton","floor":33,"turns":6},{"damage":0,"enemies":"3 Shapes","floor":35,"turns":3},{"damage":26,"enemies":"3 Darklings","floor":36,"turns":4},{"damage":21,"enemies":"Jaw Worm Horde","floor":38,"turns":6},{"damage":0,"enemies":"Mind Bloom Boss Battle","floor":39,"turns":3},{"damage":4,"enemies":"Giant Head","floor":41,"turns":5},{"damage":0,"enemies":"Reptomancer","floor":44,"turns":4},{"damage":15,"enemies":"Sphere and 2 Shapes","floor":45,"turns":4},{"damage":3,"enemies":"Transient","floor":47,"turns":6},{"damage":19,"enemies":"Nemesis","floor":48,"turns":5},{"damage":18,"enemies":"Awakened One","floor":50,"turns":11}],"seed_played":"-4957048740380821817","potions_obtained":[{"floor":1,"key":"Poison Potion"},{"floor":4,"key":"FairyPotion"},{"floor":12,"key":"Fruit Juice"},{"floor":13,"key":"EntropicBrew"}],"is_trial":false,"path_per_floor":["M","?","M","M","$","E","T","R","T","M","E","M","E","M","R","B",null,"M","M","M","$","M","E","R","E","T","E","R","E","?","E","R","B",null,"M","M","$","M","?","R","E","T","T","E","M","R","M","E","R","B",null],"character_chosen":"THE_SILENT","items_purchased":["Accuracy","Terror","DollysMirror"],"campfire_rested":4,"item_purchase_floors":[21,21,37],"current_hp_per_floor":[58,58,54,50,50,29,29,29,29,25,23,23,28,28,47,37,58,53,53,49,49,31,19,38,25,25,37,37,39,39,39,39,39,59,59,33,33,24,36,65,61,61,61,61,46,46,43,36,65,47],"gold":809,"neow_bonus":"THREE_RARE_CARDS","is_daily":false,"chose_seed":false,"campfire_upgraded":4,"win_rate":0.0,"timestamp":1613223668,"path_taken":["M","?","M","M","$","E","?","R","T","M","E","M","E","M","R","BOSS","M","M","M","$","M","E","R","E","T","E","R","E","?","E","R","BOSS","M","?","$","?","?","R","E","?","T","E","M","R","M","E","R","BOSS"],"items_purchased_type":["Card","Card","Relic"],"build_version":"2020-12-22","purchased_purges":2,"victory":true,"max_hp_per_floor":[60,60,60,60,60,60,60,60,60,60,60,60,65,65,65,65,65,65,65,65,65,65,65,65,65,65,65,65,65,65,65,65,65,65,65,65,65,65,65,65,65,65,65,65,65,65,65,65,65,65],"card_choices":[{"not_picked":["Adrenaline","Bullet Time"],"picked":"After Image","floor":0},{"not_picked":["Poisoned Stab","Infinite Blades"],"picked":"Leg Sweep","floor":1},{"not_picked":["Bane","Slice","Poisoned Stab"],"picked":"SKIP","floor":3},{"not_picked":["Quick Slash","Sucker Punch","PiercingWail"],"picked":"SKIP","floor":4},{"not_picked":["Predator","After Image"],"picked":"Blade Dance","floor":6},{"not_picked":["Poisoned Stab","Masterful Stab"],"picked":"Blade Dance","floor":10},{"not_picked":["Noxious Fumes","Dash","Bane"],"picked":"SKIP","floor":11},{"not_picked":["Backflip","Adrenaline"],"picked":"Blade Dance","floor":12},{"not_picked":["Flechettes","Outmaneuver","Deadly Poison"],"picked":"SKIP","floor":13},{"not_picked":["Slice","Noxious Fumes"],"picked":"Infinite Blades","floor":14},{"not_picked":["Storm of Steel","Malaise"],"picked":"Adrenaline","floor":16},{"not_picked":["Finisher","Dodge and Roll"],"picked":"Infinite Blades","floor":18},{"not_picked":["Underhanded Strike+1","Dash"],"picked":"Deflect+1","floor":19},{"not_picked":["Dagger Spray","Predator"],"picked":"Infinite Blades","floor":20},{"not_picked":["Bouncing Flask","Masterful Stab","Outmaneuver"],"picked":"SKIP","floor":22},{"not_picked":["Deadly Poison","Crippling Poison"],"picked":"Outmaneuver","floor":23},{"not_picked":["Malaise","Dodge and Roll"],"picked":"Blur","floor":25},{"not_picked":["Footwork","Tactician","Well Laid Plans"],"picked":"SKIP","floor":27},{"not_picked":["Distraction","Well Laid Plans"],"picked":"Envenom","floor":29},{"not_picked":["Well Laid Plans","Bane"],"picked":"Adrenaline","floor":31},{"not_picked":["A Thousand Cuts","Night Terror"],"picked":"Die Die Die","floor":33},{"not_picked":["PiercingWail","Bane+1","Underhanded Strike"],"picked":"SKIP","floor":35},{"not_picked":["Bane+1","Flying Knee","Blur"],"picked":"SKIP","floor":36},{"not_picked":["Bouncing Flask","Endless Agony"],"picked":"Calculated Gamble","floor":38},{"not_picked":["Acrobatics","A Thousand Cuts"],"picked":"Cloak And Dagger+1","floor":41},{"not_picked":["Dagger Spray+1","Sucker Punch+1","Riddle With Holes+1"],"picked":"PiercingWail+1","floor":44},{"not_picked":["Glass Knife+1","Backflip","Dodge and Roll+1","Bouncing Flask+1"],"picked":"SKIP","floor":45},{"not_picked":["Slice+1","Accuracy","Prepared"],"picked":"Deflect+1","floor":47},{"not_picked":["Bane+1","Flechettes+1","Prepared","Crippling Poison"],"picked":"SKIP","floor":48}],"player_experience":266533,"relics_obtained":[{"floor":6,"key":"Calipers"},{"floor":7,"key":"Ornamental Fan"},{"floor":9,"key":"Mercury Hourglass"},{"floor":11,"key":"PreservedInsect"},{"floor":13,"key":"Gambling Chip"},{"floor":23,"key":"Orichalcum"},{"floor":23,"key":"Incense Burner"},{"floor":25,"key":"Meat on the Bone"},{"floor":25,"key":"Letter Opener"},{"floor":26,"key":"StrikeDummy"},{"floor":27,"key":"Snake Skull"},{"floor":27,"key":"Regal Pillow"},{"floor":29,"key":"TungstenRod"},{"floor":29,"key":"Matryoshka"},{"floor":31,"key":"Happy Flower"},{"floor":31,"key":"Blue Candle"},{"floor":39,"key":"Old Coin"},{"floor":41,"key":"White Beast Statue"},{"floor":41,"key":"InkBottle"},{"floor":42,"key":"MawBank"},{"floor":42,"key":"Question Card"},{"floor":43,"key":"Molten Egg 2"},{"floor":43,"key":"Ancient Tea Set"},{"floor":44,"key":"Girya"},{"floor":44,"key":"MealTicket"},{"floor":48,"key":"StoneCalendar"},{"floor":48,"key":"Blood Vial"}],"event_choices":[{"damage_healed":0,"gold_gain":0,"player_choice":"Grow","damage_taken":0,"max_hp_gain":0,"max_hp_loss":0,"event_name":"Living Wall","floor":2,"gold_loss":0,"cards_upgraded":["Leg Sweep"]},{"cards_removed":["Strike_G"],"damage_healed":0,"gold_gain":0,"player_choice":"Card Removal","damage_taken":0,"max_hp_gain":0,"max_hp_loss":0,"event_name":"Wheel of Change","floor":30,"gold_loss":0},{"damage_healed":0,"gold_gain":0,"player_choice":"Fight","damage_taken":0,"max_hp_gain":0,"max_hp_loss":0,"event_name":"MindBloom","floor":39,"gold_loss":0}],"is_beta":false,"boss_relics":[{"not_picked":["Ectoplasm","Fusion Hammer"],"picked":"Black Star"},{"not_picked":["Velvet Choker","Ring of the Serpent"],"picked":"Sozu"}],"items_purged_floors":[5,21],"is_endless":false,"potions_floor_spawned":[1,4,12,13,14,16,18,20,31,33,36,39,44,45,47,48],"ascension_level":19}}