{"host":"08xvxt5w1s7zc7e5","time":1613233041,"event":{"mods":["AchievementEnabler","BaseMod","DeckTracker","Minty Spire (QoL Compilation)","StSLib","SuperFastMode"],"gold_per_floor":[118,133,145,30,30,59,77,77,102,119,44,56,76,96,96,192,192,178,0,0,12,32,32,32,48,48,60,60,74,27,41,41,137,137,149,149,164,180,228,228,228,228,228],"floor_reached":42,"language":"KOR","playtime":1844,"items_purged":["Strike_G","Strike_G"],"score":467,"play_id":"faf6ab33-4ad0-4296-8514-7bcf46ef7abd","local_time":"20210214011721","is_ascension_mode":true,"campfire_choices":[{"data":"Neutralize","floor":8.0,"key":"SMITH"},{"data":"Footwork","floor":15.0,"key":"SMITH"},{"data":"Well Laid Plans","floor":23.0,"key":"SMITH"},{"floor":32,"key":"REST"},{"data":"After Image","floor":40,"key":"SMITH"}],"circlet_count":0,"master_deck":["Defend_G","Defend_G","Defend_G","Defend_G","Defend_G","Survivor","Neutralize+1","PiercingWail","Blade Dance","Poisoned Stab","Escape Plan","Footwork+1","Well Laid Plans+1","Deadly Poison","Deflect","Backflip","Die Die Die","Bouncing Flask+1","Noxious Fumes","Backflip","Necronomicurse","Blur","Backflip","After Image+1","Underhanded Strike+1","Quick Slash+1","Flying Knee+1","Caltrops+1"],"relics":["Ring of the Snake","NeowsBlessing","Strawberry","Art of War","Philosopher\u0027s Stone","Necronomicon","Bottled Lightning","Astrolabe","WingedGreaves"],"acts_visited":["Exordium","TheCity","TheBeyond"],"potions_floor_usage":[31,33,39],"damage_taken":[{"damage":0.0,"enemies":"Cultist","floor":1.0,"turns":1.0},{"damage":0.0,"enemies":"Small Slimes","floor":2.0,"turns":1.0},{"damage":0.0,"enemies":"Jaw Worm","floor":3.0,"turns":1.0},{"damage":23.0,"enemies":"Lagavulin","floor":6.0,"turns":8.0},{"damage":8.0,"enemies":"Lots of Slimes","floor":7.0,"turns":6.0},{"damage":0.0,"enemies":"3 Louse","floor":10.0,"turns":4.0},{"damage":4.0,"enemies":"Exordium Wildlife","floor":12.0,"turns":5.0},{"damage":0.0,"enemies":"Blue Slaver","floor":13.0,"turns":4.0},{"damage":8.0,"enemies":"3 Louse","floor":14.0,"turns":4.0},{"damage":13.0,"enemies":"Hexaghost","floor":16.0,"turns":11.0},{"damage":21.0,"enemies":"2 Thieves","floor":18.0,"turns":4.0},{"damage":2.0,"enemies":"Spheric Guardian","floor":21.0,"turns":3.0},{"damage":7.0,"enemies":"Snake Plant","floor":22.0,"turns":4.0},{"damage":1.0,"enemies":"Shelled Parasite and Fungi","floor":25.0,"turns":5.0},{"damage":17.0,"enemies":"Cultist and Chosen","floor":27.0,"turns":6.0},{"damage":12.0,"enemies":"Sentry and Sphere","floor":29.0,"turns":7.0},{"damage":0,"enemies":"Snecko","floor":31,"turns":4},{"damage":9,"enemies":"Champ","floor":33,"turns":14},{"damage":2,"enemies":"3 Darklings","floor":35,"turns":6},{"damage":0,"enemies":"3 Shapes","floor":37,"turns":8},{"damage":16,"enemies":"Maw","floor":38,"turns":8},{"damage":43,"enemies":"2 Orb Walkers","floor":39,"turns":6},{"damage":45,"enemies":"3 Darklings","floor":42,"turns":7}],"seed_played":"-4515087934266338925","potions_obtained":[{"floor":2.0,"key":"DistilledChaos"},{"floor":12.0,"key":"PowerPotion"},{"floor":13.0,"key":"CunningPotion"},{"floor":14.0,"key":"SpeedPotion"},{"floor":21.0,"key":"Block Potion"},{"floor":22.0,"key":"DuplicationPotion"},{"floor":25.0,"key":"ColorlessPotion"},{"floor":29.0,"key":"Dexterity Potion"},{"floor":31,"key":"SteroidPotion"},{"floor":35,"key":"Energy Potion"},{"floor":38,"key":"FairyPotion"}],"is_trial":false,"path_per_floor":["M","M","M","$","?","E","M","R","T","M","$","M","M","M","R","B",null,"M","$","?","M","M","R","?","M","T","M","$","M","$","M","R","B",null,"M","$","M","M","?","R","?","M"],"character_chosen":"THE_SILENT","items_purchased":["Escape Plan","Footwork","Noxious Fumes","Backflip"],"campfire_rested":1,"item_purchase_floors":[4,4,19,30],"current_hp_per_floor":[70,70,70,70,70,54,46,46,46,46,46,42,42,34,34,21,77,56,56,56,54,47,47,31,30,30,13,13,1,1,1,24,15,77,75,75,75,59,16,16,16,0,0],"gold":228,"neow_bonus":"THREE_ENEMY_KILL","is_daily":false,"chose_seed":false,"campfire_upgraded":4,"win_rate":0.0,"timestamp":1613233041,"path_taken":["M","?","M","$","?","E","M","R","T","M","?","M","?","M","R","BOSS","M","$","?","M","M","R","?","M","T","M","?","M","$","M","R","BOSS","M","$","M","M","?","R","?","M"],"items_purchased_type":["Card","Card","Card","Card"],"build_version":"2020-12-22","purchased_purges":2,"victory":false,"max_hp_per_floor":[70,70,70,70,70,77,77,77,77,77,77,77,77,77,77,77,77,77,77,77,77,77,77,77,77,77,77,77,77,77,77,77,77,77,77,77,77,77,77,77,77,77,77],"card_choices":[{"not_picked":["Underhanded Strike","Skewer"],"picked":"PiercingWail","floor":1.0},{"not_picked":["Eviscerate","Accuracy"],"picked":"Blade Dance","floor":2.0},{"not_picked":["Dodge and Roll","Doppelganger"],"picked":"Poisoned Stab","floor":3.0},{"not_picked":["Outmaneuver","Endless Agony"],"picked":"Well Laid Plans","floor":6.0},{"not_picked":["Setup","Distraction","Dagger Throw"],"picked":"SKIP","floor":7.0},{"not_picked":["Poisoned Stab","Sucker Punch","Tools of the Trade"],"picked":"SKIP","floor":10.0},{"not_picked":["Endless Agony","Quick Slash"],"picked":"Deadly Poison","floor":12.0},{"not_picked":["Masterful Stab","Prepared"],"picked":"Deflect","floor":13.0},{"not_picked":["Outmaneuver","Escape Plan"],"picked":"Backflip","floor":14.0},{"not_picked":["Envenom","Bullet Time"],"picked":"Die Die Die","floor":16.0},{"not_picked":["Deflect","Dash"],"picked":"Bouncing Flask+1","floor":18.0},{"not_picked":["Slice+1","Distraction+1"],"picked":"Backflip","floor":21.0},{"not_picked":["Dagger Spray","Well Laid Plans","Riddle With Holes"],"picked":"SKIP","floor":22.0},{"not_picked":["Blade Dance+1","Expertise","Quick Slash"],"picked":"SKIP","floor":25.0},{"not_picked":["Bane+1","Dagger Spray","Poisoned Stab"],"picked":"SKIP","floor":27.0},{"not_picked":["Infinite Blades","Skewer"],"picked":"Blur","floor":29.0},{"not_picked":["Concentrate","Deadly Poison","Outmaneuver"],"picked":"SKIP","floor":31},{"not_picked":["Tools of the Trade","Night Terror"],"picked":"After Image","floor":33},{"not_picked":["Blade Dance+1","Prepared","Cloak And Dagger"],"picked":"SKIP","floor":35},{"not_picked":["Deflect+1","Flying Knee","Accuracy+1"],"picked":"SKIP","floor":37},{"not_picked":["Escape Plan","Sucker Punch"],"picked":"Caltrops+1","floor":38},{"not_picked":["Deadly Poison","Crippling Poison"],"picked":"Poisoned Stab+1","floor":39}],"player_experience":355982,"relics_obtained":[{"floor":6.0,"key":"Strawberry"},{"floor":9.0,"key":"Art of War"},{"floor":24.0,"key":"Necronomicon"},{"floor":26.0,"key":"Bottled Lightning"},{"floor":39,"key":"WingedGreaves"}],"event_choices":[{"damage_healed":0.0,"max_hp_gain":0.0,"max_hp_loss":0.0,"gold_gain":0.0,"event_name":"Liars Game","player_choice":"Ignored","floor":5.0,"gold_loss":0.0,"damage_taken":0.0},{"damage_healed":0.0,"max_hp_gain":0.0,"max_hp_loss":0.0,"gold_gain":0.0,"event_name":"Vampires","player_choice":"Ignored","floor":20.0,"gold_loss":0.0,"damage_taken":0.0},{"damage_healed":0.0,"max_hp_gain":0.0,"max_hp_loss":0.0,"gold_gain":0.0,"event_name":"Cursed Tome","player_choice":"Obtained Book","floor":24.0,"gold_loss":0.0,"damage_taken":16.0},{"damage_healed":0,"gold_gain":0,"player_choice":"Fight","damage_taken":0,"max_hp_gain":0,"max_hp_loss":0,"event_name":"Mysterious Sphere","floor":39,"gold_loss":0},{"cards_removed":["Poisoned Stab"],"damage_healed":0,"gold_gain":0,"player_choice":"Removed Attack","damage_taken":0,"max_hp_gain":0,"max_hp_loss":0,"event_name":"Falling","floor":41,"gold_loss":0}],"is_beta":false,"boss_relics":[{"not_picked":["Busted Crown","Tiny House"],"picked":"Philosopher\u0027s Stone"},{"not_picked":["SlaversCollar","Snecko Eye"],"picked":"Astrolabe"}],"items_purged_floors":[11,19],"is_endless":false,"potions_floor_spawned":[2,12,13,14,21,22,25,29,31,35,38],"killed_by":"3 Darklings","ascension_level":3}}