{"host":"y4mx56vxqys6xwyn","time":1613249407,"event":{"mods":["BaseMod","Hermit","Minty Spire (QoL Compilation)","StSLib"],"gold_per_floor":[113,113,18,93,143,172,182,195,222,239,265,265,291,307,307,408,408,428,428,445,445,462,462,462],"floor_reached":23,"language":"ENG","playtime":2452,"items_purged":[],"score":236,"play_id":"00422443-118e-4c88-aee7-e7725a73d791","local_time":"20210213145007","is_ascension_mode":false,"campfire_choices":[{"floor":12,"key":"REST"},{"floor":15,"key":"REST"}],"circlet_count":0,"master_deck":["Defend_R","Defend_R","Defend_R","Bash","Power Through","Clothesline","Intimidate","Warcry","Jack Of All Trades","Power Through","Pommel Strike","Armaments","Barricade","Headbutt","Combust","Body Slam","Juggernaut","CurseOfTheBell","Pommel Strike","Anger+1","Bite","Bite","Bite","Bite","Bite","Metallicize+1"],"relics":["Burning Blood","Oddly Smooth Stone","Potion Belt","Juzu Bracelet","Paper Frog","Orichalcum","Calling Bell","Anchor","Mummified Hand","Gambling Chip","CultistMask"],"acts_visited":["Exordium","TheCity"],"potions_floor_usage":[11,13,23],"damage_taken":[{"damage":12,"enemies":"Jaw Worm","floor":1,"turns":5},{"damage":7,"enemies":"Lagavulin","floor":6,"turns":12},{"damage":9,"enemies":"Cultist","floor":7,"turns":5},{"damage":0,"enemies":"Small Slimes","floor":8,"turns":3},{"damage":8,"enemies":"Blue Slaver","floor":10,"turns":4},{"damage":6,"enemies":"3 Sentries","floor":11,"turns":13},{"damage":53,"enemies":"Gremlin Nob","floor":13,"turns":8},{"damage":2,"enemies":"Lots of Slimes","floor":14,"turns":2},{"damage":27,"enemies":"Hexaghost","floor":16,"turns":12},{"damage":3,"enemies":"Shell Parasite","floor":18,"turns":7},{"damage":27,"enemies":"3 Byrds","floor":20,"turns":5},{"damage":26,"enemies":"Snake Plant","floor":22,"turns":7},{"damage":46,"enemies":"Gremlin Leader","floor":23,"turns":4}],"seed_played":"-2715502742993721648","potions_obtained":[{"floor":6,"key":"DuplicationPotion"},{"floor":8,"key":"DistilledChaos"},{"floor":10,"key":"DistilledChaos"}],"is_trial":false,"path_per_floor":["M","?","$","?","T","E","M","M","T","M","E","R","E","M","R","B",null,"M","?","M","?","M","E"],"character_chosen":"IRONCLAD","items_purchased":["Jack Of All Trades"],"campfire_rested":2,"item_purchase_floors":[3],"current_hp_per_floor":[66,66,66,55,55,54,51,57,57,55,55,72,25,29,50,29,72,72,72,51,50,39,0,0],"gold":462,"neow_bonus":"TRANSFORM_TWO_CARDS","is_daily":false,"chose_seed":false,"campfire_upgraded":0,"win_rate":0.0,"timestamp":1613249407,"path_taken":["M","?","?","?","?","E","?","M","T","M","E","R","E","M","R","BOSS","M","?","M","?","M","E"],"items_purchased_type":["Card"],"build_version":"2020-12-22","purchased_purges":0,"victory":false,"max_hp_per_floor":[72,72,72,72,72,72,72,72,72,72,72,72,72,72,72,72,72,72,72,72,50,50,50,50],"card_choices":[{"not_picked":["Clothesline","Twin Strike"],"picked":"Intimidate","floor":1},{"not_picked":["Headbutt","Flex"],"picked":"Power Through","floor":6},{"not_picked":["Flex","Cleave"],"picked":"Pommel Strike","floor":7},{"not_picked":["Heavy Blade","Disarm"],"picked":"Armaments","floor":8},{"not_picked":["Disarm","Twin Strike"],"picked":"Barricade","floor":10},{"not_picked":["Pommel Strike","Carnage"],"picked":"Headbutt","floor":11},{"not_picked":["Intimidate","Thunderclap"],"picked":"Combust","floor":13},{"not_picked":["Heavy Blade","Headbutt"],"picked":"Body Slam","floor":14},{"not_picked":["Bludgeon","Demon Form"],"picked":"Juggernaut","floor":16},{"not_picked":["Twin Strike","Rampage"],"picked":"Pommel Strike","floor":18},{"not_picked":["Flex+1","Warcry"],"picked":"Anger+1","floor":20},{"not_picked":["Searing Blow","Wild Strike"],"picked":"Metallicize+1","floor":22}],"player_experience":18718,"relics_obtained":[{"floor":5,"key":"Oddly Smooth Stone"},{"floor":6,"key":"Potion Belt"},{"floor":9,"key":"Juzu Bracelet"},{"floor":11,"key":"Paper Frog"},{"floor":13,"key":"Orichalcum"},{"floor":17,"key":"Anchor"},{"floor":17,"key":"Mummified Hand"},{"floor":17,"key":"Gambling Chip"}],"event_choices":[{"damage_healed":0,"gold_gain":0,"cards_transformed":["Strike_R"],"player_choice":"Transformed","damage_taken":0,"max_hp_gain":0,"max_hp_loss":0,"event_name":"Transmorgrifier","floor":2,"gold_loss":0,"cards_obtained":["Warcry"]},{"damage_healed":0,"gold_gain":75,"player_choice":"Gather Gold","damage_taken":11,"max_hp_gain":0,"max_hp_loss":0,"event_name":"World of Goop","floor":4,"gold_loss":0},{"damage_healed":0,"gold_gain":0,"player_choice":"Trade","damage_taken":0,"relics_obtained":["CultistMask"],"max_hp_gain":0,"max_hp_loss":0,"event_name":"FaceTrader","floor":19,"gold_loss":0},{"damage_healed":0,"gold_gain":0,"player_choice":"Became a vampire","damage_taken":0,"max_hp_gain":0,"max_hp_loss":22,"event_name":"Vampires","floor":21,"gold_loss":0,"cards_obtained":["Bite","Bite","Bite","Bite","Bite"]}],"is_beta":false,"boss_relics":[{"not_picked":["Snecko Eye","Empty Cage"],"picked":"Calling Bell"}],"items_purged_floors":[],"is_endless":false,"potions_floor_spawned":[6,8,10],"killed_by":"Gremlin Leader","ascension_level":0}}