{"host":"xumidyqji6pg2yy3","time":1613224349,"event":{"mods":["BaseMod","Minty Spire (QoL Compilation)","StSLib","[功能]功能增强和修复MOD","noobMod","篝火指南"],"gold_per_floor":[118,129,104,279,269,269,269,264,264,284,279,305,305,325,325,434,434,447,464,479,489,487,487,487,487,511,511,536,536,636,652,652,755,755,765,778,778,797,806,806,836,836,836,873,877,877,901,912,916,916,916,920,920,952,952],"floor_reached":56,"language":"ZHS","playtime":2391,"items_purged":["Defend_P","Defend_P","Defend_P","Strike_P","Defend_P","Doubt","Strike_P","Strike_P","Strike_P","BowlingBash","SashWhip","FlyingSleeves","Brilliance","Vigilance+1","FlurryOfBlows+1","Consecrate+1"],"score":1671,"play_id":"bde67680-e049-4af8-896d-3e98ef804b0e","local_time":"20210213215229","is_ascension_mode":false,"campfire_choices":[{"data":"Eruption","floor":6.0,"key":"SMITH"},{"data":"FlurryOfBlows","floor":23.0,"key":"SMITH"},{"data":"MentalFortress","floor":25.0,"key":"SMITH"},{"data":"Vigilance","floor":27.0,"key":"SMITH"},{"floor":32.0,"key":"RECALL"}],"circlet_count":0,"master_deck":["Eruption+1","MentalFortress+1","Adaptation+1","Adaptation+1","InnerPeace","PathToVictory","PathToVictory"],"relics":["ice","VioletLotus","Du-Vu Doll","Ancient Tea Set","HandDrill","PreservedInsect","Shuriken","Sling","Ginger","Pen Nib","Dream Catcher","HornCleat","Toolbox","CeramicFish","Eternal Feather","Lantern","Lee\u0027s Waffle","Letter Opener","Akabeko","Medical Kit","Mummified Hand","Happy Flower","Orrery","Ornamental Fan","Bottled Flame","Tiny Chest","Kunai","InkBottle","Damaru","TheAbacus","Black Star","Shovel","Bag of Preparation","Frozen Eye","Oddly Smooth Stone","Peace Pipe","DollysMirror","Meat on the Bone","Potion Belt","ClockworkSouvenir","Bag of Marbles","Orichalcum","Blood Vial","Sundial","Membership Card","Bottled Tornado","Pantograph","Mercury Hourglass","Bronze Scales","Darkstone Periapt","Chemical X","Juzu Bracelet","White Beast Statue","Vajra","StrikeDummy","Anchor","PrismaticShard","Strawberry","Pear","OrangePellets","TeardropLocket","Gremlin Horn"],"acts_visited":["Exordium","TheCity","TheBeyond","TheEnding"],"potions_floor_usage":[55,55,55,55,55,55,55,55,55,55],"damage_taken":[{"damage":12.0,"enemies":"Cultist","floor":1.0,"turns":3.0},{"damage":22.0,"enemies":"Jaw Worm","floor":2.0,"turns":2.0},{"damage":0.0,"enemies":"2 Louse","floor":10.0,"turns":1.0},{"damage":2.0,"enemies":"3 Sentries","floor":12.0,"turns":2.0},{"damage":0.0,"enemies":"Lots of Slimes","floor":14.0,"turns":1.0},{"damage":0.0,"enemies":"Slime Boss","floor":16.0,"turns":3.0},{"damage":0.0,"enemies":"Shell Parasite","floor":18.0,"turns":1.0},{"damage":0.0,"enemies":"Chosen","floor":19.0,"turns":3.0},{"damage":0.0,"enemies":"Snecko","floor":20.0,"turns":2.0},{"damage":0.0,"enemies":"Snake Plant","floor":21.0,"turns":1.0},{"damage":0.0,"enemies":"Slavers","floor":28.0,"turns":1.0},{"damage":0.0,"enemies":"3 Cultists","floor":31.0,"turns":1.0},{"damage":0.0,"enemies":"Automaton","floor":33.0,"turns":1.0},{"damage":0.0,"enemies":"3 Darklings","floor":35.0,"turns":1.0},{"damage":0.0,"enemies":"Orb Walker","floor":36.0,"turns":1.0},{"damage":0.0,"enemies":"Writhing Mass","floor":38.0,"turns":1.0},{"damage":0.0,"enemies":"Reptomancer","floor":41.0,"turns":1.0},{"damage":0.0,"enemies":"Nemesis","floor":44.0,"turns":1.0},{"damage":0.0,"enemies":"3 Darklings","floor":48.0,"turns":1.0},{"damage":0.0,"enemies":"Donu and Deca","floor":50.0,"turns":1.0},{"damage":0.0,"enemies":"Shield and Spear","floor":54.0,"turns":1.0},{"damage":0,"enemies":"The Heart","floor":55,"turns":3}],"seed_played":"-4387214047236755782","potions_obtained":[{"floor":1.0,"key":"BlessingOfTheForge"},{"floor":2.0,"key":"SkillPotion"},{"floor":2.0,"key":"SpeedPotion"},{"floor":12.0,"key":"Weak Potion"},{"floor":16.0,"key":"PowerPotion"},{"floor":20.0,"key":"DistilledChaos"},{"floor":31.0,"key":"SteroidPotion"},{"floor":41.0,"key":"EntropicBrew"},{"floor":41.0,"key":"GamblersBrew"},{"floor":48.0,"key":"Strength Potion"}],"is_trial":false,"path_per_floor":["M","M","$","?","$","R","?","R","T","M","R","E","$","M","R","B",null,"M","M","M","M","$","R","$","R","T","R","E","R","?","M","R","B",null,"M","M","$","M","$","R","E","R","T","E","R","?","T","M","R","B",null,"R","$","E","B",null],"character_chosen":"WATCHER","items_purchased":["MentalFortress","Du-Vu Doll","Ancient Tea Set","HandDrill","BowlingBash","PreservedInsect","Shuriken","Sling","Ginger","Pen Nib","SashWhip","Dream Catcher","HornCleat","Toolbox","FlyingSleeves","Eternal Feather","Lantern","Lee\u0027s Waffle","Letter Opener","Akabeko","Medical Kit","Mummified Hand","Happy Flower","Orrery","FlurryOfBlows","Ornamental Fan","Bottled Flame","InkBottle","Damaru","TheAbacus","Shovel","Bag of Preparation","Frozen Eye","Oddly Smooth Stone","Peace Pipe","DollysMirror","DuplicationPotion","Meat on the Bone","Potion Belt","ClockworkSouvenir","Blood Vial","Sundial","Membership Card","Bronze Scales","Darkstone Periapt","Chemical X","InnerPeace","Fruit Juice","White Beast Statue","Vajra","PathToVictory","PathToVictory","StrikeDummy","Anchor","PrismaticShard","Strawberry","Pear","OrangePellets"],"campfire_rested":0,"item_purchase_floors":[3,3,3,3,5,5,5,5,8,8,8,11,11,11,11,13,13,13,15,15,15,22,22,22,22,24,24,29,29,29,37,37,37,39,39,39,39,40,40,40,42,42,42,45,45,45,45,45,49,49,49,52,52,52,52,53,53,53],"current_hp_per_floor":[60,38,38,38,38,38,38,38,38,38,38,36,79,79,79,79,79,79,79,79,79,79,79,79,79,79,79,79,79,79,79,79,79,79,79,79,79,79,79,79,79,79,79,79,84,84,84,84,84,84,84,84,101,101,101],"gold":952,"neow_bonus":"BOSS_RELIC","is_daily":false,"chose_seed":false,"campfire_upgraded":4,"win_rate":0.0,"timestamp":1613224349,"path_taken":["M","M","$","?","$","R","?","R","T","M","R","E","$","M","R","BOSS","M","M","M","M","$","R","$","R","T","R","E","R","?","M","R","BOSS","M","?","$","M","$","R","E","R","T","E","R","?","?","M","R","BOSS","R","$","E","BOSS"],"items_purchased_type":["Card","Relic","Relic","Relic","Card","Relic","Relic","Relic","Relic","Relic","Card","Relic","Relic","Relic","Card","Relic","Relic","Relic","Relic","Relic","Relic","Relic","Relic","Relic","Card","Relic","Relic","Relic","Relic","Relic","Relic","Relic","Relic","Relic","Relic","Relic","Potion","Relic","Relic","Relic","Relic","Relic","Relic","Relic","Relic","Relic","Card","Potion","Relic","Relic","Card","Card","Relic","Relic","Relic","Relic","Relic","Relic"],"build_version":"2020-12-22","purchased_purges":16,"victory":true,"max_hp_per_floor":[72,72,72,72,72,72,72,72,72,72,72,72,79,79,79,79,79,79,79,79,79,79,79,79,79,79,79,79,79,79,79,79,79,79,79,79,79,79,79,79,79,79,79,79,84,84,84,84,84,84,84,84,101,101,101],"card_choices":[{"not_picked":["JustLucky","Indignation","BowlingBash"],"picked":"SKIP","floor":1.0},{"not_picked":["BattleHymn","WaveOfTheHand","EmptyBody"],"picked":"SKIP","floor":2.0},{"not_picked":["SandsOfTime","EmptyFist","Fasting2"],"picked":"SKIP","floor":10.0},{"not_picked":["ReachHeaven","Fasting2","Worship"],"picked":"SKIP","floor":12.0},{"not_picked":["Collect","JustLucky","Crescendo"],"picked":"SKIP","floor":14.0},{"not_picked":["SpiritShield","Judgement"],"picked":"Brilliance","floor":16.0},{"not_picked":["WindmillStrike+1","Pray","EmptyMind"],"picked":"SKIP","floor":18.0},{"not_picked":["Prostrate","ClearTheMind","Crescendo+1"],"picked":"SKIP","floor":19.0},{"not_picked":["Consecrate","FollowUp","CutThroughFate"],"picked":"SKIP","floor":20.0},{"not_picked":["CrushJoints","Protect","SashWhip"],"picked":"SKIP","floor":21.0},{"not_picked":["EmptyBody","InnerPeace"],"picked":"Adaptation+1","floor":22.0},{"not_picked":["EmptyMind","Protect+1","ClearTheMind"],"picked":"SKIP","floor":28.0},{"not_picked":["Study","Brilliance","ThirdEye"],"picked":"SKIP","floor":31.0},{"not_picked":["Study","Brilliance","ThirdEye"],"picked":"SKIP","floor":31.0},{"not_picked":["Prostrate+1","TalkToTheHand+1","ThirdEye+1"],"picked":"SKIP","floor":35.0},{"not_picked":["FlurryOfBlows+1","Perseverance+1","WaveOfTheHand"],"picked":"SKIP","floor":36.0},{"not_picked":["FlyingSleeves+1","EmptyMind","Crescendo+1"],"picked":"SKIP","floor":38.0},{"not_picked":["WaveOfTheHand","Collect+1","CutThroughFate"],"picked":"SKIP","floor":41.0},{"not_picked":["EmptyMind","SashWhip+1"],"picked":"Consecrate+1","floor":44.0},{"not_picked":["Weave+1","Halt","SashWhip+1"],"picked":"SKIP","floor":48.0},{"not_picked":["CarveReality","CutThroughFate","Halt"],"picked":"SKIP","floor":54.0}],"player_experience":59096,"relics_obtained":[{"floor":12.0,"key":"CeramicFish"},{"floor":26.0,"key":"Tiny Chest"},{"floor":28.0,"key":"Kunai"},{"floor":41.0,"key":"Bag of Marbles"},{"floor":41.0,"key":"Orichalcum"},{"floor":43.0,"key":"Bottled Tornado"},{"floor":44.0,"key":"Pantograph"},{"floor":44.0,"key":"Mercury Hourglass"},{"floor":47.0,"key":"Juzu Bracelet"},{"floor":54.0,"key":"TeardropLocket"},{"floor":54.0,"key":"Gremlin Horn"}],"event_choices":[{"damage_healed":0.0,"max_hp_gain":0.0,"max_hp_loss":0.0,"gold_gain":175.0,"event_name":"Liars Game","player_choice":"AGREE","floor":4.0,"gold_loss":0.0,"damage_taken":0.0,"cards_obtained":["Doubt"]},{"damage_healed":0.0,"max_hp_gain":0.0,"max_hp_loss":0.0,"gold_gain":0.0,"event_name":"The Cleric","player_choice":"Leave","floor":7.0,"gold_loss":0.0,"damage_taken":0.0},{"damage_healed":0.0,"max_hp_gain":0.0,"max_hp_loss":0.0,"gold_gain":100.0,"event_name":"Golden Shrine","player_choice":"Pray","floor":30.0,"gold_loss":0.0,"damage_taken":0.0},{"damage_healed":0.0,"max_hp_gain":0.0,"max_hp_loss":0.0,"gold_gain":0.0,"event_name":"SensoryStone","player_choice":"Memory 1","floor":46.0,"gold_loss":0.0,"damage_taken":0.0}],"is_beta":false,"boss_relics":[{"not_picked":["Velvet Choker","Fusion Hammer","Sozu"]},{"not_picked":["Coffee Dripper","Runic Dome"],"picked":"Black Star"}],"items_purged_floors":[3,3,3,3,3,5,5,8,11,22,22,22,22,45,49,52],"is_endless":false,"potions_floor_spawned":[1,2,2,12,12,12,16,16,16,19,19,20,20,21,28,31,33,33,36,38,38,41,41,44,48,48,54,54,54,54],"ascension_level":0}}