{"host":"zxkjcgzis4pm3za5","time":1613225626,"event":{"mods":["AchievementEnabler","BaseMod","Colored Map","Colored Powertips","Minty Spire (QoL Compilation)","Quick Restart","Random Character Button","Relic Sorter","Relic Stats","StSLib"],"gold_per_floor":[111,111,186,197,122,154,154,183,183,217,217,248,248,173,173,247,247,263,263,290,290,230,230],"floor_reached":22,"language":"ENG","playtime":684,"items_purged":["Strike_G"],"score":462,"play_id":"72338656-1277-41a3-bfef-64b664e03117","local_time":"20210213194346","is_ascension_mode":true,"campfire_choices":[{"data":"Neutralize","floor":7.0,"key":"SMITH"},{"data":"Infinite Blades","floor":11,"key":"SMITH"},{"data":"Quick Slash","floor":13,"key":"SMITH"},{"floor":15,"key":"REST"}],"circlet_count":0,"master_deck":["AscendersBane","Strike_G+1","Strike_G+1","Strike_G+1","Strike_G+1","Defend_G+1","Defend_G+1","Defend_G+1","Defend_G+1","Survivor","Neutralize+1","Backstab+1","Quick Slash+1","Infinite Blades+1","Heel Hook","Envenom","Bane+1","Flechettes"],"relics":["Ring of the Snake","NeowsBlessing","Mercury Hourglass","Dream Catcher","InkBottle","Regal Pillow","Runic Pyramid","Red Mask"],"acts_visited":["Exordium","TheCity"],"potions_floor_usage":[10,18],"damage_taken":[{"damage":0.0,"enemies":"2 Louse","floor":1.0,"turns":1.0},{"damage":0.0,"enemies":"Small Slimes","floor":4.0,"turns":1.0},{"damage":0.0,"enemies":"Lagavulin","floor":6.0,"turns":1.0},{"damage":10.0,"enemies":"3 Sentries","floor":8.0,"turns":7.0},{"damage":6,"enemies":"Lagavulin","floor":10,"turns":6},{"damage":24,"enemies":"Gremlin Nob","floor":12,"turns":4},{"damage":27,"enemies":"The Guardian","floor":16,"turns":13},{"damage":3,"enemies":"Spheric Guardian","floor":18,"turns":3},{"damage":40,"enemies":"Masked Bandits","floor":20,"turns":4},{"damage":19,"enemies":"2 Thieves","floor":22,"turns":2}],"seed_played":"7294025387253533900","potions_obtained":[{"floor":1.0,"key":"Fruit Juice"},{"floor":6.0,"key":"SneckoOil"},{"floor":8.0,"key":"Dexterity Potion"},{"floor":12,"key":"LiquidMemories"}],"is_trial":false,"path_per_floor":["M","?","?","M","$","E","R","E","T","E","R","E","R","?","R","B",null,"M","?","?","?","M"],"character_chosen":"THE_SILENT","items_purchased":[],"campfire_rested":1,"item_purchase_floors":[],"current_hp_per_floor":[59,59,59,59,59,59,59,49,49,43,43,19,19,19,53,26,56,53,53,13,13,0,0],"gold":230,"neow_bonus":"THREE_ENEMY_KILL","is_daily":false,"chose_seed":false,"campfire_upgraded":3,"win_rate":0.0,"timestamp":1613225626,"path_taken":["M","?","?","M","?","E","R","E","T","E","R","E","R","?","R","BOSS","M","?","?","?","M"],"items_purchased_type":[],"build_version":"2020-12-22","purchased_purges":1,"victory":false,"max_hp_per_floor":[66,66,66,66,66,66,66,66,66,66,66,66,66,66,66,66,66,66,66,66,66,66,66],"relic_stats":{"Dream Catcher":1,"Regal Pillow":15,"counters":[10,41],"obtain_stats":[{"Dream Catcher":8,"Regal Pillow":12,"NeowsBlessing":0,"Red Mask":20,"InkBottle":10,"Ring of the Snake":0,"Mercury Hourglass":6,"Runic Pyramid":17},{"Dream Catcher":4,"Regal Pillow":6,"NeowsBlessing":0,"Red Mask":9,"InkBottle":5,"Ring of the Snake":0,"Mercury Hourglass":3,"Runic Pyramid":7},{"Dream Catcher":9,"Regal Pillow":19,"NeowsBlessing":0,"Red Mask":39,"InkBottle":15,"Ring of the Snake":0,"Mercury Hourglass":3,"Runic Pyramid":32}],"InkBottle":[11],"Ring of the Snake":[20],"Mercury Hourglass":[131]},"card_choices":[{"not_picked":["Prepared","Accuracy"],"picked":"Backstab","floor":1.0},{"not_picked":["Backflip","Underhanded Strike"],"picked":"Quick Slash","floor":4.0},{"not_picked":["Sucker Punch","Crippling Poison"],"picked":"Infinite Blades","floor":6.0},{"not_picked":["Infinite Blades","Underhanded Strike","Expertise"],"picked":"SKIP","floor":8.0},{"not_picked":["Dodge and Roll","Blur","PiercingWail"],"picked":"SKIP","floor":10},{"not_picked":["Calculated Gamble","Reflex","Underhanded Strike"],"picked":"SKIP","floor":12},{"not_picked":["Grand Finale","Underhanded Strike"],"picked":"Heel Hook","floor":15},{"not_picked":["Tools of the Trade","Grand Finale"],"picked":"Envenom","floor":16},{"not_picked":["Riddle With Holes","Acrobatics"],"picked":"Bane+1","floor":18},{"not_picked":["Deadly Poison","Blur"],"picked":"Flechettes","floor":20}],"player_experience":362748,"relics_obtained":[{"floor":6.0,"key":"Mercury Hourglass"},{"floor":8.0,"key":"Dream Catcher"},{"floor":10,"key":"InkBottle"},{"floor":12,"key":"Regal Pillow"},{"floor":20,"key":"Red Mask"}],"event_choices":[{"damage_healed":0.0,"max_hp_gain":0.0,"max_hp_loss":0.0,"gold_gain":0.0,"event_name":"Living Wall","player_choice":"Grow","floor":2.0,"gold_loss":0.0,"damage_taken":0.0,"cards_upgraded":["Backstab"]},{"damage_healed":0.0,"max_hp_gain":0.0,"max_hp_loss":0.0,"gold_gain":75.0,"event_name":"Golden Wing","player_choice":"Gained Gold","floor":3.0,"gold_loss":0.0,"damage_taken":0.0},{"cards_removed":["Defend_G"],"damage_healed":0,"gold_gain":0,"player_choice":"Card Removal","damage_taken":0,"max_hp_gain":0,"max_hp_loss":0,"event_name":"The Cleric","floor":14,"gold_loss":75},{"damage_healed":0,"gold_gain":0,"player_choice":"Simplicity","damage_taken":0,"max_hp_gain":0,"max_hp_loss":0,"event_name":"Back to Basics","floor":19,"gold_loss":0,"cards_upgraded":["Strike_G","Strike_G","Strike_G","Strike_G","Defend_G","Defend_G","Defend_G","Defend_G"]},{"damage_healed":0,"gold_gain":0,"player_choice":"Fought Bandits","damage_taken":0,"max_hp_gain":0,"max_hp_loss":0,"event_name":"Masked Bandits","floor":20,"gold_loss":0},{"damage_healed":0,"gold_gain":0,"player_choice":"Ignored","damage_taken":0,"max_hp_gain":0,"max_hp_loss":0,"event_name":"Cursed Tome","floor":21,"gold_loss":0}],"is_beta":false,"boss_relics":[{"not_picked":["Fusion Hammer","Ring of the Serpent"],"picked":"Runic Pyramid"}],"items_purged_floors":[5],"is_endless":false,"potions_floor_spawned":[1,6,8,12],"killed_by":"2 Thieves","ascension_level":20}}