{"host":"640uue19m79c7wbt","time":1613240917,"event":{"mods":["BaseMod","Colored Map","Googly Eyes","Highlight Path","Minty Spire (QoL Compilation)","Quick Restart","StSLib"],"gold_per_floor":[117,117,117,42,42,70,85,85,85],"floor_reached":8,"language":"ENG","playtime":140,"items_purged":["Regret"],"score":158,"play_id":"9d017058-5294-494d-b303-e06c2fa2043b","local_time":"20210213132837","is_ascension_mode":true,"campfire_choices":[],"circlet_count":0,"master_deck":["AscendersBane","Strike_G","Strike_G","Strike_G","Strike_G","Defend_G","Defend_G","Defend_G","Defend_G","Defend_G","Survivor","Neutralize","Dagger Spray","Escape Plan","Unload","Escape Plan"],"relics":["Ring of the Snake","NeowsBlessing","Potion Belt","Blue Candle","Centennial Puzzle"],"acts_visited":["Exordium"],"potions_floor_usage":[],"damage_taken":[{"damage":0,"enemies":"Small Slimes","floor":1,"turns":1},{"damage":0,"enemies":"3 Sentries","floor":6,"turns":1},{"damage":0,"enemies":"Jaw Worm","floor":7,"turns":1},{"damage":64,"enemies":"Lagavulin","floor":8,"turns":9}],"seed_played":"-5107907277650950667","potions_obtained":[],"is_trial":false,"path_per_floor":["M","?","?","$","T","E","M","E"],"character_chosen":"THE_SILENT","items_purchased":[],"campfire_rested":0,"item_purchase_floors":[],"current_hp_per_floor":[59,59,59,59,59,59,59,0,0],"gold":85,"neow_bonus":"THREE_ENEMY_KILL","is_daily":false,"chose_seed":false,"campfire_upgraded":0,"win_rate":0.0,"timestamp":1613240917,"path_taken":["M","?","?","$","?","E","?","E"],"items_purchased_type":[],"build_version":"2020-12-22","purchased_purges":1,"victory":false,"max_hp_per_floor":[66,66,66,66,66,66,66,66,66],"card_choices":[{"not_picked":["Dodge and Roll","Flying Knee"],"picked":"Dagger Spray","floor":1},{"not_picked":["Sucker Punch","Slice"],"picked":"Unload","floor":6},{"not_picked":["Masterful Stab","Heel Hook"],"picked":"Escape Plan","floor":7}],"player_experience":682429,"relics_obtained":[{"floor":5,"key":"Blue Candle"},{"floor":6,"key":"Centennial Puzzle"}],"event_choices":[{"damage_healed":0,"gold_gain":0,"cards_transformed":["Strike_G"],"player_choice":"Change","damage_taken":0,"max_hp_gain":0,"max_hp_loss":0,"event_name":"Living Wall","floor":2,"gold_loss":0,"cards_obtained":["Escape Plan"]},{"damage_healed":0,"gold_gain":0,"player_choice":"Box","damage_taken":0,"relics_obtained":["Potion Belt"],"max_hp_gain":0,"max_hp_loss":0,"event_name":"Big Fish","floor":3,"gold_loss":0,"cards_obtained":["Regret"]}],"is_beta":false,"boss_relics":[],"items_purged_floors":[4],"is_endless":false,"potions_floor_spawned":[],"killed_by":"Lagavulin","ascension_level":20}}