{"host":"0qlrtuw7bw78ucw4","time":1613180269,"event":{"mods":["BaseMod","Downfall","Minty Spire (QoL Compilation)","StSLib"],"gold_per_floor":[0,12,112,124,124,144,213,232,232,244,244,258,274,424,435,534,534,534,547,647,666,691,691,769,783,783,323,356,356,372,372,388,489,489,489,503,216,234,245,245,245,245],"floor_reached":40,"language":"ENG","playtime":3568,"items_purged":["downfall:Aged","champ:Strike"],"score":462,"play_id":"37ecfb6b-7857-4f79-8864-7d4c3639dadc","local_time":"20210213123749","is_ascension_mode":true,"campfire_choices":[{"data":"champ:Taunt","floor":1,"key":"SMITH"},{"data":"champ:FancyFootwork","floor":18,"key":"SMITH"},{"data":"champ:Endure","floor":23,"key":"SMITH"},{"floor":29,"key":"REST"},{"data":"champ:EnragedBash","floor":35,"key":"SMITH"}],"circlet_count":0,"master_deck":["champ:Strike","champ:Defend","champ:Defend","champ:Execute","champ:Taunt+1","champ:AdrenalArmor","champ:SkillfulDodge","champ:GutPunch","champ:ShieldWall","champ:Duel","champ:Backstep","champ:TornadoPunch","champ:FancyFootwork+1","champ:GladiatorForm+1","champ:HeartStrike","champ:EnragedBash+1","J.A.X.","champ:Endure+1","champ:VampiricStrike","champ:IronFortress+1","champ:LastStand+1","champ:Improvising+1","champ:FaceSlap+1","champ:ShieldWall+1"],"relics":["champ:ChampionCrown","CloakClasp","Frozen Egg 2","Cursed Key","MutagenicStrength","Red Mask","Sundial","Turnip","Torii","Black Star","Membership Card","Akabeko"],"acts_visited":["Exordium","TheCity","TheBeyond"],"potions_floor_usage":[3,10,16,28,28,33],"damage_taken":[{"damage":20,"enemies":"Jaw Worm","floor":2,"turns":4},{"damage":109,"enemies":"Jaw Worm","floor":3,"turns":11},{"damage":20,"enemies":"Cultist","floor":4,"turns":3},{"damage":14,"enemies":"Small Slimes","floor":6,"turns":4},{"damage":12,"enemies":"Large Slime","floor":8,"turns":8},{"damage":0,"enemies":"Gremlin Gang","floor":10,"turns":3},{"damage":10,"enemies":"Red Slaver","floor":12,"turns":3},{"damage":10,"enemies":"Lots of Slimes","floor":13,"turns":4},{"damage":17,"enemies":"Large Slime","floor":15,"turns":6},{"damage":21,"enemies":"SI_SHIV_ARCHETYPE","floor":16,"turns":10},{"damage":40,"enemies":"Spheric Guardian","floor":19,"turns":5},{"damage":45,"enemies":"downfall:Augmenter","floor":20,"turns":6},{"damage":25,"enemies":"Snake Plant","floor":21,"turns":5},{"damage":61,"enemies":"Masked Bandits","floor":22,"turns":6},{"damage":38,"enemies":"3 Cultists","floor":25,"turns":7},{"damage":18,"enemies":"downfall:FleeingMerchant","floor":27,"turns":4},{"damage":30,"enemies":"Slavers","floor":28,"turns":6},{"damage":28,"enemies":"Centurion and Healer","floor":30,"turns":6},{"damage":27,"enemies":"Sentry and Sphere","floor":32,"turns":6},{"damage":48,"enemies":"WA_ARCHETYPE_CALM","floor":33,"turns":8},{"damage":18,"enemies":"Orb Walker","floor":36,"turns":3},{"damage":23,"enemies":"downfall:FleeingMerchant","floor":37,"turns":4},{"damage":39,"enemies":"3 Darklings","floor":38,"turns":4},{"damage":38,"enemies":"Writhing Mass","floor":39,"turns":7},{"damage":30,"enemies":"Maw","floor":40,"turns":2}],"seed_played":"-2743281976253154057","potions_obtained":[{"floor":2,"key":"hexamod:SoulburnPotion"},{"floor":5,"key":"bronze:BurnAndBuffPotion"},{"floor":5,"key":"Explosive Potion"},{"floor":5,"key":"Strength Potion"},{"floor":6,"key":"EssenceOfSteel"},{"floor":12,"key":"SkillPotion"},{"floor":16,"key":"DuplicationPotion"},{"floor":28,"key":"champ:UltimateStancePotion"},{"floor":30,"key":"SteroidPotion"},{"floor":33,"key":"Fire Potion"}],"is_trial":false,"path_per_floor":["R","M","?","M","?","M","T","M","?","M","?","M","M","?","M","B",null,"R","M","?","M","?","R","T","M","?","$","E","R","M","?","M","B",null,"R","M","$","M","M","M"],"character_chosen":"THE_CHAMP","items_purchased":["champ:IronFortress+1","Turnip","Membership Card","Akabeko"],"campfire_rested":1,"item_purchase_floors":[27,27,37,37],"current_hp_per_floor":[90,90,15,15,15,13,13,13,18,18,18,18,18,18,18,14,95,95,95,95,85,54,54,54,41,41,38,23,51,48,48,46,38,95,95,92,89,50,27,0,0,0],"gold":245,"neow_bonus":"TRANSFORM_TWO_CARDS","is_daily":false,"chose_seed":false,"campfire_upgraded":4,"win_rate":0.0,"timestamp":1613180269,"path_taken":["R","M","?","M","?","?","T","M","?","M","?","M","?","?","M","BOSS","R","M","?","M","?","R","T","M","?","$","E","R","M","?","M","BOSS","R","M","$","M","?","M"],"items_purchased_type":["Card","Relic","Relic","Relic"],"build_version":"2020-12-22","purchased_purges":2,"victory":false,"max_hp_per_floor":[90,90,90,90,90,90,90,90,95,95,95,95,95,95,95,95,95,95,95,95,95,95,95,95,95,95,95,95,95,95,95,95,95,95,95,95,95,95,95,95,95,95],"card_choices":[{"not_picked":["champ:GutPunch","champ:ArenaPreparation"],"picked":"champ:SkillfulDodge","floor":2},{"not_picked":["champ:StanceDance","champ:BerserkerStyle"],"picked":"champ:GutPunch","floor":3},{"not_picked":["champ:PreciseThrust","champ:Duel"],"picked":"champ:ShieldWall","floor":4},{"not_picked":["champ:RecklessLeap","champ:StanceDance"],"picked":"champ:Duel","floor":6},{"not_picked":["champ:BerserkersShout","champ:EnGarde"],"picked":"champ:Backstep","floor":8},{"not_picked":["champ:Backstep","champ:Shatter","champ:GutPunch"],"picked":"SKIP","floor":10},{"not_picked":["champ:Shatter","champ:StanceDance"],"picked":"champ:TornadoPunch","floor":12},{"not_picked":["champ:FanOfKnives","champ:BerserkerStyle+1","champ:GutPunch"],"picked":"SKIP","floor":13},{"not_picked":["champ:RecklessLeap","champ:BladeFlurry"],"picked":"champ:FancyFootwork","floor":15},{"not_picked":["champ:EnchantCrown","champ:TripleStrike"],"picked":"champ:GladiatorForm+1","floor":16},{"not_picked":["champ:FocusedDefense","champ:StanceDance+1","champ:FalseCounter+1"],"picked":"SKIP","floor":19},{"not_picked":[],"picked":"J.A.X.","floor":20},{"not_picked":["champ:Shatter","champ:PerfectedStrike"],"picked":"champ:Endure","floor":20},{"not_picked":["champ:BerserkersShout","champ:DefensiveShout"],"picked":"champ:VampiricStrike","floor":21},{"not_picked":["champ:BringItOn","champ:Haymaker","champ:Encircle"],"picked":"SKIP","floor":25},{"not_picked":["champ:SwordSigil","champ:FanOfKnives+1","champ:GladiatorStyle+1"],"picked":"SKIP","floor":27},{"not_picked":["champ:DefensiveShout","champ:FancyFootwork+1"],"picked":"champ:LastStand+1","floor":28},{"not_picked":["champ:FocusedDefense","champ:Haymaker","champ:FanOfKnives"],"picked":"SKIP","floor":30},{"not_picked":["champ:CrownThrow","champ:CrookedStrike","champ:Circumvent"],"picked":"SKIP","floor":32},{"not_picked":["champ:Devastate","champ:TripleStrike"],"picked":"champ:Improvising+1","floor":33},{"not_picked":["champ:PerfectedStrike+1","champ:PreciseThrust","champ:BladeFlurry"],"picked":"SKIP","floor":36},{"not_picked":["champ:IronFortress+1","champ:FanOfKnives","champ:VampiricStrike"],"picked":"SKIP","floor":37},{"not_picked":["champ:RecklessLeap","champ:TornadoPunch"],"picked":"champ:FaceSlap+1","floor":38},{"not_picked":["champ:Backstep","champ:Shatter"],"picked":"champ:ShieldWall+1","floor":39}],"player_experience":991596,"relics_obtained":[{"floor":3,"key":"CloakClasp"},{"floor":7,"key":"Frozen Egg 2"},{"floor":20,"key":"MutagenicStrength"},{"floor":22,"key":"Red Mask"},{"floor":24,"key":"Sundial"},{"floor":28,"key":"Torii"}],"event_choices":[{"damage_healed":0,"gold_gain":0,"player_choice":"Got Potions","damage_taken":0,"max_hp_gain":0,"max_hp_loss":0,"event_name":"Lab","floor":5,"gold_loss":0},{"damage_healed":0,"gold_gain":0,"player_choice":"Donut","damage_taken":0,"max_hp_gain":5,"max_hp_loss":0,"event_name":"Big Fish","floor":9,"gold_loss":0},{"damage_healed":0,"gold_gain":0,"player_choice":"Fought Bandits","damage_taken":0,"max_hp_gain":0,"max_hp_loss":0,"event_name":"Masked Bandits","floor":22,"gold_loss":0}],"is_beta":false,"boss_relics":[{"not_picked":["Snecko Eye","SlaversCollar"],"picked":"Cursed Key"},{"not_picked":["Runic Dome","Tiny House"],"picked":"Black Star"}],"items_purged_floors":[27,37],"is_endless":false,"potions_floor_spawned":[2,6,8,12,15,16,19,28,30,33],"killed_by":"Maw","ascension_level":3}}