{"host":"u7bb6mvzuirwfcqo","time":1613178548,"event":{"mods":["2.2 Compatiblity","AchievementEnabler","BaseMod","Card Forge","Downfall","Hermit","Minty Spire (QoL Compilation)","Relic Stats","Replay The Spire","StSLib"],"gold_per_floor":[112,130,210,220,190,190,190,204,228,228,255,273,285,299,299,394,394,409,426,167,179,199,199,199,199,225,49,62,62,78,88,88,187,187,200,200,49,99,122,161,161,161,184,195,217,217,234,259,259,266],"floor_reached":51,"language":"ENG","playtime":3791,"items_purged":["hermit:Strike_Hermit","hermit:Strike_Hermit"],"score":983,"play_id":"f9da2af5-5ef1-47bf-830c-3199514756d4","local_time":"20210212200908","is_ascension_mode":false,"campfire_choices":[{"data":"hermit:Deadeye","floor":6.0,"key":"SMITH"},{"data":"hermit:Vantage","floor":10.0,"key":"SMITH"},{"data":"hermit:RoundhouseKick","floor":15.0,"key":"SMITH"},{"floor":23.0,"key":"REST"},{"floor":25.0,"key":"REST"},{"floor":32,"key":"REST"},{"data":"hermit:GhostlyPresence","floor":41,"key":"SMITH"},{"floor":46,"key":"REST"},{"data":"hermit:Deadeye","floor":49,"key":"SMITH"}],"circlet_count":0,"master_deck":["hermit:Strike_Hermit+1","hermit:Defend_Hermit","hermit:Defend_Hermit","hermit:Defend_Hermit","hermit:Defend_Hermit","hermit:Snapshot+1","hermit:Covet","hermit:Deadeye+1","hermit:GhostlyPresence+1","hermit:Headshot","hermit:Vantage+1","hermit:Deadeye+1","hermit:TrackingShot+1","hermit:RoundhouseKick+1","hermit:OverwhelmingPower+1","hermit:EyeOfTheStorm+1","hermit:TakeAim+1","hermit:Snipe","hermit:Snipe","hermit:Enervate","hermit:Dive+1","hermit:Dive+1","hermit:Reprieve","hermit:Adapt+1","Sickly","Injury","CurseOfTheBell","hermit:CalledShot+1","Writhe","hermit:Scavenge+1","Parasite","hermit:Cheat+1"],"relics":["hermit:Momento","Hammer of Thor","Seething Fire","Anvil of the Gods","Vajra","Blue Doll","Runic Pyramid","PreservedInsect","Whetstone","Replay:Ancient Bell","Nunchaku","Replay:WaspNest","Pondfish Scales","Oddly Smooth Stone","Durian","ReplayTheSpireMod:Shallot","Strawberry","Happy Flower"],"acts_visited":["Exordium","TheCity","TheBeyond"],"potions_floor_usage":[31,39,50,50,50],"damage_taken":[{"damage":1.0,"enemies":"Cultist","floor":1.0,"turns":3.0},{"damage":2.0,"enemies":"2 Louse","floor":2.0,"turns":3.0},{"damage":4.0,"enemies":"Jaw Worm","floor":4.0,"turns":4.0},{"damage":0.0,"enemies":"Looter","floor":5.0,"turns":4.0},{"damage":3.0,"enemies":"Exordium Thugs","floor":8.0,"turns":4.0},{"damage":3.0,"enemies":"Lagavulin","floor":11.0,"turns":6.0},{"damage":15.0,"enemies":"Gremlin Gang","floor":12.0,"turns":5.0},{"damage":0.0,"enemies":"Exordium Wildlife","floor":13.0,"turns":2.0},{"damage":5.0,"enemies":"Lots of Slimes","floor":14.0,"turns":4.0},{"damage":7.0,"enemies":"Slime Boss","floor":16.0,"turns":8.0},{"damage":13.0,"enemies":"3 Byrds","floor":18.0,"turns":5.0},{"damage":6.0,"enemies":"Shell Parasite","floor":19.0,"turns":3.0},{"damage":39.0,"enemies":"Sentry and Sphere","floor":21.0,"turns":7.0},{"damage":10.0,"enemies":"Centurion and Healer","floor":22.0,"turns":8.0},{"damage":38.0,"enemies":"Cultist and Chosen","floor":28.0,"turns":7.0},{"damage":9.0,"enemies":"Shelled Parasite and Fungi","floor":30.0,"turns":7.0},{"damage":0,"enemies":"Snecko","floor":31,"turns":3},{"damage":36,"enemies":"Pondfish","floor":33,"turns":21},{"damage":6,"enemies":"3 Shapes","floor":35,"turns":7},{"damage":15,"enemies":"Mind Bloom Boss Battle","floor":38,"turns":8},{"damage":4,"enemies":"Orb Walker","floor":39,"turns":5},{"damage":12,"enemies":"R_Hoarder","floor":40,"turns":7},{"damage":19,"enemies":"Writhing Mass","floor":44,"turns":8},{"damage":7,"enemies":"Sphere and 2 Shapes","floor":45,"turns":8},{"damage":15,"enemies":"4 Shapes","floor":47,"turns":5},{"damage":42,"enemies":"Donu and Deca","floor":50,"turns":11}],"seed_played":"7175147245217462160","potions_obtained":[{"floor":1.0,"key":"LifebloodPotion"},{"floor":4.0,"key":"Venom Potion"},{"floor":11.0,"key":"FearPotion"},{"floor":21.0,"key":"sneckomod:MuddlingPotion"},{"floor":22.0,"key":"FearPotion"},{"floor":33,"key":"Regen Potion"},{"floor":35,"key":"hexamod:SoulburnPotion"},{"floor":47,"key":"Weak Potion"}],"is_trial":false,"path_per_floor":["M","M","?","M","M","R","?","M","T","R","E","M","M","M","R","B",null,"M","M","$","M","M","R","?","R","T","$","M","?","M","M","R","B",null,"M","?","$","?","M","E","R","?","T","M","M","R","M","T","R","B",null],"character_chosen":"HERMIT","items_purchased":["hermit:Snipe","PreservedInsect","hermit:Enervate","Oddly Smooth Stone"],"campfire_rested":4,"item_purchase_floors":[20,20,27,37],"current_hp_per_floor":[74,72,72,68,68,68,73,70,70,70,67,52,52,47,47,40,80,67,61,61,22,12,36,36,60,60,60,22,22,13,13,37,1,80,78,80,80,70,75,71,71,71,78,59,64,91,88,88,88,62],"gold":266,"neow_bonus":"UPGRADE_CARD","is_daily":false,"chose_seed":false,"campfire_upgraded":5,"win_rate":0.0,"timestamp":1613178548,"path_taken":["M","M","?","M","M","R","?","?","T","R","E","M","M","M","R","BOSS","M","M","$","M","M","R","?","R","T","?","?","?","?","M","R","BOSS","M","?","$","?","M","E","R","?","T","M","M","R","M","?","R","BOSS"],"items_purchased_type":["Card","Relic","Card","Relic"],"build_version":"2020-12-22","purchased_purges":2,"victory":true,"max_hp_per_floor":[75,75,75,75,75,75,80,80,80,80,80,80,80,80,80,80,80,80,80,80,80,80,80,80,80,80,80,80,80,80,80,80,80,80,80,80,80,85,85,85,85,85,92,92,92,92,92,92,92,92],"relic_stats":{"Nunchaku":[11],"Happy Flower":[3],"counters":[26,163],"PreservedInsect":75,"Whetstone":["hermit:TrackingShot","hermit:Strike_Hermit"],"obtain_stats":[{"Happy Flower":48,"Vajra":9,"Oddly Smooth Stone":37,"Blue Doll":11,"Hammer of Thor":0,"PreservedInsect":20,"Replay:WaspNest":34,"Replay:Ancient Bell":34,"Seething Fire":0,"Whetstone":26,"Nunchaku":34,"Pondfish Scales":34,"ReplayTheSpireMod:Shallot":40,"Anvil of the Gods":0,"Strawberry":43,"Durian":38,"hermit:Momento":0,"Runic Pyramid":17},{"Happy Flower":25,"Vajra":5,"Oddly Smooth Stone":19,"Blue Doll":6,"Hammer of Thor":0,"PreservedInsect":12,"Replay:WaspNest":18,"Replay:Ancient Bell":18,"Seething Fire":0,"Whetstone":14,"Nunchaku":18,"Pondfish Scales":18,"ReplayTheSpireMod:Shallot":22,"Anvil of the Gods":0,"Strawberry":22,"Durian":20,"hermit:Momento":0,"Runic Pyramid":10},{"Happy Flower":152,"Vajra":18,"Oddly Smooth Stone":111,"Blue Doll":24,"Hammer of Thor":0,"PreservedInsect":51,"Replay:WaspNest":104,"Replay:Ancient Bell":104,"Seething Fire":0,"Whetstone":66,"Nunchaku":104,"Pondfish Scales":104,"ReplayTheSpireMod:Shallot":131,"Anvil of the Gods":0,"Strawberry":131,"Durian":119,"hermit:Momento":0,"Runic Pyramid":43}]},"card_choices":[{"not_picked":["hermit:Ricochet","hermit:Brawl"],"picked":"hermit:Deadeye","floor":1.0},{"not_picked":["hermit:Dive","hermit:WideOpen"],"picked":"hermit:GhostlyPresence","floor":2.0},{"not_picked":["hermit:HoleUp","hermit:Feint"],"picked":"hermit:Headshot","floor":4.0},{"not_picked":["hermit:Shortfuse","hermit:CursedWeapon"],"picked":"hermit:Vantage","floor":5.0},{"not_picked":["hermit:Combo","hermit:Desperado","hermit:LowProfile"],"picked":"SKIP","floor":8.0},{"not_picked":["hermit:Brawl","hermit:Dive"],"picked":"hermit:Deadeye","floor":11.0},{"not_picked":["hermit:Midnight","hermit:Coalescence","hermit:Vantage"],"picked":"SKIP","floor":12.0},{"not_picked":["hermit:Feint","hermit:Misfire"],"picked":"hermit:TrackingShot","floor":13.0},{"not_picked":["hermit:Midnight","hermit:CursedWeapon"],"picked":"hermit:RoundhouseKick","floor":14.0},{"not_picked":["hermit:RoundhouseKick","hermit:Reprieve"],"picked":"hermit:OverwhelmingPower","floor":16.0},{"not_picked":["hermit:Headshot+1","hermit:WideOpen"],"picked":"hermit:EyeOfTheStorm+1","floor":18.0},{"not_picked":["hermit:Manifest","hermit:Vantage"],"picked":"hermit:TakeAim","floor":19.0},{"not_picked":["hermit:Vantage","hermit:HoleUp","hermit:Scavenge"],"picked":"SKIP","floor":21.0},{"not_picked":["hermit:GoldenBullet","hermit:ItchyTrigger","hermit:Headshot+1"],"picked":"SKIP","floor":22.0},{"not_picked":["hermit:Grudge","hermit:Quickdraw"],"picked":"hermit:Dive+1","floor":28.0},{"not_picked":["hermit:Glare","hermit:SprayPray"],"picked":"hermit:Reprieve","floor":30.0},{"not_picked":["hermit:Roulette","hermit:BodyArmor","hermit:HighCaliber"],"picked":"SKIP","floor":31},{"not_picked":["hermit:BlackWind","hermit:HeroicBravado"],"picked":"hermit:Adapt","floor":33},{"not_picked":["hermit:ImpendingDoom","ReplayTheSpireMod:Restless Dread"],"picked":"Sickly","floor":34},{"not_picked":["downfall:Aged","Parasite"],"picked":"Injury","floor":34},{"not_picked":["ReplayTheSpireMod:Splinters","Amnesia"],"picked":"CurseOfTheBell","floor":34},{"not_picked":["hermit:HighNoon","hermit:GhostlyPresence"],"picked":"hermit:CalledShot+1","floor":35},{"not_picked":["hermit:LuckOfTheDraw+1","hermit:Manifest"],"picked":"hermit:Scavenge+1","floor":38},{"not_picked":["hermit:Snipe","hermit:Ricochet","hermit:Dive+1"],"picked":"SKIP","floor":39},{"not_picked":["hermit:TakeCover+1","hermit:Shortfuse+1","hermit:GoldenBullet+1"],"picked":"SKIP","floor":40},{"not_picked":["hermit:Dive","hermit:ItchyTrigger","hermit:HighCaliber"],"picked":"SKIP","floor":44},{"not_picked":["hermit:PistolWhip+1","hermit:Maintenance","hermit:Gestalt+1"],"picked":"SKIP","floor":45},{"not_picked":["hermit:GoldenBullet+1","hermit:Deadeye+1"],"picked":"hermit:Cheat+1","floor":47}],"player_experience":44349,"relics_obtained":[{"floor":9.0,"key":"Vajra"},{"floor":11.0,"key":"Blue Doll"},{"floor":26.0,"key":"Whetstone"},{"floor":38,"key":"Durian"},{"floor":40,"key":"ReplayTheSpireMod:Shallot"},{"floor":43,"key":"Strawberry"},{"floor":48,"key":"Happy Flower"}],"event_choices":[{"damage_healed":0.0,"max_hp_gain":5.0,"max_hp_loss":0.0,"gold_gain":0.0,"event_name":"Big Fish","player_choice":"Donut","floor":7.0,"gold_loss":0.0,"damage_taken":0.0},{"cards_removed":["hermit:Strike_Hermit"],"damage_healed":0.0,"max_hp_gain":0.0,"max_hp_loss":0.0,"gold_gain":0.0,"event_name":"Purifier","player_choice":"Purged","floor":24.0,"gold_loss":0.0,"damage_taken":0.0},{"damage_healed":0.0,"max_hp_gain":0.0,"max_hp_loss":0.0,"gold_gain":0.0,"event_name":"Duplicator","player_choice":"Copied","floor":29.0,"gold_loss":0.0,"damage_taken":0.0,"cards_obtained":["hermit:Dive"]},{"damage_healed":20,"gold_gain":0,"player_choice":"Writhe","damage_taken":0,"max_hp_gain":0,"max_hp_loss":0,"event_name":"Winding Halls","floor":36,"gold_loss":0,"cards_obtained":["Writhe"]},{"damage_healed":0,"gold_gain":0,"player_choice":"Fight","damage_taken":0,"max_hp_gain":0,"max_hp_loss":0,"event_name":"MindBloom","floor":38,"gold_loss":0},{"damage_healed":0,"gold_gain":0,"player_choice":"Memory 1","damage_taken":0,"max_hp_gain":0,"max_hp_loss":0,"event_name":"SensoryStone","floor":42,"gold_loss":0}],"is_beta":false,"boss_relics":[{"not_picked":["SacredBark","Replay:Wanted Poster"],"picked":"Runic Pyramid"},{"not_picked":["Replay:Bronze Core","Calling Bell"],"picked":"Replay:Ancient Bell"},{"not_picked":["ReplayTheSpireMod:Lightbulb","Bag of Preparation"],"picked":"Nunchaku"},{"not_picked":["Replay:Bottled Flurry","InkBottle"],"picked":"Replay:WaspNest"},{"not_picked":["Lizard Tail","Pocketwatch"],"picked":"Pondfish Scales"}],"items_purged_floors":[20,27],"is_endless":false,"potions_floor_spawned":[1,4,11,13,16,21,22,33,35,38,47],"ascension_level":0}}