{"host":"eaiphzh066bwqdh7","time":1613247312,"event":{"mods":["BaseMod","Better Note","Halation","Hubris","Minty Spire (QoL Compilation)","Reliquary","Replay The Spire","StSLib"],"gold_per_floor":[111,111,131,147,97,97,114,114,114,128,128,128,148,164,164,295,295,309,309,309,333,333,333],"floor_reached":22,"language":"ENG","playtime":629,"items_purged":[],"score":214,"play_id":"64148058-3e41-483a-8e8d-8bf38abb858b","local_time":"20210213151512","is_ascension_mode":true,"campfire_choices":[{"data":"hubris:SharpeningStone","floor":6,"key":"SMITH"},{"floor":8,"key":"REST"},{"data":"Spot Weakness","floor":11,"key":"SMITH"},{"floor":15,"key":"REST"}],"circlet_count":0,"master_deck":["Strike_R","Strike_R","Strike_R","Strike_R","Defend_R","Defend_R","Defend_R","Spot Weakness+1","ReplayTheSpireMod:Stacked","hubris:SharpeningStone+1","Pommel Strike","Brutality","hubris:NaturalOne"],"relics":["Black Blood","reliquary:WeakTea","Gremlin Horn","Golden Idol","hubris:Icosahedron"],"acts_visited":["Exordium","TheCity"],"potions_floor_usage":[7,10,13,18],"damage_taken":[{"damage":4,"enemies":"Jaw Worm","floor":1,"turns":4},{"damage":8,"enemies":"Small Slimes","floor":3,"turns":3},{"damage":11,"enemies":"Cultist","floor":4,"turns":4},{"damage":20,"enemies":"Gremlin Gang","floor":7,"turns":3},{"damage":18,"enemies":"2 Fungi Beasts","floor":10,"turns":4},{"damage":1,"enemies":"Exordium Wildlife","floor":13,"turns":3},{"damage":11,"enemies":"Looter","floor":14,"turns":3},{"damage":73,"enemies":"Fading Forest","floor":16,"turns":11},{"damage":16,"enemies":"3 Byrds","floor":18,"turns":6},{"damage":63,"enemies":"2 Thieves","floor":21,"turns":5},{"damage":55,"enemies":"3 Cultists","floor":22,"turns":4}],"seed_played":"-7727779793651746012","potions_obtained":[{"floor":1,"key":"Block Potion"},{"floor":3,"key":"Explosive Potion"},{"floor":10,"key":"SkillPotion"},{"floor":14,"key":"SneckoOil"},{"floor":18,"key":"FairyPotion"}],"is_trial":false,"path_per_floor":["M","?","M","M","?","R","M","R","T","M","R","?","M","M","R","B",null,"M","?","?","M","M"],"character_chosen":"IRONCLAD","items_purchased":[],"campfire_rested":2,"item_purchase_floors":[],"current_hp_per_floor":[80,73,71,66,66,66,52,76,76,64,64,44,49,44,68,35,80,76,76,76,25,0,0],"gold":333,"neow_bonus":"RANDOM_COMMON_RELIC","is_daily":false,"chose_seed":false,"campfire_upgraded":2,"win_rate":0.0,"timestamp":1613247312,"path_taken":["M","?","M","M","?","R","M","R","T","M","R","?","M","M","R","BOSS","M","?","?","?","?"],"items_purchased_type":[],"build_version":"2020-12-22","purchased_purges":0,"victory":false,"max_hp_per_floor":[80,80,80,80,80,80,80,80,80,80,80,80,80,80,80,80,80,80,80,80,80,80,80],"card_choices":[{"not_picked":["Hemokinesis","Sever Soul"],"picked":"Spot Weakness","floor":1},{"not_picked":["Iron Wave","Run Through"],"picked":"ReplayTheSpireMod:Stacked","floor":3},{"not_picked":["Replay:Undeath\u0027s Touch","hubris:ReadiedAction"],"picked":"hubris:SharpeningStone","floor":4},{"not_picked":["Twin Strike","Wild Strike","Replay:Undeath\u0027s Touch"],"picked":"SKIP","floor":7},{"not_picked":["Replay:Undeath\u0027s Touch","Clash"],"picked":"Pommel Strike","floor":10},{"not_picked":["hubris:SharpeningStone","Power Through","Evolve"],"picked":"SKIP","floor":13},{"not_picked":["Replay:Undeath\u0027s Touch","Armaments","Run Through"],"picked":"SKIP","floor":14},{"not_picked":["Fiend Fire","Bludgeon"],"picked":"Brutality","floor":16},{"not_picked":["Iron Wave","Body Slam","Headbutt"],"picked":"SKIP","floor":18},{"not_picked":["ReplayTheSpireMod:Strike From Hell","Iron Wave","Replay:Undeath\u0027s Touch+1"],"picked":"SKIP","floor":21}],"player_experience":305870,"relics_obtained":[{"floor":9,"key":"Gremlin Horn"}],"event_choices":[{"cards_removed":["Bash"],"damage_healed":0,"gold_gain":0,"player_choice":"Card Removal","damage_taken":7,"max_hp_gain":0,"max_hp_loss":0,"event_name":"Golden Wing","floor":2,"gold_loss":0},{"cards_removed":["Defend_R"],"damage_healed":0,"gold_gain":0,"player_choice":"Card Removal","damage_taken":0,"max_hp_gain":0,"max_hp_loss":0,"event_name":"The Cleric","floor":5,"gold_loss":50},{"damage_healed":0,"gold_gain":0,"player_choice":"Take Damage","damage_taken":20,"relics_obtained":["Golden Idol"],"max_hp_gain":0,"max_hp_loss":0,"event_name":"Golden Idol","floor":12,"gold_loss":0},{"cards_removed":["Strike_R"],"damage_healed":0,"gold_gain":0,"player_choice":"Purged","damage_taken":0,"max_hp_gain":0,"max_hp_loss":0,"event_name":"Purifier","floor":20,"gold_loss":0}],"is_beta":false,"boss_relics":[{"not_picked":["SlaversCollar","Replay:Bronze Core"],"picked":"Black Blood"}],"items_purged_floors":[],"is_endless":false,"potions_floor_spawned":[1,3,10,14,18],"killed_by":"3 Cultists","ascension_level":4}}