{"host":"ypzb5vvnu9f3ii1t","time":1613223448,"event":{"mods":["AchievementEnabler","BaseMod","Colored Map","DeckTracker","Keyboard Shortcuts","Minty Spire (QoL Compilation)","Permanent Neow","Quick Restart","SuperFastMode"],"gold_per_floor":[10,10,10,23,23,23,42,59,59,76,104,127,127,148,148,279,279,293,309,309,408,422,422,347,347,393,393,434,434,459,484,484,484,484],"floor_reached":33,"language":"KOR","playtime":1315,"items_purged":["Strike_P"],"score":331,"play_id":"d208da79-8dc0-47b0-a473-2a2a160a3a45","local_time":"20210213223728","is_ascension_mode":true,"campfire_choices":[{"data":"Apotheosis","floor":6.0,"key":"SMITH"},{"floor":15.0,"key":"REST"},{"floor":23,"key":"REST"},{"data":"1","floor":27,"key":"LIFT"},{"floor":32,"key":"REST"}],"circlet_count":0,"master_deck":["Strike_P","Defend_P","Eruption","Vigilance","Apotheosis+1","DevaForm","LikeWater+1","DeceiveReality+1","InnerPeace+1","Adaptation"],"relics":["PureWater","TungstenRod","Girya","Odd Mushroom","Golden Idol","Astrolabe","MutagenicStrength","Nunchaku","Bird Faced Urn","Lantern"],"acts_visited":["Exordium","TheCity"],"potions_floor_usage":[16,30],"damage_taken":[{"damage":5.0,"enemies":"2 Louse","floor":1.0,"turns":3.0},{"damage":11.0,"enemies":"Small Slimes","floor":4.0,"turns":2.0},{"damage":0.0,"enemies":"Cultist","floor":7.0,"turns":3.0},{"damage":0.0,"enemies":"Looter","floor":8.0,"turns":2.0},{"damage":0.0,"enemies":"Large Slime","floor":10.0,"turns":4.0},{"damage":7.0,"enemies":"Lagavulin","floor":11.0,"turns":5.0},{"damage":1.0,"enemies":"The Mushroom Lair","floor":12.0,"turns":3.0},{"damage":0.0,"enemies":"Exordium Wildlife","floor":14.0,"turns":2.0},{"damage":16,"enemies":"Hexaghost","floor":16,"turns":9},{"damage":0,"enemies":"Spheric Guardian","floor":18,"turns":6},{"damage":23,"enemies":"3 Byrds","floor":19,"turns":7},{"damage":2,"enemies":"Snake Plant","floor":22,"turns":5},{"damage":52,"enemies":"Gremlin Leader","floor":28,"turns":5},{"damage":4,"enemies":"Cultist and Chosen","floor":30,"turns":8},{"damage":72,"enemies":"Collector","floor":33,"turns":8}],"seed_played":"-8687194634103526198","potions_obtained":[{"floor":4.0,"key":"BlessingOfTheForge"},{"floor":10.0,"key":"Fire Potion"},{"floor":11.0,"key":"FairyPotion"},{"floor":12.0,"key":"SteroidPotion"},{"floor":14.0,"key":"CultistPotion"},{"floor":19,"key":"FearPotion"}],"is_trial":false,"path_per_floor":["M","?","?","M","$","R","M","M","T","M","E","?","?","M","R","B",null,"M","M","?","?","M","R","$","?","T","R","E","?","M","T","R","B"],"character_chosen":"WATCHER","items_purchased":[],"campfire_rested":3,"item_purchase_floors":[],"current_hp_per_floor":[67,67,67,56,56,56,56,56,56,56,49,48,31,31,52,36,63,63,40,40,40,38,59,59,59,59,59,7,7,7,7,28,0,0],"gold":484,"neow_bonus":"RANDOM_COLORLESS_2","is_daily":false,"chose_seed":false,"campfire_upgraded":1,"win_rate":0.0,"timestamp":1613223448,"path_taken":["M","?","?","M","$","R","M","?","T","M","E","?","?","M","R","BOSS","M","M","?","?","M","R","$","?","T","R","E","?","?","?","R","BOSS"],"items_purchased_type":[],"build_version":"2020-12-22","purchased_purges":1,"victory":false,"max_hp_per_floor":[72,72,72,72,72,72,72,72,72,72,72,72,72,72,72,72,72,72,72,72,72,72,72,72,72,72,72,72,72,72,72,72,72,72],"card_choices":[{"not_picked":["The Bomb","Panache"],"picked":"Apotheosis","floor":0.0},{"not_picked":["ClearTheMind","EmptyFist","WheelKick"],"picked":"SKIP","floor":1.0},{"not_picked":["Sanctity","ThirdEye","Fasting2"],"picked":"SKIP","floor":4.0},{"not_picked":["ThirdEye","Conclude","BowlingBash"],"picked":"SKIP","floor":7.0},{"not_picked":["WheelKick","EmptyBody","ReachHeaven"],"picked":"SKIP","floor":8.0},{"not_picked":["CrushJoints","FollowUp","CutThroughFate"],"picked":"SKIP","floor":10.0},{"not_picked":["ReachHeaven","Meditate","EmptyMind"],"picked":"SKIP","floor":11.0},{"not_picked":["Prostrate","ThirdEye","WreathOfFlame"],"picked":"SKIP","floor":14.0},{"not_picked":["Ragnarok","SpiritShield"],"picked":"DevaForm","floor":16},{"not_picked":["Evaluate","EmptyFist"],"picked":"InnerPeace+1","floor":18},{"not_picked":["Study","Conclude","Collect"],"picked":"SKIP","floor":19},{"not_picked":["BowlingBash","FlurryOfBlows+1"],"picked":"Adaptation","floor":22},{"not_picked":["Ragnarok","Halt","JustLucky"],"picked":"SKIP","floor":28},{"not_picked":["EmptyBody","BowlingBash","Consecrate"],"picked":"SKIP","floor":30}],"player_experience":210491,"relics_obtained":[{"floor":9.0,"key":"TungstenRod"},{"floor":11.0,"key":"Girya"},{"floor":12.0,"key":"Odd Mushroom"},{"floor":26,"key":"Nunchaku"},{"floor":28,"key":"Bird Faced Urn"},{"floor":31,"key":"Lantern"}],"event_choices":[{"cards_removed":["Strike_P"],"damage_healed":0.0,"max_hp_gain":0.0,"max_hp_loss":0.0,"gold_gain":0.0,"event_name":"Living Wall","player_choice":"Forget","floor":2.0,"gold_loss":0.0,"damage_taken":0.0},{"cards_removed":["Defend_P"],"damage_healed":0.0,"max_hp_gain":0.0,"max_hp_loss":0.0,"gold_gain":0.0,"event_name":"Bonfire Elementals","player_choice":"Offered Basic","floor":3.0,"gold_loss":0.0,"damage_taken":0.0},{"damage_healed":0.0,"max_hp_gain":0.0,"max_hp_loss":0.0,"gold_gain":0.0,"event_name":"Mushrooms","player_choice":"Fought Mushrooms","floor":12.0,"gold_loss":0.0,"damage_taken":0.0},{"damage_healed":0.0,"max_hp_gain":0.0,"max_hp_loss":0.0,"gold_gain":0.0,"event_name":"Golden Idol","player_choice":"Take Damage","floor":13.0,"gold_loss":0.0,"damage_taken":18.0,"relics_obtained":["Golden Idol"]},{"damage_healed":0,"gold_gain":0,"player_choice":"Inject Mutagens","damage_taken":0,"relics_obtained":["MutagenicStrength"],"max_hp_gain":0,"max_hp_loss":0,"event_name":"Drug Dealer","floor":20,"gold_loss":0},{"damage_healed":0,"gold_gain":99,"player_choice":"Stole From Cult","damage_taken":0,"max_hp_gain":0,"max_hp_loss":0,"event_name":"Nest","floor":21,"gold_loss":0},{"damage_healed":0,"gold_gain":0,"player_choice":"Ignored","damage_taken":0,"max_hp_gain":0,"max_hp_loss":0,"event_name":"Ghosts","floor":25,"gold_loss":0},{"cards_removed":["Weave"],"damage_healed":0,"gold_gain":0,"player_choice":"Elegance","damage_taken":0,"max_hp_gain":0,"max_hp_loss":0,"event_name":"Back to Basics","floor":29,"gold_loss":0}],"is_beta":false,"boss_relics":[{"not_picked":["Cursed Key","HolyWater"],"picked":"Astrolabe"}],"items_purged_floors":[24],"is_endless":false,"potions_floor_spawned":[4,10,11,12,14,19,28],"killed_by":"Collector","ascension_level":5}}