{"host":"mz5hf7l9u79ze5ha","time":1613228303,"event":{"mods":["AchievementEnabler","BaseMod","Bestiary","Better Third Choice","BetterRewards","Colored Map","Colored Powertips","Curses Come First","Downfall","Googly Eyes","Hermit","Hubris","Minty Spire (QoL Compilation)","Quick Restart","Rare Cards Sparkle","Relic Stats","Reliquary","Replay The Spire","StSLib","The Bladedancer","The Bug Knight","The Cursed","The Hierophant","The Marked","Unceasing Turn Reminder"],"gold_per_floor":[99,111,126,126,145,145,223,257,257,357,14,32,32,142,158,108,108,108],"floor_reached":16,"language":"ENG","playtime":892,"items_purged":[],"score":102,"play_id":"a7e5a399-ec93-47fd-b354-748d04d08693","local_time":"20210213165823","is_ascension_mode":false,"campfire_choices":[],"circlet_count":0,"master_deck":["sneckomod:Strike","sneckomod:Strike","sneckomod:Strike","sneckomod:Defend","sneckomod:Defend","sneckomod:Defend","sneckomod:TailWhip","sneckomod:SnekBite","sneckomod:Unknown","Slimebound:Schlurp","sneckomod:RainOfDice","sneckomod:Unknown1Cost","sneckomod:CheapStock","sneckomod:UnknownDraw","sneckomod:UnknownUncommonAttack","sneckomod:UnknownUncommonPower+1"],"relics":["sneckomod:SneckoSoul","hubris:Icosahedron","Blue Candle","hubris:Metronome","hubris:CrystalStatue","Bag of Marbles","Snack Pack"],"acts_visited":["Exordium"],"potions_floor_usage":[8,8,11,16],"damage_taken":[{"damage":1,"enemies":"2 Louse","floor":2,"turns":2},{"damage":5,"enemies":"Small Slimes","floor":3,"turns":4},{"damage":1,"enemies":"Jaw Worm","floor":5,"turns":3},{"damage":13,"enemies":"Lagavulin","floor":8,"turns":4},{"damage":0,"enemies":"downfall:FleeingMerchant","floor":11,"turns":4},{"damage":2,"enemies":"Blue Slaver","floor":12,"turns":3},{"damage":9,"enemies":"Exordium Wildlife","floor":14,"turns":4},{"damage":12,"enemies":"downfall:LooterAlt","floor":15,"turns":2},{"damage":59,"enemies":"IC_STATUS_ARCHETYPE","floor":16,"turns":10}],"seed_played":"-6273823169598627024","potions_obtained":[{"floor":3,"key":"SneckoOil"},{"floor":8,"key":"sneckomod:DiceRollPotion"},{"floor":15,"key":"LiquidBronze"}],"is_trial":false,"path_per_floor":["R_BF","M","M","?","M","?","T","E","?","?","$","M","?","M","M","B"],"character_chosen":"THE_SNECKO","items_purchased":["Snack Pack","sneckomod:UnknownUncommonPower"],"campfire_rested":0,"item_purchase_floors":[11,11],"current_hp_per_floor":[99,98,93,93,92,87,87,74,71,71,71,71,71,62,50,0,0,0],"gold":108,"neow_bonus":"TEN_PERCENT_HP_BONUS","is_daily":false,"chose_seed":false,"campfire_upgraded":0,"win_rate":0.0,"timestamp":1613228303,"path_taken":["R_BF","M","M","?","M","?","T","E","?","?","$","M","?","M","M","BOSS"],"items_purchased_type":["Relic","Card"],"build_version":"2020-12-22","purchased_purges":0,"victory":false,"max_hp_per_floor":[99,99,99,99,99,99,99,99,99,99,99,99,99,99,99,99,99,99],"relic_stats":{"counters":[9,36],"Blue Candle":[0],"obtain_stats":[{"hubris:Metronome":7,"hubris:Icosahedron":4,"hubris:CrystalStatue":8,"Blue Candle":6,"Bag of Marbles":9,"Snack Pack":11,"sneckomod:SneckoSoul":0},{"hubris:Metronome":3,"hubris:Icosahedron":2,"hubris:CrystalStatue":4,"Blue Candle":3,"Bag of Marbles":4,"Snack Pack":5,"sneckomod:SneckoSoul":0},{"hubris:Metronome":9,"hubris:Icosahedron":6,"hubris:CrystalStatue":13,"Blue Candle":9,"Bag of Marbles":13,"Snack Pack":17,"sneckomod:SneckoSoul":0}]},"card_choices":[{"not_picked":["sneckomod:DiceCrush","sneckomod:QuickBite"],"picked":"sneckomod:RainOfDice","floor":2},{"not_picked":["sneckomod:UnknownVulnerable","sneckomod:SoulDraw"],"picked":"sneckomod:Unknown1Cost","floor":3},{"not_picked":["sneckomod:UnknownBlock","sneckomod:Unknown2Cost"],"picked":"sneckomod:CheapStock","floor":5},{"not_picked":["sneckomod:Restock","sneckomod:DangerNoodle"],"picked":"sneckomod:UnknownDraw","floor":8},{"not_picked":["sneckomod:DiceBoulder","sneckomod:UnknownCommonSkill"],"picked":"sneckomod:UnknownUncommonAttack","floor":11},{"not_picked":["sneckomod:UnknownCommonAttack","sneckomod:DiceCrush","sneckomod:TrashToTreasure"],"picked":"SKIP","floor":12},{"not_picked":["sneckomod:SerpentIdol","sneckomod:DiceCrush","sneckomod:UnknownStrike"],"picked":"SKIP","floor":14},{"not_picked":["sneckomod:DiceBlock","sneckomod:UnknownExhaust","sneckomod:UnknownDraw"],"picked":"SKIP","floor":15}],"player_experience":180065,"relics_obtained":[{"floor":7,"key":"hubris:Metronome"},{"floor":8,"key":"hubris:CrystalStatue"}],"event_choices":[{"damage_healed":0,"gold_gain":0,"player_choice":"Relic ","damage_taken":3,"max_hp_gain":0,"max_hp_loss":0,"event_name":"betterThird:BetterScrap","floor":9,"gold_loss":0,"cards_obtained":["Concentrate"]}],"is_beta":false,"boss_relics":[],"items_purged_floors":[],"is_endless":false,"potions_floor_spawned":[3,8,15],"killed_by":"IC_STATUS_ARCHETYPE","ascension_level":0}}