{"host":"8a3jzv7qxg3y7b6t","time":1613203169,"event":{"mods":["BaseMod","Better Third Choice","Downfall","Hermit","Minty Spire (QoL Compilation)","Relic Stats","StSLib","The Bug Knight","The Cursed"],"gold_per_floor":[109,109,109,35,9,9,22,22,22],"floor_reached":8,"language":"ENG","playtime":351,"items_purged":[],"score":53,"play_id":"e110a758-4fb3-4368-9284-2cfa7e97f753","local_time":"20210212235929","is_ascension_mode":true,"campfire_choices":[{"floor":6,"key":"RECALL"}],"circlet_count":0,"master_deck":["Strike_G","Strike_G","Strike_G","Strike_G","Defend_G","Defend_G","Defend_G","Defend_G","Defend_G","Survivor","Neutralize","Backflip","Injury","Envenom","Footwork","Cloak And Dagger","Deflect"],"relics":["Snecko Eye","Golden Idol"],"acts_visited":["Exordium"],"potions_floor_usage":[],"damage_taken":[{"damage":0,"enemies":"Small Slimes","floor":1,"turns":5},{"damage":4,"enemies":"Jaw Worm","floor":7,"turns":7},{"damage":17,"enemies":"3 Sentries","floor":8,"turns":5}],"seed_played":"1538051010459978140","potions_obtained":[{"floor":7,"key":"FearPotion"}],"is_trial":false,"path_per_floor":["M","?","?","$","$","R","M","E"],"character_chosen":"THE_SILENT","items_purchased":["Footwork","Cloak And Dagger"],"campfire_rested":0,"item_purchase_floors":[4,5],"current_hp_per_floor":[70,70,70,70,70,70,66,49,49],"gold":22,"neow_bonus":"BOSS_RELIC","is_daily":false,"chose_seed":false,"campfire_upgraded":0,"win_rate":0.0,"timestamp":1613203169,"path_taken":["M","?","?","?","$","R","M","E"],"items_purchased_type":["Card","Card"],"build_version":"2020-12-22","purchased_purges":0,"victory":false,"max_hp_per_floor":[70,70,70,70,70,70,70,70,70],"relic_stats":{"counters":[3,17],"Golden Idol":3,"Snecko Eye":[27,35,27,22],"obtain_stats":[{"Golden Idol":2,"Snecko Eye":0,"Ring of the Snake":0},{"Golden Idol":1,"Snecko Eye":0,"Ring of the Snake":0},{"Golden Idol":5,"Snecko Eye":0,"Ring of the Snake":0}]},"card_choices":[{"not_picked":["Predator","Reflex"],"picked":"Backflip","floor":1},{"not_picked":["Prepared","Sucker Punch"],"picked":"Deflect","floor":7}],"player_experience":680643,"relics_obtained":[],"event_choices":[{"damage_healed":0,"gold_gain":0,"player_choice":"Take Wound","damage_taken":0,"relics_obtained":["Golden Idol"],"max_hp_gain":0,"max_hp_loss":0,"event_name":"Golden Idol","floor":2,"gold_loss":0,"cards_obtained":["Injury"]},{"damage_healed":0,"gold_gain":0,"cards_transformed":["Strike_G"],"player_choice":"Change","damage_taken":0,"max_hp_gain":0,"max_hp_loss":0,"event_name":"Living Wall","floor":3,"gold_loss":0,"cards_obtained":["Envenom"]}],"is_beta":false,"boss_relics":[],"items_purged_floors":[],"is_endless":false,"potions_floor_spawned":[7],"killed_by":"3 Sentries","ascension_level":4}}