{"host":"1stlzvh7atuy33yh","time":1613182076,"event":{"mods":["BaseMod","Colored Map","Colored Powertips","Downfall","Friendly Minions","Minty Spire (QoL Compilation)","StSLib","The Mystic"],"gold_per_floor":[119,135,135,152,163,163,178,103,158,170,13,31,31,62,62,166,166,186,111,111,11,27,27,27,27],"floor_reached":24,"language":"ENG","playtime":1910,"items_purged":["mysticmod:Strike_Mystic","mysticmod:Defend_Mystic"],"score":248,"play_id":"35f75d1a-ba03-453e-b12d-e0a2d36c5643","local_time":"20210212210756","is_ascension_mode":false,"campfire_choices":[{"data":"mysticmod:StyleChange","floor":6,"key":"SMITH"},{"floor":15,"key":"REST"},{"data":"mysticmod:MirrorEntity","floor":23,"key":"SMITH"}],"circlet_count":0,"master_deck":["mysticmod:Strike_Mystic","mysticmod:Defend_Mystic","mysticmod:ArcaneDodge","mysticmod:ShockingGrasp","mysticmod:StyleChange+1","mysticmod:Sideswipe","mysticmod:Snowball","mysticmod:LightningBolt","mysticmod:Probe","mysticmod:EbbAndFlow","mysticmod:CureLightWounds","mysticmod:MirrorEntity+1","mysticmod:TomeOfSpells+1","mysticmod:HunkerDown+1","mysticmod:EarthenWall+1","mysticmod:Shield","mysticmod:CorrosiveTouch"],"relics":["mysticmod:SpellBook","NeowsBlessing","mysticmod:TrainingManual","Matryoshka","Astrolabe"],"acts_visited":["Exordium","TheCity"],"potions_floor_usage":[16,16,16,24],"damage_taken":[{"damage":0,"enemies":"Jaw Worm","floor":1,"turns":1},{"damage":0,"enemies":"Small Slimes","floor":2,"turns":1},{"damage":0,"enemies":"Cultist","floor":4,"turns":1},{"damage":3,"enemies":"Blue Slaver","floor":5,"turns":5},{"damage":0,"enemies":"2 Fungi Beasts","floor":7,"turns":2},{"damage":0,"enemies":"Red Slaver","floor":10,"turns":2},{"damage":0,"enemies":"Exordium Wildlife","floor":12,"turns":2},{"damage":35,"enemies":"Gremlin Nob","floor":14,"turns":4},{"damage":0,"enemies":"Slime Boss","floor":16,"turns":6},{"damage":18,"enemies":"Chosen","floor":18,"turns":9},{"damage":28,"enemies":"Shell Parasite","floor":22,"turns":7},{"damage":42,"enemies":"Centurion and Healer","floor":24,"turns":8}],"seed_played":"2080861353968725644","potions_obtained":[{"floor":4,"key":"DistilledChaos"},{"floor":5,"key":"EssenceOfSteel"},{"floor":14,"key":"SkillPotion"},{"floor":16,"key":"BlessingOfTheForge"}],"is_trial":false,"path_per_floor":["M","M","?","M","M","R","M","$","T","M","$","M","?","E","R","B",null,"M","?","?","$","M","R","M"],"character_chosen":"MYSTIC_CLASS","items_purchased":["mysticmod:TrainingManual"],"campfire_rested":1,"item_purchase_floors":[11],"current_hp_per_floor":[77,77,77,77,74,74,74,74,74,74,74,74,79,44,68,71,82,64,64,64,64,39,39,0,0],"gold":27,"neow_bonus":"THREE_ENEMY_KILL","is_daily":false,"chose_seed":false,"campfire_upgraded":2,"win_rate":0.0,"timestamp":1613182076,"path_taken":["M","M","?","M","M","R","M","$","T","M","$","M","?","E","R","BOSS","M","?","?","$","M","R","M"],"items_purchased_type":["Relic"],"build_version":"2020-12-22","purchased_purges":2,"victory":false,"max_hp_per_floor":[77,77,77,77,77,77,77,77,77,77,77,77,82,82,82,82,82,82,82,82,82,82,82,82,82],"card_choices":[{"not_picked":["mysticmod:ComponentsPouch","mysticmod:Snowball"],"picked":"mysticmod:StyleChange","floor":1},{"not_picked":["mysticmod:PunishingArmor","mysticmod:Disengage"],"picked":"mysticmod:Sideswipe","floor":2},{"not_picked":["mysticmod:PowerSlash","mysticmod:CorrosiveTouch"],"picked":"mysticmod:Snowball","floor":4},{"not_picked":["mysticmod:SummonFamiliar","mysticmod:ComponentsPouch"],"picked":"mysticmod:LightningBolt","floor":5},{"not_picked":["mysticmod:MirrorStrike","mysticmod:Flourish"],"picked":"mysticmod:Probe","floor":7},{"not_picked":["mysticmod:Probe","mysticmod:Flurry"],"picked":"mysticmod:EbbAndFlow","floor":10},{"not_picked":["mysticmod:Probe","mysticmod:StyleChange","mysticmod:PowerSlash"],"picked":"SKIP","floor":12},{"not_picked":["mysticmod:Snowball","mysticmod:Doublecast"],"picked":"mysticmod:CureLightWounds","floor":14},{"not_picked":["mysticmod:ObscuringMist","mysticmod:Lunge"],"picked":"mysticmod:MirrorEntity","floor":16},{"not_picked":["mysticmod:SpellCombat+1","mysticmod:VorpalThrust"],"picked":"mysticmod:Shield","floor":18},{"not_picked":["mysticmod:ComboCaster","mysticmod:KeenEdge"],"picked":"mysticmod:CorrosiveTouch","floor":22}],"player_experience":99918,"relics_obtained":[{"floor":14,"key":"Matryoshka"}],"event_choices":[{"damage_healed":0,"gold_gain":0,"player_choice":"Ignored","damage_taken":0,"max_hp_gain":0,"max_hp_loss":0,"event_name":"Liars Game","floor":3,"gold_loss":0},{"damage_healed":0,"gold_gain":0,"player_choice":"Donut","damage_taken":0,"max_hp_gain":5,"max_hp_loss":0,"event_name":"Big Fish","floor":13,"gold_loss":0},{"cards_removed":["mysticmod:Defend_Mystic"],"damage_healed":0,"gold_gain":0,"player_choice":"Gave Gold","damage_taken":0,"max_hp_gain":0,"max_hp_loss":0,"event_name":"Beggar","floor":19,"gold_loss":75},{"damage_healed":0,"gold_gain":0,"player_choice":"Ignored","damage_taken":0,"max_hp_gain":0,"max_hp_loss":0,"event_name":"Duplicator","floor":20,"gold_loss":0}],"is_beta":false,"boss_relics":[{"not_picked":["Coffee Dripper","Runic Dome"],"picked":"Astrolabe"}],"items_purged_floors":[8,21],"is_endless":false,"potions_floor_spawned":[4,5,14,16],"killed_by":"Centurion and Healer","ascension_level":0}}