{"host":"zxkjcgzis4pm3za5","time":1613189470,"event":{"mods":["AchievementEnabler","BaseMod","Colored Map","Colored Powertips","Minty Spire (QoL Compilation)","Quick Restart","Random Character Button","Relic Sorter","Relic Stats","StSLib"],"gold_per_floor":[111,125,400,416,427,427,443,474,474,474,449,449,449,194,194,270,270,288,27,77,52,68,68,68,68],"floor_reached":24,"language":"ENG","playtime":923,"items_purged":["Normality"],"score":396,"play_id":"c0d02731-bc95-4181-9b4f-914578b3c236","local_time":"20210213094110","is_ascension_mode":true,"campfire_choices":[{"data":"Envenom","floor":6,"key":"SMITH"},{"data":"Magnetism","floor":15,"key":"SMITH"},{"floor":23,"key":"REST"}],"circlet_count":0,"master_deck":["AscendersBane","Strike_G","Strike_G","Strike_G","Strike_G","Strike_G","Defend_G","Defend_G","Defend_G","Defend_G","Defend_G","Survivor","Neutralize","Quick Slash","Envenom+1","Regret","Acrobatics","Dagger Spray","Blade Dance","Blur","Injury","PiercingWail","Parasite","Magnetism+1","After Image","Dagger Throw","Backflip","Blade Dance"],"relics":["Cursed Key","Blue Candle","Darkstone Periapt","StoneCalendar","Membership Card","Runic Pyramid","Shuriken","Omamori"],"acts_visited":["Exordium","TheCity"],"potions_floor_usage":[8,13,13,21,22],"damage_taken":[{"damage":0,"enemies":"Cultist","floor":1,"turns":4},{"damage":0,"enemies":"Jaw Worm","floor":2,"turns":5},{"damage":4,"enemies":"Small Slimes","floor":4,"turns":5},{"damage":6,"enemies":"2 Fungi Beasts","floor":5,"turns":4},{"damage":5,"enemies":"Blue Slaver","floor":7,"turns":4},{"damage":33,"enemies":"3 Sentries","floor":8,"turns":8},{"damage":0,"enemies":"Gremlin Gang","floor":13,"turns":1},{"damage":18,"enemies":"Hexaghost","floor":16,"turns":8},{"damage":31,"enemies":"Shell Parasite","floor":18,"turns":7},{"damage":7,"enemies":"2 Thieves","floor":21,"turns":4},{"damage":3,"enemies":"Snake Plant","floor":22,"turns":5},{"damage":59,"enemies":"Slavers","floor":24,"turns":5}],"seed_played":"-9097148824643549373","potions_obtained":[{"floor":1,"key":"Fruit Juice"},{"floor":7,"key":"SmokeBomb"},{"floor":8,"key":"SneckoOil"},{"floor":18,"key":"Fire Potion"},{"floor":21,"key":"DistilledChaos"}],"is_trial":false,"path_per_floor":["M","M","?","M","M","R","M","E","T","T","$","?","M","$","R","B",null,"M","$","?","M","M","R","E"],"character_chosen":"THE_SILENT","items_purchased":["PiercingWail","Membership Card","Magnetism","Shuriken","Omamori"],"campfire_rested":1,"item_purchase_floors":[11,14,14,19,19],"current_hp_per_floor":[59,59,59,55,49,49,44,16,16,22,22,47,47,47,47,29,70,39,39,39,32,29,53,0,0],"gold":68,"neow_bonus":"BOSS_RELIC","is_daily":false,"chose_seed":false,"campfire_upgraded":2,"win_rate":0.0,"timestamp":1613189470,"path_taken":["M","?","?","?","M","R","M","E","T","?","$","?","M","$","R","BOSS","M","$","?","M","M","R","E"],"items_purchased_type":["Card","Relic","Card","Relic","Relic"],"build_version":"2020-12-22","purchased_purges":1,"victory":false,"max_hp_per_floor":[66,66,66,66,66,66,66,71,71,77,77,83,83,83,83,83,83,83,83,83,83,83,83,83,83],"relic_stats":{"Darkstone Periapt":12,"counters":[12,60],"Shuriken":[11],"Blue Candle":[5],"StoneCalendar":[47],"Cursed Key":2,"obtain_stats":[{"Darkstone Periapt":9,"Shuriken":19,"Blue Candle":8,"StoneCalendar":10,"Omamori":19,"Membership Card":14,"Cursed Key":0,"Ring of the Snake":0,"Runic Pyramid":17},{"Darkstone Periapt":6,"Shuriken":9,"Blue Candle":6,"StoneCalendar":6,"Omamori":9,"Membership Card":7,"Cursed Key":0,"Ring of the Snake":0,"Runic Pyramid":8},{"Darkstone Periapt":30,"Shuriken":46,"Blue Candle":30,"StoneCalendar":30,"Omamori":46,"Membership Card":31,"Cursed Key":0,"Ring of the Snake":0,"Runic Pyramid":39}]},"card_choices":[{"not_picked":["Flechettes","Flying Knee"],"picked":"Quick Slash","floor":1},{"not_picked":["Deflect","Acrobatics"],"picked":"Envenom","floor":2},{"not_picked":["Deflect","Outmaneuver"],"picked":"Acrobatics","floor":4},{"not_picked":["Choke","Poisoned Stab"],"picked":"Dagger Spray","floor":5},{"not_picked":["Dagger Spray","Bane"],"picked":"Blade Dance","floor":7},{"not_picked":["Terror","Outmaneuver"],"picked":"Blur","floor":8},{"not_picked":["Night Terror","Unload"],"picked":"After Image","floor":16},{"not_picked":["Deflect","Setup"],"picked":"Dagger Throw","floor":18},{"not_picked":["Setup","Calculated Gamble"],"picked":"Backflip","floor":21},{"not_picked":["Leg Sweep","Dodge and Roll+1"],"picked":"Blade Dance","floor":22}],"player_experience":358420,"relics_obtained":[{"floor":8,"key":"Blue Candle"},{"floor":9,"key":"Darkstone Periapt"},{"floor":10,"key":"StoneCalendar"}],"event_choices":[{"damage_healed":0,"gold_gain":275,"player_choice":"Desecrate","damage_taken":0,"max_hp_gain":0,"max_hp_loss":0,"event_name":"Golden Shrine","floor":3,"gold_loss":0,"cards_obtained":["Regret"]},{"damage_healed":19,"gold_gain":0,"player_choice":"Healed and dodged fight","damage_taken":0,"max_hp_gain":0,"max_hp_loss":0,"event_name":"Mushrooms","floor":12,"gold_loss":0,"cards_obtained":["Parasite"]},{"damage_healed":0,"gold_gain":50,"player_choice":"Stole From Cult","damage_taken":0,"max_hp_gain":0,"max_hp_loss":0,"event_name":"Nest","floor":20,"gold_loss":0}],"is_beta":false,"boss_relics":[{"not_picked":["Coffee Dripper","Black Star"],"picked":"Runic Pyramid"}],"items_purged_floors":[19],"is_endless":false,"potions_floor_spawned":[1,7,8,18,21],"killed_by":"Slavers","ascension_level":20}}