{"host":"17xjy7b7ubl548g2","time":1613189686,"event":{"mods":["2.2 Compatiblity","Act Like it!","Aspiration","Astrologer","Bard","BaseMod","Challenge The Spire","ChefMod","Colored Map","Colored Powertips","Conspire","Elementarium","Energized Spire","Gensokyo","GifTheSpireLib","Halation","Hallownest","Hermit","Hubris","Infinite Spire","Jedi Mod","Jorbs\u0027s Wanderer Trilogy","Marisa（霧雨　魔理沙）","Marked Mod","Menagerie","Minty Spire (QoL Compilation)","Permanent Neow","Reliquary","Replay The Spire","Robot Space Explorer","Spicy Shops","Spire Arcade","StSLib","Stuff the Spire","The Blue Laboratory","The Bug Knight","The Construct","The Disciple","The Hayseed","The Hierophant","The Marked","The Runesmith","The Sage","TheFirefly"],"gold_per_floor":[115,128,142,142,174,174,209,209,282,282,317,327,327,327,327,425,425,438,448,448,461,6,26,26,26],"floor_reached":24,"language":"ENG","playtime":2073,"items_purged":["Runesmith:Strike_RS"],"score":318,"play_id":"c3e61900-72a8-4325-94bb-c084925f6ec7","local_time":"20210212231446","is_ascension_mode":true,"campfire_choices":[{"data":"Runesmith:CraftFirestone","floor":6,"key":"SMITH"},{"data":"Runesmith:EnergizedChisel","floor":8,"key":"SMITH"},{"data":"Runesmith:Fortify","floor":10,"key":"SMITH"},{"floor":15,"key":"REST"}],"circlet_count":0,"master_deck":["AscendersBane","Runesmith:Strike_RS+1","Runesmith:Strike_RS","Runesmith:Strike_RS","Runesmith:Defend_RS","Runesmith:Defend_RS","Runesmith:Defend_RS","Runesmith:Defend_RS","Runesmith:CraftFirestone+1","Runesmith:Fortify+1","Runesmith:Firewall","Runesmith:CraftProtectio","Runesmith:EnergizedChisel+1","Runesmith:UnstableHammer+1","Runesmith:PerfectChisel","Runesmith:Overpower","Runesmith:EarthShield","Runesmith:CraftIndustria","Runesmith:ChiselStab+1","Elementarium:StickyTar","Runesmith:HeatedChisel","Runesmith:LithiumIon","Runesmith:LithiumIon"],"relics":["Runesmith:BrokenRuby","aspiration:Nostalgia","construct:Cogwheel","Whetstone","conspire:Dentures","Replay:Bottled Flurry","StuffTheSpire:RubySignet","StuffTheSpire:DarkSteelAnvil","StuffTheSpire:Tea","reliquary:Craggleroot","Runesmith:MiniCore","jedi:gremlinknob"],"acts_visited":["Exordium","Menagerie:Menagerie"],"potions_floor_usage":[5,12,21,23],"damage_taken":[{"damage":5.0,"enemies":"Menagerie:MonstrousExperiment","floor":1.0,"turns":5.0},{"damage":0.0,"enemies":"Menagerie:WhisperingWraith","floor":2.0,"turns":4.0},{"damage":4.0,"enemies":"Menagerie:StygianBoar","floor":3.0,"turns":5.0},{"damage":12,"enemies":"conspire:MimicChest","floor":5,"turns":5},{"damage":8,"enemies":"Menagerie:MaskedSummoner","floor":7,"turns":8},{"damage":7,"enemies":"Menagerie:VoidReaper","floor":11,"turns":6},{"damage":0,"enemies":"Menagerie:MENAGERIE_WILDLIFE","floor":12,"turns":2},{"damage":13,"enemies":"Menagerie:Suneater","floor":16,"turns":8},{"damage":0,"enemies":"Elementarium:2_ELEMENTALS","floor":18,"turns":4},{"damage":3,"enemies":"Elementarium:MUD_AND_TAR_GOLEMS","floor":19,"turns":4},{"damage":8,"enemies":"Elementarium:CYCLONE_AND_LIVING_STORMCLOUD","floor":21,"turns":8},{"damage":6,"enemies":"Elementarium:RubyGolem","floor":23,"turns":6},{"damage":4,"enemies":"Elementarium:STONE_GOLEMS","floor":24,"turns":3}],"seed_played":"-8941729235741305078","potions_obtained":[{"floor":2.0,"key":"FearPotion"},{"floor":3.0,"key":"blueLaboratory:CorrosionFlask"},{"floor":11,"key":"Explosive Potion"},{"floor":19,"key":"Adrenaline Potion"},{"floor":21,"key":"Block Potion"}],"is_trial":false,"path_per_floor":["M","M","M","?","?","R","E","R","T","R","E","M","$","T","R","B",null,"M","M","?","M","$","M","M"],"character_chosen":"RUNESMITH_CLASS","items_purchased":["StuffTheSpire:DarkSteelAnvil","Runesmith:LithiumIon","jedi:gremlinknob"],"campfire_rested":1,"item_purchase_floors":[13,22,22],"current_hp_per_floor":[58,58,54,54,42,42,34,34,34,34,27,27,8,8,29,20,58,58,55,40,32,32,26,22,22],"gold":26,"neow_bonus":"NOSTALGIA","is_daily":false,"chose_seed":false,"campfire_upgraded":3,"win_rate":0.0,"timestamp":1613189686,"path_taken":["M","M","M","?","?","R","E","R","T","R","E","?","?","?","R","BOSS","M","M","?","M","$","M","M"],"items_purchased_type":["Relic","Card","Relic"],"build_version":"2020-12-22","purchased_purges":1,"victory":false,"max_hp_per_floor":[70,70,70,70,70,70,70,70,70,70,70,70,70,70,70,70,70,70,70,70,70,70,70,70,70],"card_choices":[{"not_picked":["Runesmith:HeatedChisel","Runesmith:MakeshiftArmor"],"picked":"Runesmith:Firewall","floor":1.0},{"not_picked":["Runesmith:Attraction","Runesmith:BackupBattery"],"picked":"Runesmith:CraftProtectio","floor":2.0},{"not_picked":["Runesmith:Repurpose","Runesmith:Retool"],"picked":"Runesmith:EnergizedChisel","floor":3.0},{"not_picked":["Runesmith:EnergizedChisel","Runesmith:Grindstone"],"picked":"Runesmith:UnstableHammer","floor":5},{"not_picked":["Runesmith:CraftProtectio","Runesmith:WhiteBalance"],"picked":"Runesmith:PerfectChisel","floor":7},{"not_picked":["Runesmith:BackupBattery","Runesmith:PoweredAnvil"],"picked":"Runesmith:Overpower","floor":11},{"not_picked":["Runesmith:HeatExchange","Runesmith:CraftMedicinae"],"picked":"Runesmith:EarthShield","floor":12},{"not_picked":["Runesmith:LastStand","Runesmith:DuctTape"],"picked":"Runesmith:CraftIndustria","floor":16},{"not_picked":["Runesmith:UnstableHammer","Runesmith:FieryHammer"],"picked":"Runesmith:ChiselStab+1","floor":18},{"not_picked":["Runesmith:StaticCage","Runesmith:HammerThrow"],"picked":"Runesmith:HeatedChisel","floor":19},{"not_picked":["Runesmith:Overpower","Runesmith:Empowerment","Runesmith:HeatExchange"],"picked":"SKIP","floor":21},{"not_picked":["Runesmith:StaticCage","Runesmith:Retool","Runesmith:ChargedHammer"],"picked":"SKIP","floor":23}],"player_experience":2158681,"relics_obtained":[{"floor":5,"key":"Whetstone"},{"floor":7,"key":"conspire:Dentures"},{"floor":9,"key":"Replay:Bottled Flurry"},{"floor":11,"key":"StuffTheSpire:RubySignet"},{"floor":14,"key":"StuffTheSpire:Tea"}],"event_choices":[{"damage_healed":0,"gold_gain":0,"player_choice":"Ignored","damage_taken":0,"max_hp_gain":0,"max_hp_loss":0,"event_name":"Menagerie:MagesHand","floor":4,"gold_loss":0}],"is_beta":false,"boss_relics":[{"not_picked":["conspire:SeveredTorchhead","Runesmith:UraniumAnvil"],"picked":"reliquary:Craggleroot"}],"items_purged_floors":[22],"is_endless":false,"potions_floor_spawned":[2,3,11,19,21],"killed_by":"Elementarium:STONE_GOLEMS","ascension_level":12}}