{"host":"m1rjttoroz33xrz1","time":1613182524,"event":{"mods":["BaseMod","Colored Map","Downfall","Hermit","Mad Scientist","Marisa????????","Minty Spire (QoL Compilation)","StSLib","The Construct","The Cursed","The Druid","The Jungle","The Servant 0.9.4"],"gold_per_floor":[110,110,110,110,60,60,91,51,75,75,110,110,110,150,150,150,150],"floor_reached":16,"language":"ENG","playtime":1657,"items_purged":[],"score":123,"play_id":"1bf36816-d72c-4dc5-8f99-e1ffb67f76c6","local_time":"20210212211524","is_ascension_mode":true,"campfire_choices":[{"data":"construct:Defend_Gold+1","floor":6,"key":"SMITH"},{"floor":10,"key":"REST"},{"data":"construct:LaserCore","floor":12,"key":"SMITH"},{"data":"construct:Defend_Gold","floor":15,"key":"SMITH"}],"circlet_count":0,"master_deck":["construct:Strike_Gold","construct:Strike_Gold","construct:Strike_Gold","construct:Strike_Gold","construct:Strike_Gold","construct:Defend_Gold","construct:Defend_Gold+1","construct:Defend_Gold","construct:Defend_Gold+2","construct:AttackMode","construct:DefenseMode+1","construct:ShieldBurst","construct:SweepLaser","construct:MetalShell","construct:LaserCore+1","construct:GuardCore","construct:Synchronize"],"relics":["construct:ClockworkPhoenix","Golden Idol","Bag of Preparation","Vajra","Blood Vial","Gremlin Horn","Mango"],"acts_visited":["Exordium"],"potions_floor_usage":[11,14],"damage_taken":[{"damage":0,"enemies":"Jaw Worm","floor":1,"turns":5},{"damage":21,"enemies":"3 Sentries","floor":7,"turns":11},{"damage":11,"enemies":"Gremlin Nob","floor":11,"turns":3},{"damage":16,"enemies":"Lagavulin","floor":14,"turns":8},{"damage":63,"enemies":"Hexaghost","floor":16,"turns":15}],"seed_played":"4974024342819027480","potions_obtained":[{"floor":7,"key":"Strength Potion"},{"floor":11,"key":"BlessingOfTheForge"}],"is_trial":false,"path_per_floor":["M","?","$","?","?","R","E","$","T","R","E","R","T","E","R","B"],"character_chosen":"THE_CONSTRUCT_MOD","items_purchased":["construct:LaserCore"],"campfire_rested":1,"item_purchase_floors":[8],"current_hp_per_floor":[85,68,68,68,68,68,47,47,47,72,61,61,61,61,61,0,0],"gold":150,"neow_bonus":"TRANSFORM_CARD","is_daily":false,"chose_seed":false,"campfire_upgraded":3,"win_rate":0.0,"timestamp":1613182524,"path_taken":["M","?","$","?","?","R","E","$","T","R","E","R","?","E","R","BOSS"],"items_purchased_type":["Card"],"build_version":"2020-12-22","purchased_purges":0,"victory":false,"max_hp_per_floor":[85,85,85,85,85,85,85,85,85,85,85,85,85,99,99,99,99],"card_choices":[{"not_picked":["construct:Analyze","construct:SyphonStrike"],"picked":"construct:SweepLaser","floor":1},{"not_picked":["construct:Impenetrable","construct:VentSteam"],"picked":"construct:MetalShell","floor":7},{"not_picked":["construct:Versatility","construct:Autoturret"],"picked":"construct:GuardCore","floor":11},{"not_picked":["construct:Accumulate","construct:SyphonStrike"],"picked":"construct:Synchronize","floor":14}],"player_experience":1687986,"relics_obtained":[{"floor":7,"key":"Bag of Preparation"},{"floor":9,"key":"Vajra"},{"floor":11,"key":"Blood Vial"},{"floor":13,"key":"Gremlin Horn"},{"floor":14,"key":"Mango"}],"event_choices":[{"damage_healed":0,"gold_gain":0,"player_choice":"Entered Light","damage_taken":17,"max_hp_gain":0,"max_hp_loss":0,"event_name":"Shining Light","floor":2,"gold_loss":0,"cards_upgraded":["construct:Defend_Gold","construct:DefenseMode"]},{"damage_healed":0,"gold_gain":0,"player_choice":"Take Wound","damage_taken":0,"relics_obtained":["Golden Idol"],"max_hp_gain":0,"max_hp_loss":0,"event_name":"Golden Idol","floor":4,"gold_loss":0,"cards_obtained":["Injury"]},{"cards_removed":["Injury"],"damage_healed":0,"gold_gain":0,"player_choice":"Card Removal","damage_taken":0,"max_hp_gain":0,"max_hp_loss":0,"event_name":"The Cleric","floor":5,"gold_loss":50}],"is_beta":false,"boss_relics":[],"items_purged_floors":[],"is_endless":false,"potions_floor_spawned":[7,11],"killed_by":"Hexaghost","ascension_level":2}}