{"host":"0cnf9zf1gia27zti","time":1613180240,"event":{"mods":["BaseMod","Better Third Choice","BetterRewards","Card Forge","ChefMod","Colored Map","Colored Powertips","Conspire","Downfall","Googly Eyes","Infinite Spire","Minty Spire (QoL Compilation)","Practice Mode","Quick Restart","Replay The Spire","Shade Mod","Spicy Shops","StSLib","The Marked"],"gold_per_floor":[112,125,75,75,87,87,162,196,196,196,196,196,115,133,133,211,211,224,274,284,295,18,46,46,46,116,116,132,132,132,132,12,44,44,120,120,139,59,71,84,16,44,44,73,96,96,96,20,49,59,59,59],"floor_reached":53,"language":"ENG","playtime":7829,"items_purged":[],"score":2054,"play_id":"13e18540-f520-4d3f-a2f5-ea2f2fd9e08b","local_time":"20210213013720","is_ascension_mode":true,"campfire_choices":[{"data":"Metallicize","floor":6,"key":"SMITH"},{"data":"Iron Wave","floor":12,"key":"SMITH"},{"floor":15,"key":"DIG"},{"floor":25,"key":"REST"},{"data":"Inflame","floor":27,"key":"SMITH"},{"floor":34,"key":"REST"},{"floor":43,"key":"REST"},{"data":"Inflame","floor":46,"key":"SMITH"},{"data":"Sword Boomerang","floor":51,"key":"SMITH"}],"circlet_count":0,"master_deck":["AscendersBane","Defend_R+1","Flash of Steel+1","Warcry","Flash of Steel+1","Shrug It Off+1","Cleave","Iron Wave+1","Warcry","Metallicize+1","Metallicize+1","Iron Wave+1","Metallicize+1","Sword Boomerang+1","Inflame+1","Limit Break+1","Cleave+1","Whirlwind","Inflame+1","Iron Wave+1","Whirlwind","Shrug It Off+1","Violence+1","Limit Break+1","Shrug It Off+1","Panache+1","Blind+1"],"relics":["Burning Blood","Hammer of Thor","Seething Fire","Anvil of the Gods","Replay:Wax Seal","Nunchaku","Chemical X","Strawberry","Blue Doll","Prayer Wheel","Bag of Marbles","Whetstone","Vajra","Replay:Bottled Steam","Art of War","Self Forming Clay","Du-Vu Doll","War Paint","Singing Bowl","Toxic Egg 2","The Courier","Membership Card","Letter Opener","Black Star","MealTicket","Counterbalance","infinitespire:Beetle Shell","ReplayTheSpireMod:TigerMarble","Divine Protection","ReplayFunnel","Sundial","Replay:Bottled Snecko"],"acts_visited":["Exordium","TheCity","TheBeyond"],"potions_floor_usage":[16,16,21,35,40,40,44,52,52],"damage_taken":[{"damage":0,"enemies":"2 Louse","floor":1,"turns":3},{"damage":0,"enemies":"Cultist","floor":2,"turns":3},{"damage":0,"enemies":"Small Slimes","floor":5,"turns":3},{"damage":0,"enemies":"Gremlin Nob","floor":8,"turns":4},{"damage":0,"enemies":"Looter","floor":14,"turns":2},{"damage":0,"enemies":"Fading Forest","floor":16,"turns":11},{"damage":1,"enemies":"Chosen","floor":18,"turns":3},{"damage":17,"enemies":"Shell Parasite","floor":20,"turns":2},{"damage":15,"enemies":"Snake Plant","floor":21,"turns":3},{"damage":29,"enemies":"Gremlin Leader","floor":23,"turns":5},{"damage":12,"enemies":"Centurion and Healer","floor":28,"turns":4},{"damage":10,"enemies":"Slavers","floor":33,"turns":2},{"damage":1,"enemies":"Automaton","floor":35,"turns":6},{"damage":0,"enemies":"3 Darklings","floor":37,"turns":1},{"damage":24,"enemies":"3 Shapes","floor":38,"turns":6},{"damage":0,"enemies":"3 Darklings","floor":39,"turns":1},{"damage":19,"enemies":"Spire Growth","floor":40,"turns":4},{"damage":31,"enemies":"Reptomancer","floor":42,"turns":6},{"damage":4,"enemies":"R_Hoarder","floor":44,"turns":6},{"damage":0,"enemies":"Giant Head","floor":49,"turns":6},{"damage":0,"enemies":"Writhing Mass","floor":50,"turns":4},{"damage":5,"enemies":"Donu and Deca","floor":52,"turns":6}],"seed_played":"-716104509693948562","potions_obtained":[{"floor":1,"key":"ColorlessPotion"},{"floor":2,"key":"LiquidBronze"},{"floor":20,"key":"Block Potion"},{"floor":21,"key":"Elixir"},{"floor":33,"key":"Regen Potion"},{"floor":37,"key":"SteroidPotion"},{"floor":42,"key":"Energy Potion"}],"is_trial":false,"path_per_floor":["M","M","$","?","M","R","?","E","T","?","?","R","$","M","R_BF","B",null,"M","?","M","M","$","E","?","R","T","R","M","T","PTL","PTL","$","E","R","B",null,"M","M","M","M","$","E","R","E","T","R","?","$","E","M","R","B",null],"character_chosen":"IRONCLAD","items_purchased":["Replay:Wax Seal","Flash of Steel","Warcry","Nunchaku","Flash of Steel","Shrug It Off","Chemical X","Strawberry","Cleave","Blue Doll","Prayer Wheel","Bag of Marbles","Iron Wave","Warcry","Whetstone","Metallicize","Vajra","Replay:Bottled Steam","Metallicize+1","Inflame","Inflame","War Paint","Iron Wave+1","Membership Card","Violence+1","MealTicket","PowerPotion","LifebloodPotion","Blind+1"],"campfire_rested":3,"item_purchase_floors":[0,0,0,0,0,0,0,0,0,0,0,0,0,0,0,0,0,0,3,13,22,22,22,32,32,41,48,48,48],"current_hp_per_floor":[81,82,82,82,82,82,71,77,77,82,82,82,82,87,87,87,87,87,87,76,67,67,44,44,70,70,70,66,66,66,66,66,64,91,91,91,95,79,89,89,89,66,98,103,103,103,103,110,112,113,113,113],"gold":59,"neow_bonus":"","is_daily":false,"chose_seed":false,"campfire_upgraded":5,"win_rate":0.0,"timestamp":1613180240,"path_taken":["M","M","$","?","?","R","?","E","T","?","?","R","$","M","R_BF","BOSS","M","?","M","M","?","E","?","R","T","R","M","?","PTL","PTL","$","E","R","BOSS","M","M","M","M","$","E","R","E","T","R","?","$","E","M","R","BOSS"],"items_purchased_type":["Relic","Card","Card","Relic","Card","Card","Relic","Relic","Card","Relic","Relic","Relic","Card","Card","Relic","Card","Relic","Relic","Card","Card","Card","Relic","Card","Relic","Card","Relic","Potion","Potion","Card"],"build_version":"2020-12-22","purchased_purges":0,"victory":true,"max_hp_per_floor":[82,82,82,82,82,82,82,82,82,87,87,87,87,87,87,87,87,87,87,87,87,87,87,87,87,87,87,89,89,89,89,89,91,91,91,91,95,97,101,105,105,107,107,110,110,110,110,110,112,113,113,113],"card_choices":[{"not_picked":["Headbutt","Life Link"],"picked":"Iron Wave","floor":1},{"not_picked":["Wild Strike","Run Through","Sentinel"],"picked":"SKIP","floor":1},{"not_picked":["Ghostly Armor","Run Through","Perfected Strike"],"picked":"SKIP","floor":2},{"not_picked":["Fire Breathing","Sentinel","Thunderclap"],"picked":"SKIP","floor":2},{"not_picked":["Clothesline","ReplayReversal"],"picked":"Sword Boomerang","floor":5},{"not_picked":["Clash","ReplayTheSpireMod:Limb From Limb","Combust"],"picked":"SKIP","floor":5},{"not_picked":["True Grit","Ghostly Armor","ReplayTheSpireMod:Corrosion Curse"],"picked":"SKIP","floor":8},{"not_picked":["Fire Breathing","infinitespire:OneForAll","Massacre"],"picked":"SKIP","floor":14},{"not_picked":["Sentinel","Run Through","Sword Boomerang"],"picked":"SKIP","floor":14},{"not_picked":["Bludgeon","Feed"],"picked":"Limit Break","floor":16},{"not_picked":["Disarm","Anger"],"picked":"Massacre+1","floor":18},{"not_picked":["Evolve","Armaments"],"picked":"Cleave+1","floor":18},{"not_picked":["Replay:Undeath\u0027s Touch","Shrug It Off+1"],"picked":"Whirlwind","floor":20},{"not_picked":["Body Slam","Intimidate","Anger"],"picked":"SKIP","floor":20},{"not_picked":["Flex","conspire:HitWhereItHurts","Armaments"],"picked":"SKIP","floor":21},{"not_picked":["Twin Strike","True Grit","Shrug It Off"],"picked":"SKIP","floor":21},{"not_picked":["Brutality","conspire:HitWhereItHurts"],"picked":"Whirlwind","floor":23},{"not_picked":["Burning Pact+1","ReplayTheSpireMod:Strike From Hell"],"picked":"Shrug It Off+1","floor":28},{"not_picked":["Burning Pact+1","Wild Strike","Rage+1"],"picked":"Singing Bowl","floor":28},{"not_picked":["infinitespire:OneForAll+1","Searing Blow","Replay:Undeath\u0027s Touch+1"],"picked":"Singing Bowl","floor":33},{"not_picked":["Corruption","Impervious+1"],"picked":"Limit Break+1","floor":35},{"not_picked":["Clothesline","Anger","Twin Strike"],"picked":"Singing Bowl","floor":37},{"not_picked":["Massacre+1","Hemokinesis","Pommel Strike"],"picked":"Singing Bowl","floor":37},{"not_picked":["Eclipse+1","ReplayTheSpireMod:Limb From Limb"],"picked":"Shrug It Off+1","floor":38},{"not_picked":["Replay:Undeath\u0027s Touch","Dropkick","Body Slam"],"picked":"Singing Bowl","floor":38},{"not_picked":["Searing Blow","Perfected Strike","Armaments+1"],"picked":"Singing Bowl","floor":39},{"not_picked":["Run Through","Entrench+1","Iron Wave"],"picked":"Singing Bowl","floor":39},{"not_picked":["Body Slam+1","Shockwave+1","Havoc+1"],"picked":"Singing Bowl","floor":40},{"not_picked":["Warcry+1","Iron Wave","infinitespire:OneForAll"],"picked":"Singing Bowl","floor":40},{"not_picked":["conspire:ExplosiveBarrier+1","Carnage","Clothesline+1"],"picked":"Singing Bowl","floor":42},{"not_picked":["Perfected Strike","Flex+1","Impervious+1"],"picked":"Singing Bowl","floor":44},{"not_picked":["Abandon+1","Juggernaut","Armaments+1"],"picked":"Singing Bowl","floor":49},{"not_picked":["Battle Trance+1","Clothesline","Anger"],"picked":"Singing Bowl","floor":50},{"not_picked":["Abandon+1","Exhume+1","Defy Death+1"],"picked":"Singing Bowl","floor":50}],"player_experience":3813689,"relics_obtained":[{"floor":8,"key":"Art of War"},{"floor":9,"key":"Self Forming Clay"},{"floor":15,"key":"Du-Vu Doll"},{"floor":23,"key":"Singing Bowl"},{"floor":26,"key":"Toxic Egg 2"},{"floor":29,"key":"The Courier"},{"floor":33,"key":"Letter Opener"},{"floor":42,"key":"Counterbalance"},{"floor":42,"key":"infinitespire:Beetle Shell"},{"floor":44,"key":"ReplayTheSpireMod:TigerMarble"},{"floor":44,"key":"Divine Protection"},{"floor":45,"key":"ReplayFunnel"},{"floor":49,"key":"Sundial"},{"floor":49,"key":"Replay:Bottled Snecko"}],"event_choices":[{"cards_removed":["Strike_R"],"damage_healed":0,"gold_gain":0,"player_choice":"Purged","damage_taken":0,"max_hp_gain":0,"max_hp_loss":0,"event_name":"Purifier","floor":4,"gold_loss":0},{"damage_healed":0,"gold_gain":75,"player_choice":"Gold","damage_taken":11,"max_hp_gain":0,"max_hp_loss":0,"event_name":"betterThird:BetterGoop","floor":7,"gold_loss":0},{"damage_healed":0,"gold_gain":0,"player_choice":"Donut","damage_taken":0,"max_hp_gain":5,"max_hp_loss":0,"event_name":"Big Fish","floor":10,"gold_loss":0},{"damage_healed":0,"gold_gain":50,"player_choice":"Pray","damage_taken":0,"max_hp_gain":0,"max_hp_loss":0,"event_name":"Golden Shrine","floor":19,"gold_loss":0},{"damage_healed":0,"gold_gain":0,"player_choice":"Ignored","damage_taken":0,"max_hp_gain":0,"max_hp_loss":0,"event_name":"Ghosts","floor":24,"gold_loss":0},{"cards_removed":["Bash"],"damage_healed":0,"gold_gain":0,"player_choice":"Offered Basic","damage_taken":0,"max_hp_gain":0,"max_hp_loss":0,"event_name":"Bonfire Elementals","floor":47,"gold_loss":0}],"is_beta":false,"boss_relics":[{"not_picked":["ReplayTheSpireMod:SealedPack","Replay:Ancient Bell","conspire:SlowCooker"]},{"not_picked":["Replay:Grab Bag","Runic Dome"],"picked":"Black Star"}],"items_purged_floors":[],"is_endless":false,"potions_floor_spawned":[1,2,8,20,21,33,37,42,49],"ascension_level":17}}