{"host":"z439itq93uucuvou","time":1613196678,"event":{"mods":["BaseMod","Colored Powertips","Jorbs\u0027s Wanderer Trilogy","Minty Spire (QoL Compilation)","StSLib"],"gold_per_floor":[115,127,147,297,60,87,87,145,145,165,165,204,204,234,234,337,337,378,293,3,3,23,23,43,43,43,378,123,137,163,163,163,163,163],"floor_reached":33,"language":"ENG","playtime":1344,"items_purged":["Doubt","Strike_P","Defend_P"],"score":699,"play_id":"b58e3e02-f7bd-4df3-a101-21a5ce388356","local_time":"20210212221118","is_ascension_mode":true,"campfire_choices":[{"data":"Eruption","floor":7.0,"key":"SMITH"},{"floor":11.0,"key":"REST"},{"floor":15.0,"key":"REST"},{"data":"Blasphemy","floor":23,"key":"SMITH"},{"data":"ClearTheMind","floor":25,"key":"SMITH"},{"data":"TalkToTheHand","floor":32,"key":"SMITH"}],"circlet_count":0,"master_deck":["AscendersBane","Strike_P","Strike_P","Strike_P","Defend_P","Defend_P","Eruption+1","Vigilance","CarveReality","WheelKick","Fasting2","Dramatic Entrance","Crescendo","Wish+1","Meditate","EmptyFist","Wallop","Sanctity+1","FollowUp","ClearTheMind+1","Blasphemy+1","Protect","Ghostly","Ghostly","Ghostly","Adaptation","Establishment","Thinking Ahead","EmptyBody","TalkToTheHand+1"],"relics":["PureWater","Orichalcum","Gremlin Horn","Dream Catcher","StrikeDummy","VioletLotus","Vajra","Membership Card","Bottled Lightning","Old Coin","Thread and Needle"],"acts_visited":["Exordium","TheCity"],"potions_floor_usage":[30,30],"damage_taken":[{"damage":0.0,"enemies":"Small Slimes","floor":1.0,"turns":2.0},{"damage":2.0,"enemies":"Jaw Worm","floor":2.0,"turns":2.0},{"damage":0.0,"enemies":"2 Louse","floor":3.0,"turns":2.0},{"damage":22.0,"enemies":"3 Sentries","floor":6.0,"turns":6.0},{"damage":21.0,"enemies":"Lagavulin","floor":8.0,"turns":6.0},{"damage":7.0,"enemies":"2 Fungi Beasts","floor":10.0,"turns":4.0},{"damage":4.0,"enemies":"Large Slime","floor":12.0,"turns":4.0},{"damage":0.0,"enemies":"3 Sentries","floor":14.0,"turns":2.0},{"damage":18.0,"enemies":"Hexaghost","floor":16.0,"turns":9.0},{"damage":21,"enemies":"3 Byrds","floor":18,"turns":5},{"damage":0,"enemies":"Chosen","floor":22,"turns":3},{"damage":0,"enemies":"Snake Plant","floor":24,"turns":2},{"damage":0,"enemies":"Slavers","floor":27,"turns":2},{"damage":6,"enemies":"3 Cultists","floor":29,"turns":3},{"damage":0,"enemies":"Gremlin Leader","floor":30,"turns":1},{"damage":23,"enemies":"Collector","floor":33,"turns":4}],"seed_played":"-4000846723558458297","potions_obtained":[{"floor":2.0,"key":"SkillPotion"},{"floor":3.0,"key":"Dexterity Potion"},{"floor":10.0,"key":"DuplicationPotion"},{"floor":14.0,"key":"Block Potion"}],"is_trial":false,"path_per_floor":["M","M","M","?","$","E","R","E","T","M","R","M","?","E","R","B",null,"M","?","$","?","M","R","M","R","T","E","$","M","E","?","R","B"],"character_chosen":"WATCHER","items_purchased":["Dramatic Entrance","Crescendo","Membership Card","FearPotion","DuplicationPotion","Establishment","Thinking Ahead"],"campfire_rested":2,"item_purchase_floors":[5,5,20,20,20,28,28],"current_hp_per_floor":[67,65,65,65,65,43,43,22,22,15,37,33,11,11,33,15,59,38,38,38,37,37,37,37,37,37,37,37,31,31,31,31,8,8],"gold":163,"neow_bonus":"TEN_PERCENT_HP_BONUS","is_daily":false,"chose_seed":false,"campfire_upgraded":4,"win_rate":0.0,"timestamp":1613196678,"path_taken":["M","M","M","?","$","E","R","E","T","M","R","M","?","E","R","BOSS","M","?","$","?","M","R","M","R","T","E","$","M","E","?","R","BOSS"],"items_purchased_type":["Card","Card","Relic","Potion","Potion","Card","Card"],"build_version":"2020-12-22","purchased_purges":3,"victory":false,"max_hp_per_floor":[74,74,74,74,74,74,74,74,74,74,74,74,74,74,74,74,74,74,74,74,37,37,37,37,37,37,37,37,37,37,37,37,37,37],"card_choices":[{"not_picked":["ThirdEye","Evaluate"],"picked":"CarveReality","floor":1.0},{"not_picked":["FlyingSleeves","ThirdEye"],"picked":"WheelKick","floor":2.0},{"not_picked":["Halt","SashWhip"],"picked":"Fasting2","floor":3.0},{"not_picked":["CutThroughFate","Fasting2"],"picked":"Wish","floor":6.0},{"not_picked":["EmptyBody","CrushJoints"],"picked":"Meditate","floor":8.0},{"not_picked":["JustLucky","PathToVictory"],"picked":"EmptyFist","floor":10.0},{"not_picked":["Protect","Prostrate"],"picked":"Wallop","floor":11.0},{"not_picked":["EmptyMind","EmptyBody"],"picked":"Sanctity","floor":12.0},{"not_picked":["Sanctity","Ragnarok"],"picked":"FollowUp","floor":14.0},{"not_picked":["EmptyBody","Study"],"picked":"ClearTheMind","floor":15.0},{"not_picked":["Omniscience","Scrawl"],"picked":"Blasphemy","floor":16.0},{"not_picked":["WindmillStrike","EmptyFist"],"picked":"Protect","floor":18},{"not_picked":["Perseverance+1","CutThroughFate+1"],"picked":"Adaptation","floor":22},{"not_picked":["Halt","BowlingBash","Prostrate"],"picked":"SKIP","floor":24},{"not_picked":["Worship","SashWhip","ForeignInfluence"],"picked":"SKIP","floor":27},{"not_picked":["Conclude","SignatureMove"],"picked":"EmptyBody","floor":29},{"not_picked":["Brilliance","Establishment"],"picked":"TalkToTheHand","floor":30}],"player_experience":1489321,"relics_obtained":[{"floor":6.0,"key":"Orichalcum"},{"floor":8.0,"key":"Gremlin Horn"},{"floor":9.0,"key":"Dream Catcher"},{"floor":14.0,"key":"StrikeDummy"},{"floor":26,"key":"Bottled Lightning"},{"floor":27,"key":"Old Coin"},{"floor":30,"key":"Thread and Needle"}],"event_choices":[{"damage_healed":0.0,"max_hp_gain":0.0,"max_hp_loss":0.0,"gold_gain":150.0,"event_name":"Liars Game","player_choice":"AGREE","floor":4.0,"gold_loss":0.0,"damage_taken":0.0,"cards_obtained":["Doubt"]},{"damage_healed":0.0,"max_hp_gain":0.0,"max_hp_loss":0.0,"gold_gain":0.0,"event_name":"Shining Light","player_choice":"Entered Light","floor":13.0,"gold_loss":0.0,"damage_taken":22.0,"cards_upgraded":["Sanctity","Wish"]},{"damage_healed":0,"gold_gain":0,"player_choice":"Obtained Relic","damage_taken":0,"relics_obtained":["Vajra"],"max_hp_gain":0,"max_hp_loss":0,"event_name":"Addict","floor":19,"gold_loss":85},{"damage_healed":0,"gold_gain":0,"player_choice":"Became a Ghost","damage_taken":0,"max_hp_gain":0,"max_hp_loss":37,"event_name":"Ghosts","floor":21,"gold_loss":0,"cards_obtained":["Ghostly","Ghostly","Ghostly"]},{"cards_removed":["Defend_P"],"damage_healed":0,"gold_gain":0,"player_choice":"Elegance","damage_taken":0,"max_hp_gain":0,"max_hp_loss":0,"event_name":"Back to Basics","floor":31,"gold_loss":0}],"is_beta":false,"boss_relics":[{"not_picked":["Calling Bell","HolyWater"],"picked":"VioletLotus"}],"items_purged_floors":[5,20,28],"is_endless":false,"potions_floor_spawned":[2,3,10,14,24,29],"killed_by":"Collector","ascension_level":17}}