{"host":"kr40xqsmov1kh7zv","time":1613194623,"event":{"mods":["AchievementEnabler","Act Like it!","BaseMod","Downfall","Highlight Path","Minty Spire (QoL Compilation)","StSLib"],"gold_per_floor":[99,99,99,99,99,99,99,125,145,160,177,197,197,211,225,225,225,225],"floor_reached":16,"language":"ENG","playtime":536,"items_purged":[],"score":127,"play_id":"e20b1d46-e4d4-477f-bf43-71e89219b7b2","local_time":"20210213163703","is_ascension_mode":false,"campfire_choices":[{"floor":1,"key":"RECALL"},{"data":"sneckomod:UnendingSupply","floor":6,"key":"SMITH"}],"circlet_count":0,"master_deck":["sneckomod:Strike","sneckomod:Strike","sneckomod:Defend","sneckomod:Defend","sneckomod:TailWhip","sneckomod:SnekBite","sneckomod:Unknown","sneckomod:Unknown","sneckomod:UnendingSupply+1","sneckomod:UnknownStrike","sneckomod:UnknownStrike","sneckomod:UnknownDraw","sneckomod:UnknownBoss","sneckomod:UnknownBlock","sneckomod:CheapStock","sneckomod:DiceCrush","sneckomod:UnknownClassBLUE"],"relics":["sneckomod:SneckoSoul","downfall:HeartsMalice","Ginger","Letter Opener"],"acts_visited":["Exordium"],"potions_floor_usage":[15,15,16],"damage_taken":[{"damage":0,"enemies":"Cultist","floor":2,"turns":1},{"damage":0,"enemies":"Jaw Worm","floor":3,"turns":1},{"damage":0,"enemies":"Lagavulin","floor":8,"turns":1},{"damage":0,"enemies":"2 Louse","floor":9,"turns":1},{"damage":23,"enemies":"Exordium Thugs","floor":10,"turns":3},{"damage":26,"enemies":"Blue Slaver","floor":11,"turns":4},{"damage":29,"enemies":"Exordium Wildlife","floor":12,"turns":4},{"damage":8,"enemies":"2 Fungi Beasts","floor":14,"turns":3},{"damage":8,"enemies":"Blue Slaver","floor":15,"turns":4},{"damage":17,"enemies":"DF_ARCHETYPE_STREAMLINE","floor":16,"turns":3}],"seed_played":"5776688670292913201","potions_obtained":[{"floor":8,"key":"Guardian:BlockOnCardUsePotion"},{"floor":10,"key":"AttackPotion"},{"floor":12,"key":"SneckoOil"}],"is_trial":false,"path_per_floor":["R","M","M","?","?","R","T","E","M","M","M","M","T","M","M","B"],"character_chosen":"THE_SNECKO","items_purchased":[],"campfire_rested":0,"item_purchase_floors":[],"current_hp_per_floor":[90,90,90,90,90,90,90,90,90,74,48,19,19,11,3,0,0,0],"gold":225,"neow_bonus":"THREE_ENEMY_KILL","is_daily":false,"chose_seed":false,"campfire_upgraded":1,"win_rate":0.0,"timestamp":1613194623,"path_taken":["R","M","M","?","?","R","T","E","M","M","?","M","?","M","M","BOSS"],"items_purchased_type":[],"build_version":"2020-12-22","purchased_purges":0,"victory":false,"max_hp_per_floor":[90,90,90,90,90,90,90,90,90,90,90,90,90,90,90,90,90,90],"card_choices":[{"not_picked":["sneckomod:Unknown1Cost","sneckomod:UnknownClassBLUE"],"picked":"sneckomod:UnendingSupply","floor":2},{"not_picked":["sneckomod:UnknownClassGUARDIAN","sneckomod:UnknownClassGREEN"],"picked":"sneckomod:UnknownStrike","floor":3},{"not_picked":["sneckomod:UnknownClassSLIMEBOUND","sneckomod:DiceBlock"],"picked":"sneckomod:UnknownStrike","floor":8},{"not_picked":["sneckomod:QuickBite","sneckomod:UnknownClassGUARDIAN"],"picked":"sneckomod:UnknownDraw","floor":9},{"not_picked":["sneckomod:UnknownClassTHE_CHAMP_GRAY","sneckomod:RainOfDice"],"picked":"sneckomod:UnknownBoss","floor":10},{"not_picked":["sneckomod:UnknownWeak","sneckomod:UnknownClassRED"],"picked":"sneckomod:UnknownBlock","floor":11},{"not_picked":["sneckomod:SnekBeam","sneckomod:DiceBlock"],"picked":"sneckomod:CheapStock","floor":12},{"not_picked":["sneckomod:UnknownClassSLIMEBOUND","sneckomod:UnknownClassGREEN"],"picked":"sneckomod:DiceCrush","floor":14},{"not_picked":["sneckomod:UnknownClassTHE_CHAMP_GRAY","sneckomod:WideSting"],"picked":"sneckomod:UnknownClassBLUE","floor":15}],"player_experience":228018,"relics_obtained":[{"floor":8,"key":"Ginger"},{"floor":13,"key":"Letter Opener"}],"event_choices":[{"cards_removed":["sneckomod:Strike"],"damage_healed":0,"gold_gain":0,"player_choice":"Card Removal","damage_taken":0,"max_hp_gain":0,"max_hp_loss":0,"event_name":"The Cleric","floor":4,"gold_loss":0},{"cards_removed":["sneckomod:Defend"],"damage_healed":0,"gold_gain":0,"player_choice":"Offered Basic","damage_taken":0,"max_hp_gain":0,"max_hp_loss":0,"event_name":"Bonfire Elementals","floor":5,"gold_loss":0}],"is_beta":false,"boss_relics":[],"items_purged_floors":[],"is_endless":false,"potions_floor_spawned":[8,10,12,14],"killed_by":"DF_ARCHETYPE_STREAMLINE","ascension_level":0}}