{"host":"hb254truj5uxpodn","time":1613257239,"event":{"mods":["2.2 Compatiblity","AchievementEnabler","Aspiration","BaseMod","Bestiary","Better Altar","Better Match","Better Note","Better Sensory Stone","Better Skull","Better Third Choice","Better Vampires","BetterRewards","CapriCore","Colored Map","Colored Powertips","Conspire","Downfall","Energized Spire","Fiend Mod","Friendly Minions","GifTheSpireLib","Highlight Path","Hubris","Infinite Spire","Minty Spire (QoL Compilation)","Permanent Neow","Practice Mode","Quick Restart","Relic Stats","Replay The Spire","Shop Mod","Spicy Shops","StSLib","SuperFastMode","Uncapped"],"gold_per_floor":[117,128,146,146,166,184,184,198,208,208,33,56,66,66,81,97,97,122,140,153,187,187,187,198,198,198,198,215,215,234,234,253,253,269,269,314,314,389,389,264,283,283,381,381,396,406,406,406,418,418,418,418,418,431,444,463,463,474,424,441,501,517,517,530,530,557,557,567,567,567,493,493,596,596,611,623,623,548,564,564,581,581,581,581,594,613,627,627,627,722,722,739,739,754,754,754,754,770,787,812,812,812,832,885,935,935,935,935,935,684,712,712],"floor_reached":113,"language":"ENG","playtime":6859,"items_purged":["Defend_R","Strike_R","Strike_R","Rampage+1"],"score":1507,"play_id":"a9518a7e-0845-4df2-a2bc-a05182d4364d","local_time":"20210213150039","is_ascension_mode":false,"campfire_choices":[{"floor":33.0,"key":"RECALL"},{"floor":37.0,"key":"REST"},{"floor":42.0,"key":"REST"},{"floor":50.0,"key":"REST"},{"data":"Spot Weakness","floor":52.0,"key":"SMITH"},{"data":"Rampage","floor":63.0,"key":"SMITH"},{"data":"Inflame","floor":67.0,"key":"SMITH"},{"data":"Fire Breathing","floor":70.0,"key":"SMITH"},{"data":"ReplayTheSpireMod:Limb From Limb","floor":72.0,"key":"SMITH"},{"data":"Shrug It Off","floor":80.0,"key":"SMITH"},{"data":"Heavy Blade","floor":82.0,"key":"SMITH"},{"floor":89.0,"key":"REST"},{"floor":97,"key":"REST"},{"floor":101,"key":"REST"},{"data":"conspire:DoublingDagger","floor":106,"key":"SMITH"},{"floor":109,"key":"REST"}],"circlet_count":0,"master_deck":["Inflame+1","Spot Weakness+1","infinitespire:OneForAll+1","Heavy Blade+1","Shrug It Off+1","Fire Breathing+1","ReplayTheSpireMod:Limb From Limb+1","Disarm+1","Dagger Spray+1","conspire:DoublingDagger+1"],"relics":["Burning Blood","Odd Mushroom","aspiration:BabyByrd","conspire:Dentures","hexamod:CandleOfCauterizing","Toy Ornithopter","Fiend:Scarf","infinitespire:Eraser","infinitespire:Beetle Shell","Replay:Wax Seal","Replay:Baseball","aspiration:SilentSkillbook","conspire:TopHat","hubris:CuriousFeather","Sozu","Orichalcum","hubris:Macrotransations","hubris:ToyBattleship","Replay:Mystery Machine","champ:DeflectingBracers","ReplayTheSpireMod:Ninjato","War Paint"],"acts_visited":["Exordium","Exordium","Exordium","Exordium","TheCity","Exordium","TheCity","TheBeyond","TheEnding"],"potions_floor_usage":[],"damage_taken":[{"damage":1.0,"enemies":"Cultist","floor":1.0,"turns":3.0},{"damage":8.0,"enemies":"Jaw Worm","floor":2.0,"turns":4.0},{"damage":5.0,"enemies":"2 Louse","floor":3.0,"turns":3.0},{"damage":29.0,"enemies":"Large Slime","floor":5.0,"turns":9.0},{"damage":21.0,"enemies":"Exordium Wildlife","floor":6.0,"turns":5.0},{"damage":2.0,"enemies":"2 Louse","floor":8.0,"turns":3.0},{"damage":6.0,"enemies":"Cultist","floor":9.0,"turns":3.0},{"damage":55.0,"enemies":"The Mushroom Lair","floor":12.0,"turns":6.0},{"damage":17.0,"enemies":"Small Slimes","floor":13.0,"turns":3.0},{"damage":6.0,"enemies":"Cultist","floor":15.0,"turns":3.0},{"damage":8.0,"enemies":"Jaw Worm","floor":16.0,"turns":4.0},{"damage":2.0,"enemies":"2 Louse","floor":19.0,"turns":3.0},{"damage":20.0,"enemies":"Looter","floor":20.0,"turns":3.0},{"damage":38.0,"enemies":"Gremlin Nob","floor":21.0,"turns":5.0},{"damage":29.0,"enemies":"Gremlin Gang","floor":24.0,"turns":6.0},{"damage":22.0,"enemies":"Small Slimes","floor":28.0,"turns":4.0},{"damage":11.0,"enemies":"Jaw Worm","floor":30.0,"turns":3.0},{"damage":11.0,"enemies":"Cultist","floor":32.0,"turns":3.0},{"damage":41.0,"enemies":"Gremlin Gang","floor":34.0,"turns":6.0},{"damage":23.0,"enemies":"Exordium Thugs","floor":41.0,"turns":4.0},{"damage":114.0,"enemies":"Hexaghost","floor":43.0,"turns":9.0},{"damage":52.0,"enemies":"Shell Parasite","floor":45.0,"turns":5.0},{"damage":20.0,"enemies":"Chosen","floor":46.0,"turns":4.0},{"damage":36.0,"enemies":"Centurion and Healer","floor":49.0,"turns":7.0},{"damage":23.0,"enemies":"Snecko","floor":54.0,"turns":4.0},{"damage":20.0,"enemies":"Chosen and Byrds","floor":55.0,"turns":4.0},{"damage":21.0,"enemies":"Snake Plant","floor":56.0,"turns":2.0},{"damage":0.0,"enemies":"Cultist","floor":58.0,"turns":1.0},{"damage":0.0,"enemies":"2 Louse","floor":60.0,"turns":1.0},{"damage":0.0,"enemies":"Gremlin Nob","floor":61.0,"turns":2.0},{"damage":0.0,"enemies":"Jaw Worm","floor":62.0,"turns":1.0},{"damage":0.0,"enemies":"Large Slime","floor":64.0,"turns":1.0},{"damage":0.0,"enemies":"Exordium Wildlife","floor":68.0,"turns":2.0},{"damage":13.0,"enemies":"The Guardian","floor":73.0,"turns":3.0},{"damage":2.0,"enemies":"3 Byrds","floor":75.0,"turns":3.0},{"damage":0.0,"enemies":"2 Thieves","floor":76.0,"turns":1.0},{"damage":0.0,"enemies":"Chosen and Byrds","floor":79.0,"turns":1.0},{"damage":0.0,"enemies":"Centurion and Healer","floor":81.0,"turns":1.0},{"damage":0.0,"enemies":"Snecko","floor":85.0,"turns":1.0},{"damage":0.0,"enemies":"Sentry and Sphere","floor":86.0,"turns":1.0},{"damage":0.0,"enemies":"Centurion and Healer","floor":87.0,"turns":1.0},{"damage":26.0,"enemies":"hubris:MusketHawk","floor":90.0,"turns":3.0},{"damage":0.0,"enemies":"Orb Walker","floor":92.0,"turns":1.0},{"damage":0.0,"enemies":"3 Darklings","floor":94.0,"turns":2.0},{"damage":0,"enemies":"Transient","floor":98,"turns":5},{"damage":6,"enemies":"4 Shapes","floor":99,"turns":2},{"damage":0,"enemies":"3 Darklings","floor":103,"turns":2},{"damage":0,"enemies":"2 Orb Walkers","floor":104,"turns":1},{"damage":0,"enemies":"Mind Bloom Boss Battle","floor":105,"turns":3},{"damage":8,"enemies":"Replay:Hell Engine","floor":107,"turns":3},{"damage":0,"enemies":"Shield and Spear","floor":111,"turns":2},{"damage":52,"enemies":"The Heart","floor":112,"turns":4}],"seed_played":"7261914129791958017","potions_obtained":[{"floor":5.0,"key":"Doom Potion"},{"floor":6.0,"key":"BlessingOfTheForge"},{"floor":9.0,"key":"BloodPotion"},{"floor":46.0,"key":"Death Potion"},{"floor":76.0,"key":"Regen Potion"}],"is_trial":false,"path_per_floor":["M","M","M","?","M","M","E","M","M","?","$","?","M","E","M","M","?","T","M","M","E","PTL","PTL","M","T","?","M","M","?","M","?","M","R","M","?","T","R","?","?","$","M","R","B",null,"M","M","AVR","?","M","R","?","R","T","M","M","M","M","M","?","M","?","M","R","M","?","T","R","M","?","R","$","R","B",null,"M","M","AVR","?","M","R","M","R","T","?","M","M","M","$","R","B",null,"M","?","M","?","$","R","M","M","T","R","?","M","?","?","R","B",null,"R","$","E","B",null],"character_chosen":"IRONCLAD","items_purchased":["ReplayTheSpireMod:Limb From Limb","hubris:Macrotransations","ReplayTheSpireMod:Ninjato"],"campfire_rested":7,"item_purchase_floors":[71,96,110],"current_hp_per_floor":[88,86,87,87,64,49,96,96,96,96,96,47,36,105,105,103,103,103,105,91,59,59,59,36,36,36,115,99,104,99,99,94,94,59,59,59,95,84,84,84,67,103,24,120,74,60,60,60,30,66,66,66,66,49,35,20,132,132,132,132,132,132,132,132,132,132,132,132,132,132,132,132,125,132,132,132,132,132,132,132,132,132,132,129,132,132,132,132,132,112,132,132,132,132,132,113,132,132,132,132,132,79,85,91,97,97,95,132,132,132,132,86],"gold":712,"neow_bonus":"TEN_PERCENT_HP_BONUS","is_daily":false,"chose_seed":false,"campfire_upgraded":8,"win_rate":0.0,"timestamp":1613257239,"path_taken":["M","M","?","?","?","M","E","M","M","?","?","?","M","E","M","M","?","?","?","M","E","PTL","PTL","M","T","?","M","M","?","M","?","M","R","M","?","T","R","?","?","$","?","R","BOSS","M","M","AVR","?","M","R","?","R","T","?","M","M","M","M","?","M","?","M","R","M","?","T","R","?","?","R","?","R","BOSS","M","M","AVR","?","M","R","?","R","T","?","M","M","M","$","R","BOSS","M","?","M","?","?","R","M","M","T","R","?","?","?","?","R","BOSS","R","$","E","BOSS"],"items_purchased_type":["Card","Relic","Relic"],"build_version":"2020-12-22","purchased_purges":4,"victory":true,"max_hp_per_floor":[88,88,88,88,88,88,96,96,96,96,96,96,96,105,105,105,105,105,105,105,105,105,105,105,105,105,115,115,120,120,120,120,120,120,120,120,120,120,120,120,120,120,120,120,120,120,120,120,120,120,120,120,120,120,120,120,132,132,132,132,132,132,132,132,132,132,132,132,132,132,132,132,132,132,132,132,132,132,132,132,132,132,132,132,132,132,132,132,132,132,132,132,132,132,132,132,132,132,132,132,132,132,132,132,132,132,132,132,132,132,132,132],"relic_stats":{"Sozu":2,"counters":[56,185],"Orichalcum":[42],"War Paint":[],"obtain_stats":[{"conspire:Dentures":21,"hexamod:CandleOfCauterizing":25,"ReplayTheSpireMod:Ninjato":110,"infinitespire:Beetle Shell":53,"champ:DeflectingBracers":105,"Odd Mushroom":12,"Orichalcum":95,"Replay:Mystery Machine":102,"War Paint":111,"Burning Blood":0,"conspire:TopHat":77,"Sozu":91,"Fiend:Scarf":44,"Replay:Baseball":66,"hubris:Macrotransations":96,"aspiration:BabyByrd":17,"aspiration:SilentSkillbook":74,"hubris:CuriousFeather":83,"hubris:ToyBattleship":102,"infinitespire:Eraser":47,"Replay:Wax Seal":61,"Toy Ornithopter":36},{"conspire:Dentures":16,"hexamod:CandleOfCauterizing":17,"ReplayTheSpireMod:Ninjato":54,"infinitespire:Beetle Shell":27,"champ:DeflectingBracers":53,"Odd Mushroom":9,"Orichalcum":48,"Replay:Mystery Machine":50,"War Paint":55,"Burning Blood":0,"conspire:TopHat":40,"Sozu":46,"Fiend:Scarf":24,"Replay:Baseball":36,"hubris:Macrotransations":48,"aspiration:BabyByrd":13,"aspiration:SilentSkillbook":38,"hubris:CuriousFeather":42,"hubris:ToyBattleship":50,"infinitespire:Eraser":26,"Replay:Wax Seal":34,"Toy Ornithopter":22},{"conspire:Dentures":70,"hexamod:CandleOfCauterizing":76,"ReplayTheSpireMod:Ninjato":179,"infinitespire:Beetle Shell":124,"champ:DeflectingBracers":176,"Odd Mushroom":44,"Orichalcum":163,"Replay:Mystery Machine":170,"War Paint":181,"Burning Blood":0,"conspire:TopHat":152,"Sozu":160,"Fiend:Scarf":108,"Replay:Baseball":143,"hubris:Macrotransations":163,"aspiration:BabyByrd":59,"aspiration:SilentSkillbook":148,"hubris:CuriousFeather":154,"hubris:ToyBattleship":170,"infinitespire:Eraser":117,"Replay:Wax Seal":141,"Toy Ornithopter":95}],"Burning Blood":204,"Toy Ornithopter":5},"card_choices":[{"not_picked":["Wild Strike","Spot Weakness","Power Through"],"picked":"SKIP","floor":1.0},{"not_picked":["Dark Embrace","Metallicize","ReplayTheSpireMod:Strike From Hell"],"picked":"SKIP","floor":2.0},{"not_picked":["Infernal Blade","Rupture","Seeing Red"],"picked":"SKIP","floor":3.0},{"not_picked":["Entrench","Rupture"],"picked":"Inflame","floor":5.0},{"not_picked":["Perfected Strike","Pommel Strike","Armaments"],"picked":"SKIP","floor":6.0},{"not_picked":["Replay:Undeath\u0027s Touch","Double Tap","hubris:CleavingFinish"],"picked":"SKIP","floor":8.0},{"not_picked":["Cleave","Clash","Reckless Charge"],"picked":"SKIP","floor":9.0},{"not_picked":["Clothesline","Armaments","Havoc"],"picked":"SKIP","floor":13.0},{"not_picked":["Abandon","hubris:ReadiedAction","Clothesline"],"picked":"SKIP","floor":15.0},{"not_picked":["Dropkick","Run Through"],"picked":"Spot Weakness","floor":16.0},{"not_picked":["Defy Death","Metallicize"],"picked":"infinitespire:OneForAll","floor":19.0},{"not_picked":["Sword Boomerang","Run Through","Power Through"],"picked":"SKIP","floor":20.0},{"not_picked":["Replay:Undeath\u0027s Touch","Sword Boomerang","Thunderclap"],"picked":"SKIP","floor":21.0},{"not_picked":["Flex","Wild Strike"],"picked":"conspire:Purge","floor":24.0},{"not_picked":["Heavy Blade","ReplayTheSpireMod:Corrosion Curse","Sentinel"],"picked":"SKIP","floor":28.0},{"not_picked":["Heavy Blade","ReplayTheSpireMod:Corrosion Curse","Sentinel"],"picked":"SKIP","floor":28.0},{"not_picked":["Anger","Armaments","Reckless Charge"],"picked":"SKIP","floor":30.0},{"not_picked":["hubris:CleavingFinish","Sever Soul","True Grit"],"picked":"SKIP","floor":32.0},{"not_picked":["Spot Weakness","Twin Strike","Clothesline"],"picked":"SKIP","floor":34.0},{"not_picked":["Cleave","Reckless Charge","Life Link"],"picked":"SKIP","floor":41.0},{"not_picked":["True Grit","Abandon","Seeing Red"],"picked":"SKIP","floor":45.0},{"not_picked":["ReplayTheSpireMod:Muscle Training","Anger","Twin Strike"],"picked":"SKIP","floor":46.0},{"not_picked":["Burning Pact+1","True Grit","Inflame"],"picked":"SKIP","floor":49.0},{"not_picked":["Barricade","True Grit"],"picked":"Rampage","floor":54.0},{"not_picked":["Headbutt","Pommel Strike"],"picked":"Heavy Blade","floor":55.0},{"not_picked":["Spot Weakness","Pommel Strike"],"picked":"Shrug It Off","floor":56.0},{"not_picked":["Headbutt","Warcry","ReplayReversal"],"picked":"SKIP","floor":58.0},{"not_picked":["Twin Strike","Perfected Strike","Hemokinesis"],"picked":"SKIP","floor":60.0},{"not_picked":["Body Slam","Anger","Double Tap"],"picked":"SKIP","floor":62.0},{"not_picked":["Headbutt","Replay:Undeath\u0027s Touch","Cleave"],"picked":"SKIP","floor":64.0},{"not_picked":["Uppercut","True Grit"],"picked":"Fire Breathing","floor":68.0},{"not_picked":["hubris:CleavingFinish","ReplayTheSpireMod:Strike From Hell","Clothesline","hubris:Sniper"],"picked":"SKIP","floor":75.0},{"not_picked":["Dagger Spray","Blood for Blood","Run Through","Leg Sweep"],"picked":"SKIP","floor":76.0},{"not_picked":["Clothesline","ReplayTheSpireMod:Strike From Hell","ReplayTheSpireMod:Shiv Toss","Warcry"],"picked":"SKIP","floor":79.0},{"not_picked":["True Grit","Poisoned Stab+1","Flame Barrier","Reckless Charge"],"picked":"SKIP","floor":81.0},{"not_picked":["Escape Plan+1","Wraith Form v2","Warcry","Evolve"],"picked":"SKIP","floor":85.0},{"not_picked":["Dual Wield","Predator","ReplayTheSpireMod:Strike From Hell+1","Prepared+1"],"picked":"SKIP","floor":86.0},{"not_picked":["Sword Boomerang+1","Reckless Charge","Iron Wave","ReplayTheSpireMod:Exploit Weakness"],"picked":"SKIP","floor":87.0},{"not_picked":["Fire Breathing","Second Wind+1","Inflame+1","Poisoned Stab"],"picked":"SKIP","floor":92.0},{"not_picked":["Dark Embrace+1","Body Slam+1","Armaments+1","Flying Knee+1"],"picked":"SKIP","floor":94},{"not_picked":["Malaise","ReplayTheSpireMod:The Works","Deflect+1"],"picked":"Disarm+1","floor":98},{"not_picked":["infinitespire:OneForAll+1","Predator+1","Flying Knee","ReplayTheSpireMod:Scrap Shanks+1"],"picked":"SKIP","floor":99},{"not_picked":["Wild Strike+1","Bane","Clash","Sword Boomerang+1"],"picked":"SKIP","floor":103},{"not_picked":["Footwork","ReplayTheSpireMod:Corrosion Curse+1","hubris:TrickCloak+1"],"picked":"Dagger Spray+1","floor":104},{"not_picked":["PiercingWail","Pommel Strike","Headbutt+1"],"picked":"conspire:DoublingDagger","floor":105},{"not_picked":["Heavy Blade","Glass Knife","Envenom","Fluid Movement"],"picked":"SKIP","floor":111}],"player_experience":1098241,"relics_obtained":[{"floor":12.0,"key":"Odd Mushroom"},{"floor":21.0,"key":"conspire:Dentures"},{"floor":25.0,"key":"hexamod:CandleOfCauterizing"},{"floor":36.0,"key":"Toy Ornithopter"},{"floor":53.0,"key":"infinitespire:Beetle Shell"},{"floor":61.0,"key":"Replay:Wax Seal"},{"floor":66.0,"key":"Replay:Baseball"},{"floor":83.0,"key":"hubris:CuriousFeather"},{"floor":105,"key":"champ:DeflectingBracers"},{"floor":111,"key":"War Paint"}],"event_choices":[{"cards_removed":["Strike_R"],"damage_healed":0.0,"max_hp_gain":0.0,"max_hp_loss":0.0,"gold_gain":0.0,"event_name":"Wheel of Change","player_choice":"Card Removal","floor":4.0,"gold_loss":0.0,"damage_taken":0.0},{"damage_healed":0.0,"max_hp_gain":0.0,"max_hp_loss":0.0,"gold_gain":0.0,"event_name":"Mushrooms","player_choice":"Fought Mushrooms","floor":12.0,"gold_loss":0.0,"damage_taken":0.0},{"damage_healed":0.0,"max_hp_gain":5.0,"max_hp_loss":0.0,"gold_gain":0.0,"event_name":"Big Fish","player_choice":"Donut","floor":29.0,"gold_loss":0.0,"damage_taken":0.0},{"damage_healed":0.0,"max_hp_gain":0.0,"max_hp_loss":0.0,"gold_gain":0.0,"event_name":"betterThird:BetterSerpent","player_choice":"Ignored","floor":31.0,"gold_loss":0.0,"damage_taken":234.0},{"damage_healed":0.0,"max_hp_gain":0.0,"max_hp_loss":0.0,"gold_gain":75.0,"event_name":"betterThird:BetterGoop","player_choice":"Gold","floor":38.0,"gold_loss":0.0,"damage_taken":11.0},{"damage_healed":0.0,"max_hp_gain":0.0,"max_hp_loss":0.0,"gold_gain":0.0,"event_name":"Upgrade Shrine","player_choice":"Upgraded","floor":39.0,"gold_loss":0.0,"damage_taken":0.0,"cards_upgraded":["infinitespire:OneForAll"]},{"damage_healed":0.0,"max_hp_gain":0.0,"max_hp_loss":0.0,"gold_gain":0.0,"event_name":"Duplicator","player_choice":"Ignored","floor":48.0,"gold_loss":0.0,"damage_taken":0.0},{"damage_healed":0.0,"max_hp_gain":0.0,"max_hp_loss":0.0,"gold_gain":0.0,"event_name":"N\u0027loth","player_choice":"Ignored","floor":51.0,"gold_loss":0.0,"damage_taken":0.0},{"cards_removed":["Bash"],"damage_healed":0.0,"max_hp_gain":0.0,"max_hp_loss":0.0,"gold_gain":0.0,"event_name":"The Cleric","player_choice":"Card Removal","floor":59.0,"gold_loss":50.0,"damage_taken":0.0},{"damage_healed":0.0,"max_hp_gain":0.0,"max_hp_loss":0.0,"gold_gain":0.0,"event_name":"Dead Adventurer","player_choice":"Searched \u00271\u0027 times","floor":61.0,"gold_loss":0.0,"damage_taken":0.0},{"damage_healed":0.0,"max_hp_gain":0.0,"max_hp_loss":0.0,"gold_gain":0.0,"event_name":"The Woman in Blue","player_choice":"Bought 0 Potions","floor":65.0,"gold_loss":0.0,"damage_taken":0.0},{"damage_healed":0.0,"max_hp_gain":0.0,"max_hp_loss":0.0,"gold_gain":0.0,"event_name":"betterMatch:BetterMatch","player_choice":"2","floor":78.0,"gold_loss":0.0,"damage_taken":0.0,"cards_obtained":["betterMatch:RareCard","betterMatch:ColorlessRareCard"]},{"damage_healed":0.0,"max_hp_gain":0.0,"max_hp_loss":0.0,"gold_gain":0.0,"event_name":"Designer","player_choice":"Punched","floor":84.0,"gold_loss":0.0,"damage_taken":3.0},{"damage_healed":0.0,"max_hp_gain":0.0,"max_hp_loss":0.0,"gold_gain":0.0,"event_name":"Beggar","player_choice":"Ignored","floor":93.0,"gold_loss":0.0,"damage_taken":0.0},{"damage_healed":0,"gold_gain":0,"player_choice":"Gave Potion","damage_taken":0,"relics_obtained":["Orichalcum"],"max_hp_gain":0,"max_hp_loss":0,"event_name":"WeMeetAgain","floor":95,"gold_loss":0},{"damage_healed":0,"gold_gain":0,"player_choice":"RE RE ","damage_taken":57,"relics_obtained":["hubris:ToyBattleship","Replay:Mystery Machine"],"max_hp_gain":0,"max_hp_loss":0,"event_name":"betterSkull:BetterSkull","floor":102,"gold_loss":0,"cards_upgraded":[]},{"damage_healed":0,"gold_gain":0,"player_choice":"Fight","damage_taken":0,"max_hp_gain":0,"max_hp_loss":0,"event_name":"Mysterious Sphere","floor":104,"gold_loss":0},{"damage_healed":0,"gold_gain":0,"player_choice":"Fight","damage_taken":0,"max_hp_gain":0,"max_hp_loss":0,"event_name":"MindBloom","floor":105,"gold_loss":0}],"is_beta":false,"boss_relics":[{"not_picked":["energizedSpire:DecayingSkull","aspiration:WatcherSkillbook"],"picked":"Fiend:Scarf"},{"not_picked":["ChewingGum","infinitespire:Burning Sword"],"picked":"aspiration:SilentSkillbook"},{"not_picked":["Replay:Drink Me","SlaversCollar"],"picked":"Sozu"}],"items_purged_floors":[11,11,40,77],"is_endless":false,"potions_floor_spawned":[5,6,9,12,15,16,30,32,46,54,56,60,62,68,76,87,90,92,103,104],"ascension_level":0}}