{"host":"mnpd8gh7cwxsn5kh","time":1613234732,"event":{"mods":["BaseMod","Bestiary","Block Reminder","Colored Map","Colored Powertips","Highlight Path","Minty Spire (QoL Compilation)","Relic Sorter","Relic Stats"],"gold_per_floor":[213,17,31,50,50,77,87,87,87,122,133,167,167,182,182,256,256,273,273,188,88,88,123,123,138,163,194,144,144,160,178,178,253,253,267,284,298,29,29,54,54,82,82,82,93,125,44,100,109,109],"floor_reached":51,"language":"ENG","playtime":3475,"items_purged":["Strike_R","Strike_R","Anger"],"score":1497,"play_id":"b9e38a0d-9861-4cda-87a5-a4d222cb40fa","local_time":"20210213174532","is_ascension_mode":true,"campfire_choices":[{"data":"Whirlwind","floor":8,"key":"SMITH"},{"data":"Immolate","floor":13,"key":"SMITH"},{"data":"Carnage","floor":15,"key":"SMITH"},{"floor":24,"key":"RECALL"},{"floor":32,"key":"REST"},{"floor":41,"key":"REST"},{"floor":44,"key":"REST"},{"floor":49,"key":"REST"}],"circlet_count":0,"master_deck":["AscendersBane","Strike_R","Strike_R","Defend_R","Defend_R","Defend_R","Defend_R","Bash","Headbutt","Ghostly Armor","Whirlwind+1","Battle Trance","Immolate+1","Inflame+1","Carnage+1","Metallicize+1","Bludgeon","Inflame+1","Offering","Shrug It Off","Battle Trance+1","True Grit+1","Limit Break+1","True Grit+1","Metallicize+1","Flex+1","Shrug It Off+1","Thunderclap+1","Inflame+1","Sentinel+1","Shrug It Off+1"],"relics":["Burning Blood","Frozen Egg 2","Du-Vu Doll","Lizard Tail","Orichalcum","Fusion Hammer","Red Skull","Omamori","MealTicket","Champion Belt","Toxic Egg 2","Velvet Choker","Dream Catcher","Smiling Mask","Bird Faced Urn","CeramicFish","Turnip"],"acts_visited":["Exordium","TheCity","TheBeyond"],"potions_floor_usage":[6,23,23,27,33,33,37,46,50,50],"damage_taken":[{"damage":6,"enemies":"2 Louse","floor":1,"turns":3},{"damage":7,"enemies":"Jaw Worm","floor":3,"turns":5},{"damage":0,"enemies":"Cultist","floor":4,"turns":5},{"damage":29,"enemies":"3 Sentries","floor":6,"turns":8},{"damage":3,"enemies":"Blue Slaver","floor":7,"turns":5},{"damage":5,"enemies":"Lagavulin","floor":10,"turns":7},{"damage":0,"enemies":"Large Slime","floor":11,"turns":3},{"damage":14,"enemies":"Gremlin Nob","floor":12,"turns":3},{"damage":0,"enemies":"2 Fungi Beasts","floor":14,"turns":2},{"damage":0,"enemies":"Slime Boss","floor":16,"turns":5},{"damage":0,"enemies":"Spheric Guardian","floor":18,"turns":2},{"damage":8,"enemies":"Book of Stabbing","floor":23,"turns":2},{"damage":6,"enemies":"Shell Parasite","floor":25,"turns":3},{"damage":28,"enemies":"Slavers","floor":27,"turns":3},{"damage":10,"enemies":"Centurion and Healer","floor":30,"turns":4},{"damage":0,"enemies":"Snecko","floor":31,"turns":3},{"damage":80,"enemies":"Champ","floor":33,"turns":11},{"damage":6,"enemies":"Orb Walker","floor":35,"turns":2},{"damage":5,"enemies":"3 Shapes","floor":36,"turns":3},{"damage":0,"enemies":"3 Darklings","floor":37,"turns":2},{"damage":23,"enemies":"Reptomancer","floor":40,"turns":7},{"damage":56,"enemies":"Giant Head","floor":42,"turns":7},{"damage":2,"enemies":"4 Shapes","floor":45,"turns":4},{"damage":27,"enemies":"Reptomancer","floor":46,"turns":5},{"damage":24,"enemies":"2 Orb Walkers","floor":48,"turns":4},{"damage":38,"enemies":"Time Eater","floor":50,"turns":7}],"seed_played":"-7708408699466682558","potions_obtained":[{"floor":3,"key":"EntropicBrew"},{"floor":4,"key":"Dexterity Potion"},{"floor":10,"key":"SneckoOil"},{"floor":14,"key":"DistilledChaos"},{"floor":27,"key":"Block Potion"},{"floor":31,"key":"SkillPotion"},{"floor":35,"key":"Strength Potion"},{"floor":36,"key":"SneckoOil"},{"floor":45,"key":"PowerPotion"}],"is_trial":false,"path_per_floor":["M","$","M","M","?","E","M","R","T","E","M","E","R","M","R","B",null,"M","?","?","$","?","E","R","M","T","E","$","T","M","M","R","B",null,"M","M","M","$","?","E","R","E","T","R","M","E","$","?","R","B",null],"character_chosen":"IRONCLAD","items_purchased":["Ghostly Armor","Whirlwind","Shrug It Off","Metallicize+1","Flex+1","EssenceOfSteel"],"campfire_rested":4,"item_purchase_floors":[2,2,28,38,38,47],"current_hp_per_floor":[68,68,67,73,66,43,46,46,46,47,53,45,45,51,51,57,71,75,75,75,75,75,73,73,73,73,51,66,66,62,68,75,40,66,66,67,73,75,75,58,75,25,25,47,59,48,63,51,73,51],"gold":109,"neow_bonus":"HUNDRED_GOLD","is_daily":false,"chose_seed":false,"campfire_upgraded":3,"win_rate":0.0,"timestamp":1613234732,"path_taken":["M","$","M","M","?","E","M","R","T","E","M","E","R","M","R","BOSS","M","?","?","$","?","E","R","M","T","E","$","?","M","M","R","BOSS","M","M","M","$","?","E","R","E","T","R","M","E","$","?","R","BOSS"],"items_purchased_type":["Card","Card","Card","Card","Card","Potion"],"build_version":"2020-12-22","purchased_purges":3,"victory":true,"max_hp_per_floor":[75,75,75,75,75,75,75,75,75,75,75,75,75,75,75,75,75,75,75,75,75,75,75,75,75,75,75,75,75,75,75,75,75,75,75,75,75,75,75,75,75,75,75,75,75,75,75,75,75,75],"relic_stats":{"Lizard Tail":37,"Dream Catcher":3,"counters":[26,115],"Bird Faced Urn":[34],"CeramicFish":18,"MealTicket":32,"Turnip":[0],"Champion Belt":[16],"Orichalcum":[156],"Smiling Mask":0,"obtain_stats":[{"CeramicFish":46,"Velvet Choker":34,"Omamori":23,"Frozen Egg 2":6,"Orichalcum":12,"Smiling Mask":42,"Burning Blood":0,"Du-Vu Doll":9,"Lizard Tail":10,"Dream Catcher":40,"Bird Faced Urn":43,"MealTicket":26,"Fusion Hammer":17,"Turnip":48,"Champion Belt":27,"Toxic Egg 2":29,"Red Skull":20},{"CeramicFish":24,"Velvet Choker":17,"Omamori":12,"Frozen Egg 2":4,"Orichalcum":8,"Smiling Mask":22,"Burning Blood":0,"Du-Vu Doll":5,"Lizard Tail":6,"Dream Catcher":21,"Bird Faced Urn":22,"MealTicket":13,"Fusion Hammer":10,"Turnip":25,"Champion Belt":14,"Toxic Egg 2":14,"Red Skull":11},{"CeramicFish":104,"Velvet Choker":74,"Omamori":50,"Frozen Egg 2":21,"Orichalcum":39,"Smiling Mask":95,"Burning Blood":0,"Du-Vu Doll":26,"Lizard Tail":33,"Dream Catcher":88,"Bird Faced Urn":95,"MealTicket":53,"Fusion Hammer":46,"Turnip":108,"Champion Belt":56,"Toxic Egg 2":56,"Red Skull":48}],"Burning Blood":154},"card_choices":[{"not_picked":["Iron Wave","Armaments"],"picked":"Headbutt","floor":1},{"not_picked":["Searing Blow","Wild Strike"],"picked":"Battle Trance","floor":3},{"not_picked":["Reckless Charge","Clash"],"picked":"Anger","floor":4},{"not_picked":["Rampage","Clash"],"picked":"Immolate","floor":6},{"not_picked":["Heavy Blade","Power Through"],"picked":"Inflame+1","floor":7},{"not_picked":["Sever Soul","Pummel"],"picked":"Carnage","floor":10},{"not_picked":["Clothesline","Entrench"],"picked":"Metallicize+1","floor":11},{"not_picked":["Headbutt","Flex","Perfected Strike"],"picked":"SKIP","floor":12},{"not_picked":["Wild Strike","Body Slam","Dropkick"],"picked":"SKIP","floor":14},{"not_picked":["Fiend Fire","Immolate"],"picked":"Bludgeon","floor":16},{"not_picked":["Body Slam","Dropkick","Twin Strike"],"picked":"SKIP","floor":18},{"not_picked":["Second Wind","Fire Breathing+1"],"picked":"Offering","floor":23},{"not_picked":["Armaments","Clothesline","Headbutt"],"picked":"SKIP","floor":25},{"not_picked":["Perfected Strike","Infernal Blade","Clothesline"],"picked":"SKIP","floor":27},{"not_picked":["Carnage","Clothesline"],"picked":"Battle Trance+1","floor":30},{"not_picked":["Corruption+1","Thunderclap+1"],"picked":"True Grit+1","floor":31},{"not_picked":["Corruption+1","Immolate"],"picked":"Limit Break+1","floor":33},{"not_picked":["Cleave","Battle Trance+1"],"picked":"True Grit+1","floor":35},{"not_picked":["Headbutt","Iron Wave"],"picked":"Fire Breathing+1","floor":36},{"not_picked":["Body Slam+1","Perfected Strike","Iron Wave"],"picked":"SKIP","floor":37},{"not_picked":["Clothesline","Feel No Pain+1"],"picked":"Shrug It Off+1","floor":40},{"not_picked":["Twin Strike","Body Slam+1"],"picked":"Thunderclap+1","floor":41},{"not_picked":["Feel No Pain+1","Rampage"],"picked":"Inflame+1","floor":42},{"not_picked":["Feel No Pain+1","Pommel Strike","Carnage"],"picked":"SKIP","floor":45},{"not_picked":["Rupture+1","Feed","Perfected Strike"],"picked":"SKIP","floor":46},{"not_picked":["Cleave","Heavy Blade"],"picked":"Sentinel+1","floor":48},{"not_picked":["Sword Boomerang","Flex+1"],"picked":"Shrug It Off+1","floor":49}],"player_experience":509720,"relics_obtained":[{"floor":6,"key":"Frozen Egg 2"},{"floor":9,"key":"Du-Vu Doll"},{"floor":10,"key":"Lizard Tail"},{"floor":12,"key":"Orichalcum"},{"floor":23,"key":"Omamori"},{"floor":26,"key":"MealTicket"},{"floor":27,"key":"Champion Belt"},{"floor":29,"key":"Toxic Egg 2"},{"floor":40,"key":"Dream Catcher"},{"floor":42,"key":"Smiling Mask"},{"floor":43,"key":"Bird Faced Urn"},{"floor":46,"key":"CeramicFish"},{"floor":48,"key":"Turnip"}],"event_choices":[{"cards_removed":["Strike_R"],"damage_healed":0,"gold_gain":0,"player_choice":"Card Removal","damage_taken":7,"max_hp_gain":0,"max_hp_loss":0,"event_name":"Golden Wing","floor":5,"gold_loss":0},{"damage_healed":0,"gold_gain":0,"player_choice":"Read","damage_taken":0,"max_hp_gain":0,"max_hp_loss":0,"event_name":"The Library","floor":19,"gold_loss":0,"cards_obtained":["Inflame"]},{"damage_healed":0,"gold_gain":0,"player_choice":"Obtained Relic","damage_taken":0,"relics_obtained":["Red Skull"],"max_hp_gain":0,"max_hp_loss":0,"event_name":"Addict","floor":20,"gold_loss":85},{"damage_healed":0,"gold_gain":0,"player_choice":"Ignored","damage_taken":0,"max_hp_gain":0,"max_hp_loss":0,"event_name":"Ghosts","floor":22,"gold_loss":0},{"cards_removed":["Fire Breathing"],"damage_healed":0,"gold_gain":0,"player_choice":"Removed Power","damage_taken":0,"max_hp_gain":0,"max_hp_loss":0,"event_name":"Falling","floor":39,"gold_loss":0},{"damage_healed":0,"gold_gain":0,"player_choice":"Fight","damage_taken":0,"max_hp_gain":0,"max_hp_loss":0,"event_name":"Mysterious Sphere","floor":48,"gold_loss":0}],"is_beta":false,"boss_relics":[{"not_picked":["Astrolabe","Black Star"],"picked":"Fusion Hammer"},{"not_picked":["Sozu","Runic Dome"],"picked":"Velvet Choker"}],"items_purged_floors":[2,21,38],"is_endless":false,"potions_floor_spawned":[3,4,10,14,16,23,27,31,35,36,45],"ascension_level":16}}