{"host":"ocll6kdfqxraqtza","time":1613204795,"event":{"mods":["2.2 Compatiblity","Act Like it!","Arknights","Aspiration","BaseMod","Better Third Choice","Gensokyo","Hallownest","Hermit","Hubris","Jorbs\u0027s Wanderer Trilogy","Luminous","Marisa（霧雨　魔理沙）","Minty Spire (QoL Compilation)","Reimu（博??梦）","Reliquary","Replay The Spire","Shade Mod","StSLib","The Alterego","The Bug Knight","The Cursed","The Hierophant","The Marked","The Runesmith","TheBandit","Wandering Minibosses"],"gold_per_floor":[111,111,131,131,56,82,82,107,107,9,9,9,9,22,22,127,127,145,145,145,145,164,164,164,189,189,221,234,214,539,539,539,539,539],"floor_reached":33,"language":"ENG","playtime":895,"items_purged":["Defend_R"],"score":382,"play_id":"e442fe97-b3c4-4da5-812e-959d54934975","local_time":"20210213162635","is_ascension_mode":true,"campfire_choices":[{"data":"Perfected Strike","floor":7,"key":"SMITH"},{"data":"Outmaneuver","floor":13,"key":"SMITH"},{"data":"Demon Form","floor":15,"key":"SMITH"},{"data":"ReplayTheSpireMod:The Works","floor":24,"key":"SMITH"},{"floor":32,"key":"RECALL"}],"circlet_count":0,"master_deck":["Strike_R","Strike_R","Bash","Dramatic Entrance","Clash","Outmaneuver+1","Finisher","ReplayTheSpireMod:From All Sides","Clash","Perfected Strike+1","Clash","Swift Strike","Clothesline","Demon Form+1","Hemogenesis","Wild Strike+1","Replay:Undeath\u0027s Touch","Intimidate+1","ats:Rat Pack+1","Clash","hubris:CleavingFinish+1","Catalyst+1","ReplayTheSpireMod:The Works+1","Finisher","Cleave+1","Pommel Strike+1","Cleave+1","ReplayTheSpireMod:Muscle Training","ReplayTheSpireMod:Limb From Limb"],"relics":["Burning Blood","hubris:Icosahedron","Chameleon Ring","Letter Opener","Prayer Wheel","Hallownest:DreamNailRelic","Black Star","ats:Originium","StoneCalendar","Quantum Egg","War Paint","Tea:ReiMu","hubris:IronBody","reliquary:Knoch","Pen Nib"],"acts_visited":["Hallownest:Greenpath","Gensokyo:Gensokyoer"],"potions_floor_usage":[22,29,29,29,29,29,33],"damage_taken":[{"damage":0.0,"enemies":"Hallownest:2_MossCreeps","floor":1.0,"turns":5.0},{"damage":13.0,"enemies":"Hallownest:monsterHuskGuard","floor":3.0,"turns":6.0},{"damage":14,"enemies":"Hallownest:eliteCrystalGuardian","floor":6,"turns":4},{"damage":9,"enemies":"Hallownest:eliteMossKnight","floor":8,"turns":3},{"damage":1,"enemies":"Hallownest:monsterHuskWarrior","floor":14,"turns":2},{"damage":20,"enemies":"Hallownest:BossBrokenVessel","floor":16,"turns":6},{"damage":0,"enemies":"Gensokyo:Chomper","floor":18,"turns":3},{"damage":0,"enemies":"Gensokyo:CosmicMonolith","floor":22,"turns":2},{"damage":37,"enemies":"Gensokyo:Tenshi","floor":25,"turns":5},{"damage":12,"enemies":"Gensokyo:Reisen","floor":27,"turns":4},{"damage":44,"enemies":"Gensokyo:Slime_Group","floor":28,"turns":5},{"damage":1,"enemies":"Gensokyo:Tenshi","floor":29,"turns":4},{"damage":34,"enemies":"Gensokyo:Eternal_Rivals","floor":33,"turns":6}],"seed_played":"-313643358668789900","potions_obtained":[{"floor":8,"key":"ColorlessPotion"},{"floor":16,"key":"Block Potion"},{"floor":22,"key":"Doom Potion"},{"floor":27,"key":"EntropicBrew"}],"is_trial":false,"path_per_floor":["M","?","M","?","$","E","R","E","T","$","T","?","R","M","R","B",null,"M","?","?","?","M","?","R","E","T","E","M","E","?","?","R","B"],"character_chosen":"IRONCLAD","items_purchased":["Swift Strike"],"campfire_rested":0,"item_purchase_floors":[10],"current_hp_per_floor":[80,80,73,73,73,65,65,62,62,62,62,62,62,67,67,53,80,80,80,80,80,80,80,80,49,49,43,10,22,22,22,22,0,0],"gold":539,"neow_bonus":"RANDOM_COLORLESS","is_daily":false,"chose_seed":false,"campfire_upgraded":4,"win_rate":0.0,"timestamp":1613204795,"path_taken":["M","?","?","?","$","E","R","E","T","?","?","?","R","?","R","BOSS","M","?","?","?","M","?","R","E","T","E","?","E","?","?","R","BOSS"],"items_purchased_type":["Card"],"build_version":"2020-12-22","purchased_purges":1,"victory":false,"max_hp_per_floor":[80,80,80,80,80,80,80,80,80,80,80,80,80,80,80,80,80,80,80,80,80,80,80,80,80,80,80,80,80,80,80,80,80,80],"card_choices":[{"not_picked":["Purity","Flash of Steel"],"picked":"Dramatic Entrance","floor":0.0},{"not_picked":["Shrug It Off","Flex"],"picked":"Clash","floor":1.0},{"not_picked":["Run Through","Replay:Undeath\u0027s Touch"],"picked":"Clash","floor":3.0},{"not_picked":["True Grit","Feel No Pain"],"picked":"Perfected Strike","floor":6},{"not_picked":["Sword Boomerang","Shrug It Off"],"picked":"Clash","floor":8},{"not_picked":["Battle Trance","Shockwave"],"picked":"Clothesline","floor":14},{"not_picked":["Cleave","hubris:SharpeningStone"],"picked":"Demon Form","floor":14},{"not_picked":["Corruption","Impervious"],"picked":"Hemogenesis","floor":16},{"not_picked":["Warcry","Body Slam"],"picked":"Wild Strike+1","floor":18},{"not_picked":["Dual Wield","hubris:ReadiedAction"],"picked":"Replay:Undeath\u0027s Touch","floor":18},{"not_picked":["Seeing Red","Replay:Undeath\u0027s Touch"],"picked":"Clash","floor":22},{"not_picked":["Run Through","Body Slam"],"picked":"hubris:CleavingFinish+1","floor":22},{"not_picked":["Hemokinesis","Warcry"],"picked":"Cleave+1","floor":25},{"not_picked":["hubris:ReadiedAction+1","Clothesline"],"picked":"Pommel Strike+1","floor":27},{"not_picked":["Shockwave+1","Clothesline"],"picked":"Cleave+1","floor":28},{"not_picked":["Cleave","Body Slam"],"picked":"ReplayTheSpireMod:Muscle Training","floor":28},{"not_picked":["Dual Wield","Rupture"],"picked":"ReplayTheSpireMod:Limb From Limb","floor":29}],"player_experience":538742,"relics_obtained":[{"floor":6,"key":"Chameleon Ring"},{"floor":8,"key":"reliquary:IridiumChain"},{"floor":9,"key":"Letter Opener"},{"floor":11,"key":"Prayer Wheel"},{"floor":25,"key":"ats:Originium"},{"floor":25,"key":"StoneCalendar"},{"floor":25,"key":"Quantum Egg"},{"floor":26,"key":"War Paint"},{"floor":27,"key":"ats:Originium"},{"floor":27,"key":"Tea:ReiMu"},{"floor":27,"key":"hubris:IronBody"},{"floor":29,"key":"ats:Originium"},{"floor":29,"key":"reliquary:Knoch"},{"floor":29,"key":"Pen Nib"}],"event_choices":[],"is_beta":false,"boss_relics":[{"not_picked":["aspiration:RitualDagger","Runic Pyramid"],"picked":"Black Star"}],"items_purged_floors":[5],"is_endless":false,"potions_floor_spawned":[8,16,22,27],"killed_by":"Gensokyo:Eternal_Rivals","ascension_level":2}}