{"host":"28bpuzdckreop5i0","time":1613257148,"event":{"mods":["BaseMod","Downfall","Minty Spire (QoL Compilation)","Relic Stats","Shop Mod","StSLib"],"gold_per_floor":[118,136,154,167,167,167,167],"floor_reached":6,"language":"ENG","playtime":294,"items_purged":[],"score":57,"play_id":"f5f79c4a-ae85-4582-8e42-f8637994c01c","local_time":"20210213165908","is_ascension_mode":true,"campfire_choices":[],"circlet_count":0,"master_deck":["AscendersBane","Strike_R","Strike_R","Strike_R","Strike_R","Strike_R","Defend_R","Defend_R","Defend_R","Defend_R","Bash","Twin Strike","Fire Breathing","Battle Trance","Evolve","Shrug It Off","Injury"],"relics":["Burning Blood","Golden Idol"],"acts_visited":["Exordium"],"potions_floor_usage":[3,4],"damage_taken":[{"damage":9,"enemies":"Jaw Worm","floor":1,"turns":3},{"damage":1,"enemies":"2 Louse","floor":2,"turns":3},{"damage":18,"enemies":"Small Slimes","floor":3,"turns":3},{"damage":9,"enemies":"Blue Slaver","floor":4,"turns":6},{"damage":73,"enemies":"Lagavulin","floor":6,"turns":9}],"seed_played":"5487268851442002799","potions_obtained":[{"floor":2,"key":"champ:CounterPotion"},{"floor":3,"key":"Fire Potion"}],"is_trial":false,"path_per_floor":["M","M","M","M","?","E"],"character_chosen":"IRONCLAD","items_purchased":[],"campfire_rested":0,"item_purchase_floors":[],"current_hp_per_floor":[69,74,62,59,59,0,0],"gold":167,"neow_bonus":"THREE_CARDS","is_daily":false,"chose_seed":false,"campfire_upgraded":0,"win_rate":0.0,"timestamp":1613257148,"path_taken":["M","M","M","M","?","E"],"items_purchased_type":[],"build_version":"2020-12-22","purchased_purges":0,"victory":false,"max_hp_per_floor":[80,80,80,80,80,80,80],"relic_stats":{"counters":[5,24],"Golden Idol":0,"obtain_stats":[{"Golden Idol":5,"Burning Blood":0},{"Golden Idol":4,"Burning Blood":0},{"Golden Idol":15,"Burning Blood":0}],"Burning Blood":24},"card_choices":[{"not_picked":["Cleave","Sword Boomerang"],"picked":"Twin Strike","floor":0},{"not_picked":["Cleave","Sentinel"],"picked":"Fire Breathing","floor":1},{"not_picked":["Metallicize","Shrug It Off"],"picked":"Battle Trance","floor":2},{"not_picked":["Clothesline","Entrench"],"picked":"Evolve","floor":3},{"not_picked":["True Grit","Burning Pact"],"picked":"Shrug It Off","floor":4}],"player_experience":979955,"relics_obtained":[],"event_choices":[{"damage_healed":0,"gold_gain":0,"player_choice":"Take Wound","damage_taken":0,"relics_obtained":["Golden Idol"],"max_hp_gain":0,"max_hp_loss":0,"event_name":"Golden Idol","floor":5,"gold_loss":0,"cards_obtained":["Injury"]}],"is_beta":false,"boss_relics":[],"items_purged_floors":[],"is_endless":false,"potions_floor_spawned":[2,3],"killed_by":"Lagavulin","ascension_level":10}}