{"host":"dnvpprmy3abbf89m","time":1613251561,"event":{"mods":["BaseMod","Colored Map","Minty Spire (QoL Compilation)","StSLib"],"gold_per_floor":[364,364,364,219,235,235,261,261,261,261,23,23,41,53,53,151,151,118,118,19,19,32,32,32,32,32,45,80,90,90,90,90,90,90],"floor_reached":33,"language":"ENG","playtime":1934,"items_purged":["Perfected Strike"],"score":378,"play_id":"fed0e309-95a4-4486-b73a-e7d37668db71","local_time":"20210213222601","is_ascension_mode":true,"campfire_choices":[{"data":"Flame Barrier","floor":6.0,"key":"SMITH"},{"floor":8.0,"key":"REST"},{"data":"Metallicize","floor":10.0,"key":"SMITH"},{"data":"Disarm","floor":12.0,"key":"SMITH"},{"floor":15.0,"key":"RECALL"},{"data":"Rampage","floor":23,"key":"SMITH"},{"data":"Pummel","floor":25,"key":"SMITH"},{"data":"Bash","floor":30,"key":"SMITH"},{"data":"Defend_R","floor":32,"key":"SMITH"}],"circlet_count":0,"master_deck":["Strike_R","Strike_R","Strike_R","Defend_R+1","Defend_R+1","Defend_R+1","Defend_R+1","Bash+1","Flame Barrier+1","Disarm+1","Metallicize+1","Infernal Blade+1","Offering+1","Shockwave+1","Pummel+1","Shrug It Off+1","Rampage+1","Second Wind+1","Feel No Pain+1","Warcry+1","Rage+1"],"relics":["Burning Blood","War Paint","ClockworkSouvenir","Toy Ornithopter","Toxic Egg 2","Mark of Pain","InkBottle","Ancient Tea Set"],"acts_visited":["Exordium","TheCity"],"potions_floor_usage":[18,22],"damage_taken":[{"damage":1.0,"enemies":"2 Louse","floor":1.0,"turns":2.0},{"damage":0.0,"enemies":"Small Slimes","floor":5.0,"turns":3.0},{"damage":24.0,"enemies":"Lagavulin","floor":7.0,"turns":10.0},{"damage":6.0,"enemies":"Cultist","floor":13.0,"turns":4.0},{"damage":1.0,"enemies":"Blue Slaver","floor":14.0,"turns":4.0},{"damage":56.0,"enemies":"Hexaghost","floor":16.0,"turns":17.0},{"damage":3,"enemies":"2 Thieves","floor":18,"turns":5},{"damage":0,"enemies":"3 Byrds","floor":22,"turns":3},{"damage":4,"enemies":"Snake Plant","floor":27,"turns":5},{"damage":16,"enemies":"Slavers","floor":28,"turns":9},{"damage":7,"enemies":"Snecko","floor":29,"turns":6},{"damage":104,"enemies":"Champ","floor":33,"turns":17}],"seed_played":"-4591604973350178641","potions_obtained":[{"floor":1.0,"key":"Strength Potion"},{"floor":7.0,"key":"Fire Potion"},{"floor":13.0,"key":"Strength Potion"},{"floor":14.0,"key":"FearPotion"},{"floor":16.0,"key":"FairyPotion"},{"floor":18,"key":"AttackPotion"}],"is_trial":false,"path_per_floor":["M","?","?","$","M","R","E","R","T","R","$","R","M","M","R","B",null,"M","?","$","?","M","R","?","R","T","M","E","M","R","?","R","B"],"character_chosen":"IRONCLAD","items_purchased":["ClockworkSouvenir","Toxic Egg 2","Shrug It Off+1"],"campfire_rested":1,"item_purchase_floors":[4,11,20],"current_hp_per_floor":[56,38,38,38,44,44,26,50,50,50,50,50,50,55,55,15,64,72,72,72,72,80,80,80,80,80,80,70,69,69,69,69,0,0],"gold":90,"neow_bonus":"TWO_FIFTY_GOLD","is_daily":false,"chose_seed":false,"campfire_upgraded":7,"win_rate":0.0,"timestamp":1613251561,"path_taken":["M","?","?","$","?","R","E","R","T","R","$","R","M","M","R","BOSS","M","?","$","?","M","R","?","R","T","M","E","M","R","?","R","BOSS"],"items_purchased_type":["Relic","Relic","Card"],"build_version":"2020-12-22","purchased_purges":1,"victory":false,"max_hp_per_floor":[80,80,80,80,80,80,80,80,80,80,80,80,80,80,80,80,80,80,80,80,80,80,80,80,80,80,80,80,80,80,80,80,80,80],"card_choices":[{"not_picked":["Evolve","Clash"],"picked":"Flame Barrier","floor":1.0},{"not_picked":["Blood for Blood","Twin Strike"],"picked":"Disarm","floor":5.0},{"not_picked":["Feel No Pain","Heavy Blade"],"picked":"Metallicize","floor":7.0},{"not_picked":["Twin Strike","Hemokinesis"],"picked":"Infernal Blade+1","floor":13.0},{"not_picked":["Clothesline","Sentinel+1","Rupture"],"picked":"SKIP","floor":14.0},{"not_picked":["Immolate","Fiend Fire"],"picked":"Offering+1","floor":16.0},{"not_picked":["Clothesline","Dark Embrace"],"picked":"Shockwave+1","floor":18},{"not_picked":["Cleave","Iron Wave"],"picked":"Rampage","floor":22},{"not_picked":["Burning Pact+1","Infernal Blade+1"],"picked":"Feel No Pain+1","floor":27},{"not_picked":["Spot Weakness+1","Combust+1"],"picked":"Warcry+1","floor":28},{"not_picked":["Shockwave+1","Seeing Red+1"],"picked":"Rage+1","floor":29}],"player_experience":856362,"relics_obtained":[{"floor":7.0,"key":"Toy Ornithopter"},{"floor":26,"key":"InkBottle"},{"floor":28,"key":"Ancient Tea Set"}],"event_choices":[{"damage_healed":0.0,"max_hp_gain":0.0,"max_hp_loss":0.0,"gold_gain":0.0,"event_name":"Scrap Ooze","player_choice":"Success","floor":2.0,"gold_loss":0.0,"damage_taken":18.0,"relics_obtained":["War Paint"]},{"damage_healed":0.0,"max_hp_gain":0.0,"max_hp_loss":0.0,"gold_gain":0.0,"event_name":"The Woman in Blue","player_choice":"Bought 0 Potions","floor":3.0,"gold_loss":0.0,"damage_taken":0.0},{"damage_healed":0,"gold_gain":0,"cards_transformed":["Strike_R","Strike_R"],"player_choice":"Became Test Subject","damage_taken":0,"max_hp_gain":0,"max_hp_loss":0,"event_name":"Drug Dealer","floor":19,"gold_loss":0,"cards_obtained":["Pummel","Perfected Strike"]},{"damage_healed":0,"gold_gain":0,"player_choice":"Ignored","damage_taken":0,"max_hp_gain":0,"max_hp_loss":0,"event_name":"Vampires","floor":21,"gold_loss":0},{"damage_healed":0,"gold_gain":0,"player_choice":"Read","damage_taken":0,"max_hp_gain":0,"max_hp_loss":0,"event_name":"The Library","floor":24,"gold_loss":0,"cards_obtained":["Second Wind"]},{"damage_healed":0,"gold_gain":0,"player_choice":"Forge","damage_taken":0,"max_hp_gain":0,"max_hp_loss":0,"event_name":"Accursed Blacksmith","floor":31,"gold_loss":0,"cards_upgraded":["Defend_R"]}],"is_beta":false,"boss_relics":[{"not_picked":["SlaversCollar","Runic Pyramid"],"picked":"Mark of Pain"}],"items_purged_floors":[20],"is_endless":false,"potions_floor_spawned":[1,7,13,14,16,18],"killed_by":"Champ","ascension_level":9}}