{"host":"5h6e4l6hpn0p5lap","time":1613178324,"event":{"mods":["AchievementEnabler","BaseMod","Better Altar","Better Match","Better Sensory Stone","Better Skull","Better Third Choice","Colored Map","Filter the Spire","Minty Spire (QoL Compilation)","StSLib"],"gold_per_floor":[363,382,382,457,14,60,60,114,141,141,141,180,0,17,17,122,122,159,195,239,239,239],"floor_reached":21,"language":"ENG","playtime":668,"items_purged":["Strike_G","Pain"],"score":260,"play_id":"52e910cb-869f-4c53-a219-7400df305013","local_time":"20210212200524","is_ascension_mode":true,"campfire_choices":[{"data":"HandOfGreed","floor":7,"key":"SMITH"},{"data":"Dagger Spray","floor":11,"key":"SMITH"},{"floor":15,"key":"REST"}],"circlet_count":0,"master_deck":["Strike_G","Strike_G","Strike_G","Strike_G","Defend_G","Defend_G","Defend_G","Defend_G","Defend_G","Survivor","Neutralize","Sucker Punch","Dagger Spray+1","HandOfGreed+1","Poisoned Stab","Adrenaline","Blade Dance","Glass Knife","Footwork","After Image","Backflip","Leg Sweep","Deadly Poison+1"],"relics":["Ring of the Snake","Centennial Puzzle","Toy Ornithopter","WarpedTongs","Runic Pyramid"],"acts_visited":["Exordium","TheCity"],"potions_floor_usage":[16],"damage_taken":[{"damage":1,"enemies":"Small Slimes","floor":1,"turns":4},{"damage":1,"enemies":"2 Louse","floor":2,"turns":3},{"damage":20,"enemies":"Gremlin Nob","floor":6,"turns":4},{"damage":2,"enemies":"Cultist","floor":12,"turns":4},{"damage":0,"enemies":"2 Fungi Beasts","floor":14,"turns":2},{"damage":46,"enemies":"Hexaghost","floor":16,"turns":13},{"damage":4,"enemies":"3 Byrds","floor":18,"turns":4},{"damage":2,"enemies":"Chosen","floor":19,"turns":5},{"damage":36,"enemies":"Snake Plant","floor":20,"turns":6},{"damage":0,"enemies":"Centurion and Healer","floor":21,"turns":1}],"seed_played":"-2300086142516511679","potions_obtained":[{"floor":12,"key":"SpeedPotion"},{"floor":14,"key":"BlessingOfTheForge"}],"is_trial":false,"path_per_floor":["M","M","?","?","$","E","R","?","T","?","R","M","$","M","R","B",null,"M","M","M","M"],"character_chosen":"THE_SILENT","items_purchased":["HandOfGreed","Poisoned Stab","Adrenaline","Footwork"],"campfire_rested":1,"item_purchase_floors":[5,5,5,13],"current_hp_per_floor":[62,61,61,50,50,30,30,30,30,30,30,28,28,28,46,5,49,45,43,7,7,7],"gold":239,"neow_bonus":"TWO_FIFTY_GOLD","is_daily":false,"chose_seed":false,"campfire_upgraded":2,"win_rate":0.0,"timestamp":1613178324,"path_taken":["M","M","?","?","$","E","R","?","T","?","R","M","$","M","R","BOSS","M","M","M","?"],"items_purchased_type":["Card","Card","Card","Card"],"build_version":"2020-12-22","purchased_purges":2,"victory":false,"max_hp_per_floor":[63,63,63,63,63,63,63,63,63,63,63,63,63,63,63,63,63,63,63,63,63,63],"card_choices":[{"not_picked":["Dodge and Roll","Calculated Gamble"],"picked":"Sucker Punch","floor":1},{"not_picked":["PiercingWail","Expertise"],"picked":"Dagger Spray","floor":2},{"not_picked":["Dodge and Roll","Dagger Throw"],"picked":"Blade Dance","floor":6},{"not_picked":["Setup","Flying Knee"],"picked":"Glass Knife","floor":12},{"not_picked":["Outmaneuver","Dagger Spray","Flying Knee"],"picked":"SKIP","floor":14},{"not_picked":["Doppelganger","Storm of Steel"],"picked":"After Image","floor":16},{"not_picked":["Cloak And Dagger","Concentrate"],"picked":"Backflip","floor":18},{"not_picked":["Concentrate+1","Poisoned Stab+1"],"picked":"Leg Sweep","floor":19},{"not_picked":["Dagger Spray","Die Die Die"],"picked":"Deadly Poison+1","floor":20}],"player_experience":1102228,"relics_obtained":[{"floor":6,"key":"Centennial Puzzle"},{"floor":9,"key":"Toy Ornithopter"}],"event_choices":[{"damage_healed":61,"gold_gain":0,"player_choice":"Leave","damage_taken":0,"max_hp_gain":0,"max_hp_loss":63,"event_name":"betterThird:BetterShining","floor":3,"gold_loss":0},{"damage_healed":0,"gold_gain":75,"player_choice":"Gold","damage_taken":11,"max_hp_gain":0,"max_hp_loss":0,"event_name":"betterThird:BetterGoop","floor":4,"gold_loss":0},{"damage_healed":0,"gold_gain":54,"player_choice":"Gained Gold","damage_taken":0,"max_hp_gain":0,"max_hp_loss":0,"event_name":"Golden Wing","floor":8,"gold_loss":0},{"damage_healed":0,"gold_gain":0,"player_choice":"Rummage","damage_taken":0,"relics_obtained":["WarpedTongs"],"max_hp_gain":0,"max_hp_loss":0,"event_name":"Accursed Blacksmith","floor":10,"gold_loss":0,"cards_obtained":["Pain"]}],"is_beta":false,"boss_relics":[{"not_picked":["Ectoplasm","Coffee Dripper"],"picked":"Runic Pyramid"}],"items_purged_floors":[5,13],"is_endless":false,"potions_floor_spawned":[12,14],"killed_by":"Centurion and Healer","ascension_level":9}}