{"host":"27tk4xseidcli2mr","time":1613245072,"event":{"mods":["2.2 Compatiblity","AchievementEnabler","Aspiration","BaseMod","Better Third Choice","Conspire","Custom Start","Downfall","GungeonMod","Hubris","Infinite Spire","Jorbs\u0027s Wanderer Trilogy","Minty Spire (QoL Compilation)","Replay The Spire","StSLib","SuperFastMode","[IsaacMod]????"],"gold_per_floor":[110,110,123,133,145,175,175,202,225,225,241,260,277,308,308,407,407,425,436,436,35,47,47,47,47],"floor_reached":24,"language":"ENG","playtime":1715,"items_purged":["Strike_P"],"score":294,"play_id":"52136dc9-58bb-48db-b31e-1c26c393000c","local_time":"20210213203752","is_ascension_mode":true,"campfire_choices":[{"data":"Replay:ManipulateFuture","floor":7.0,"key":"SMITH"},{"floor":10.0,"key":"REST"},{"data":"Omniscience","floor":15.0,"key":"SMITH"},{"floor":23.0,"key":"REST"}],"circlet_count":0,"master_deck":["Strike_P","Strike_P","Strike_P","Defend_P","Defend_P","Defend_P","Defend_P","Eruption","Vigilance","EmptyFist","BattleHymn","Consecrate","Replay:ManipulateFuture+1","Replay:AtTheReady","Wireheading","ThirdEye","Replay:DivineShield","Omniscience+1","Devotion","Blade Dance","Blade Dance+1","Venomology"],"relics":["PureWater","HushsDoor","SteamSale","Toy Ornithopter","ReplayFunnel","aspiration:SilentSkillbook","Shovel","NineVolt"],"acts_visited":["Exordium","TheCity"],"potions_floor_usage":[24],"damage_taken":[{"damage":0.0,"enemies":"2 Louse","floor":1.0,"turns":2.0},{"damage":0.0,"enemies":"Cultist","floor":3.0,"turns":2.0},{"damage":0.0,"enemies":"conspire:RoseBush","floor":4.0,"turns":3.0},{"damage":0.0,"enemies":"Looter","floor":5.0,"turns":4.0},{"damage":39.0,"enemies":"Gremlin Nob","floor":6.0,"turns":4.0},{"damage":13.0,"enemies":"Replay:BlueRogue","floor":8.0,"turns":6.0},{"damage":0.0,"enemies":"3 Louse","floor":11.0,"turns":4.0},{"damage":17.0,"enemies":"Gremlin Gang","floor":12.0,"turns":4.0},{"damage":0.0,"enemies":"Large Slime","floor":13.0,"turns":3.0},{"damage":0.0,"enemies":"Gremlin Nob","floor":14.0,"turns":2.0},{"damage":50.0,"enemies":"The Guardian","floor":16.0,"turns":13.0},{"damage":70.0,"enemies":"3 Byrds","floor":18.0,"turns":9.0},{"damage":6.0,"enemies":"Chosen","floor":19.0,"turns":5.0},{"damage":14.0,"enemies":"Snake Plant","floor":22.0,"turns":8.0},{"damage":35,"enemies":"Nightmare","floor":24,"turns":8}],"seed_played":"2468571751068406008","potions_obtained":[{"floor":1.0,"key":"Block Potion"},{"floor":6.0,"key":"Milkshake"},{"floor":11.0,"key":"sneckomod:MuddlingPotion"},{"floor":12.0,"key":"Guardian:BlockOnCardUsePotion"},{"floor":14.0,"key":"Strength Potion"}],"is_trial":false,"path_per_floor":["M","?","M","M","M","E","R","E","T","R","M","M","M","E","R","B",null,"M","M","?","$","M","R","NM"],"character_chosen":"WATCHER","items_purchased":["Shovel","NineVolt","Venomology","EssenceOfSteel","Energy Potion"],"campfire_rested":2,"item_purchase_floors":[21,21,21,21,21],"current_hp_per_floor":[79,79,79,79,79,40,40,27,27,50,50,43,43,48,48,3,79,9,3,3,3,4,27,0,0],"gold":47,"neow_bonus":"TEN_PERCENT_HP_BONUS","is_daily":false,"chose_seed":false,"campfire_upgraded":2,"win_rate":0.0,"timestamp":1613245072,"path_taken":["M","?","M","M","M","E","R","E","T","R","?","M","M","E","R","BOSS","M","M","?","$","M","R","NM"],"items_purchased_type":["Relic","Relic","Card","Potion","Potion"],"build_version":"2020-12-22","purchased_purges":1,"victory":false,"max_hp_per_floor":[79,79,79,79,79,79,79,79,79,79,79,79,79,79,79,79,79,79,79,79,79,79,79,79,79],"card_choices":[{"not_picked":["BowlingBash","FlyingSleeves"],"picked":"EmptyFist","floor":1.0},{"not_picked":["FlyingSleeves","EmptyFist"],"picked":"BattleHymn","floor":3.0},{"not_picked":["Weave","Establishment"],"picked":"Consecrate","floor":4.0},{"not_picked":["FollowUp","BowlingBash"],"picked":"Replay:ManipulateFuture","floor":5.0},{"not_picked":["PathToVictory","Pray"],"picked":"Replay:AtTheReady","floor":6.0},{"not_picked":["LikeWater","EmptyFist"],"picked":"Wireheading","floor":8.0},{"not_picked":["FlyingSleeves","PathToVictory"],"picked":"ThirdEye","floor":11.0},{"not_picked":["Prostrate","WaveOfTheHand","Crescendo"],"picked":"SKIP","floor":12.0},{"not_picked":["FlurryOfBlows","Nirvana"],"picked":"Replay:DivineShield","floor":13.0},{"not_picked":["Study","Prostrate"],"picked":"Omniscience","floor":14.0},{"not_picked":["Scrawl","Wish"],"picked":"Devotion","floor":16.0},{"not_picked":["Underhanded Strike","Perseverance+1","Dagger Throw+1"],"picked":"Blade Dance","floor":18.0},{"not_picked":["Prostrate","Prepared","ThirdEye+1"],"picked":"Blade Dance+1","floor":19.0},{"not_picked":["Terror","Deadly Poison","hubris:TrickCloak","Outmaneuver"],"picked":"SKIP","floor":22.0}],"player_experience":1335394,"relics_obtained":[{"floor":9.0,"key":"Toy Ornithopter"},{"floor":14.0,"key":"ReplayFunnel"}],"event_choices":[{"damage_healed":0.0,"max_hp_gain":0.0,"max_hp_loss":0.0,"gold_gain":0.0,"event_name":"Cursed Tome","player_choice":"Ignored","floor":20.0,"gold_loss":0.0,"damage_taken":0.0}],"is_beta":false,"boss_relics":[{"not_picked":["Snecko Eye","conspire:RoyalGoblet"],"picked":"aspiration:SilentSkillbook"},{"not_picked":[]}],"items_purged_floors":[21],"is_endless":false,"potions_floor_spawned":[1,6,11,12,14],"killed_by":"Nightmare","ascension_level":4}}