{"host":"92108ef2q9tm8rod","time":1613179236,"event":{"mods":["BaseMod","Defuse TimeMaze Blight","Minty Spire (QoL Compilation)","StSLib","The Jungle"],"gold_per_floor":[116,41,56,67,85,85,85,85,85,110,126,139,139,154,154,252,252,265,265,285,103,123,123,153,153,153,153,187,187,187,201,201,305,305,321,341,341,354,354,379,405,436,501,271,306,339,339,359,359,359],"floor_reached":51,"language":"ENG","playtime":2269,"items_purged":["Deadly Poison"],"score":1179,"play_id":"636143ac-a535-418a-9302-0ff9755ceb30","local_time":"20210213012036","daily_mods":["SealedDeck","Colorless Cards","Heirloom","Flight"],"is_ascension_mode":false,"campfire_choices":[{"data":"Blind","floor":6,"key":"SMITH"},{"data":"Deflect","floor":7,"key":"SMITH"},{"data":"Deflect","floor":8,"key":"SMITH"},{"data":"Blur","floor":15,"key":"SMITH"},{"data":"Panache","floor":23,"key":"SMITH"},{"data":"Deep Breath","floor":25,"key":"SMITH"},{"data":"Underhanded Strike","floor":27,"key":"SMITH"},{"data":"Flash of Steel","floor":30,"key":"SMITH"},{"data":"Backstab","floor":32,"key":"SMITH"},{"data":"Dramatic Entrance","floor":47,"key":"SMITH"},{"floor":49,"key":"REST"}],"circlet_count":0,"master_deck":["Underhanded Strike+1","Deep Breath+1","Acrobatics+1","Underhanded Strike+1","Dramatic Entrance+1","Backstab+1","Deflect+1","Blind+1","Deflect+1","Blur+1","Flash of Steel+1","Panache+1","Swift Strike+1"],"relics":["Ring of the Snake","Incense Burner","Bottled Lightning","StrikeDummy","Busted Crown","Oddly Smooth Stone","Mercury Hourglass","Pear","HoveringKite","MawBank","Orichalcum","Medical Kit","Pantograph","Centennial Puzzle"],"acts_visited":["Exordium","Exordium","TheBeyond"],"potions_floor_usage":[18,38,42,44,50,50,50],"damage_taken":[{"damage":0,"enemies":"Cultist","floor":1,"turns":2},{"damage":0,"enemies":"2 Louse","floor":3,"turns":1},{"damage":0,"enemies":"Small Slimes","floor":4,"turns":2},{"damage":0,"enemies":"Exordium Thugs","floor":5,"turns":2},{"damage":0,"enemies":"3 Sentries","floor":10,"turns":5},{"damage":0,"enemies":"Exordium Wildlife","floor":11,"turns":2},{"damage":0,"enemies":"Large Slime","floor":12,"turns":2},{"damage":0,"enemies":"3 Louse","floor":14,"turns":1},{"damage":0,"enemies":"Slime Boss","floor":16,"turns":7},{"damage":0,"enemies":"Shell Parasite","floor":18,"turns":1},{"damage":0,"enemies":"theJungle:GiantWrat","floor":20,"turns":1},{"damage":0,"enemies":"theJungle:SlimyTreeVines","floor":22,"turns":3},{"damage":0,"enemies":"theJungle:Cassacara","floor":24,"turns":2},{"damage":0,"enemies":"theJungle:MamaSnecko","floor":28,"turns":2},{"damage":0,"enemies":"theJungle:Snecko_Cultist_And_Trap","floor":31,"turns":1},{"damage":0,"enemies":"theJungle:TotemBoss","floor":33,"turns":3},{"damage":0,"enemies":"3 Shapes","floor":35,"turns":1},{"damage":0,"enemies":"Orb Walker","floor":36,"turns":1},{"damage":0,"enemies":"Writhing Mass","floor":38,"turns":3},{"damage":0,"enemies":"Reptomancer","floor":40,"turns":2},{"damage":0,"enemies":"4 Shapes","floor":41,"turns":1},{"damage":0,"enemies":"Spire Growth","floor":42,"turns":1},{"damage":0,"enemies":"Nemesis","floor":45,"turns":3},{"damage":0,"enemies":"Reptomancer","floor":46,"turns":2},{"damage":0,"enemies":"Maw","floor":48,"turns":3},{"damage":0,"enemies":"Awakened One","floor":50,"turns":6}],"seed_played":"-3796487354153634091","potions_obtained":[{"floor":3,"key":"FearPotion"},{"floor":4,"key":"Block Potion"},{"floor":10,"key":"Swift Potion"},{"floor":14,"key":"LiquidBronze"},{"floor":18,"key":"Weak Potion"},{"floor":35,"key":"FearPotion"},{"floor":38,"key":"GamblersBrew"},{"floor":46,"key":"ColorlessPotion"}],"is_trial":true,"path_per_floor":["M","$","M","M","M","R","R","R","T","E","M","M","?","M","R","B",null,"M","?","M","$","M","R","E","R","T","R","E","?","R","M","R","B",null,"M","M","?","M","?","E","M","M","T","$","E","E","R","M","R","B",null],"character_chosen":"THE_SILENT","items_purchased":["Panache","Medical Kit","Fruit Juice"],"campfire_rested":1,"item_purchase_floors":[21,44,44],"current_hp_per_floor":[70,70,70,70,70,70,70,70,70,70,70,70,70,70,70,70,70,70,70,70,70,70,70,70,70,70,70,80,80,80,80,80,80,80,80,80,80,80,80,80,80,80,80,85,85,85,85,85,85,85],"gold":359,"neow_bonus":"","is_daily":false,"chose_seed":false,"campfire_upgraded":10,"win_rate":0.0,"timestamp":1613179236,"path_taken":["M","$","M","M","M","R","R","R","T","E","?","M","?","?","R","BOSS","M","?","M","?","M","R","E","R","T","R","E","?","R","M","R","BOSS","M","M","?","M","?","E","M","M","T","$","E","E","R","?","R","BOSS"],"items_purchased_type":["Card","Relic","Potion"],"build_version":"2020-12-22","purchased_purges":1,"victory":true,"max_hp_per_floor":[70,70,70,70,70,70,70,70,70,70,70,70,70,70,70,70,70,70,70,70,70,70,70,70,70,70,70,80,80,80,80,80,80,80,80,80,80,80,80,80,80,80,80,85,85,85,85,85,85,85],"card_choices":[{"not_picked":["Eviscerate","Sucker Punch"],"picked":"Blur","floor":1},{"not_picked":["Jack Of All Trades","Deadly Poison","Acrobatics"],"picked":"SKIP","floor":3},{"not_picked":["Outmaneuver","Blade Dance"],"picked":"Flash of Steel","floor":4},{"not_picked":["Distraction","Flechettes","PanicButton"],"picked":"SKIP","floor":5},{"not_picked":["Cloak And Dagger","Flechettes","Heel Hook"],"picked":"SKIP","floor":10},{"not_picked":["PiercingWail","Slice","Caltrops"],"picked":"SKIP","floor":11},{"not_picked":["Magnetism","Endless Agony","Dramatic Entrance"],"picked":"SKIP","floor":12},{"not_picked":["PiercingWail","Outmaneuver","Catalyst"],"picked":"SKIP","floor":14},{"not_picked":["Quick Slash"],"picked":"SKIP","floor":18},{"not_picked":["Eviscerate+1"],"picked":"SKIP","floor":20},{"not_picked":["Tactician+1"],"picked":"SKIP","floor":22},{"not_picked":["Venomology"],"picked":"SKIP","floor":24},{"not_picked":[],"picked":"Swift Strike+1","floor":28},{"not_picked":["PiercingWail"],"picked":"SKIP","floor":31},{"not_picked":["Dagger Spray"],"picked":"SKIP","floor":35},{"not_picked":["Blade Dance"],"picked":"SKIP","floor":36},{"not_picked":["Blade Dance"],"picked":"SKIP","floor":38},{"not_picked":["Flying Knee"],"picked":"SKIP","floor":40},{"not_picked":["Eviscerate"],"picked":"SKIP","floor":41},{"not_picked":["Setup+1"],"picked":"SKIP","floor":42},{"not_picked":["Poisoned Stab+1"],"picked":"SKIP","floor":45},{"not_picked":["Acrobatics"],"picked":"SKIP","floor":46},{"not_picked":["Prepared"],"picked":"SKIP","floor":48}],"player_experience":3420270,"relics_obtained":[{"floor":9,"key":"Bottled Lightning"},{"floor":10,"key":"StrikeDummy"},{"floor":24,"key":"Oddly Smooth Stone"},{"floor":26,"key":"Mercury Hourglass"},{"floor":28,"key":"Pear"},{"floor":40,"key":"MawBank"},{"floor":43,"key":"Orichalcum"},{"floor":45,"key":"Pantograph"},{"floor":46,"key":"Centennial Puzzle"}],"event_choices":[{"damage_healed":0,"gold_gain":0,"player_choice":"Upgraded","damage_taken":0,"max_hp_gain":0,"max_hp_loss":0,"event_name":"Upgrade Shrine","floor":13,"gold_loss":0,"cards_upgraded":["Acrobatics"]},{"damage_healed":0,"gold_gain":0,"player_choice":"Ignored","damage_taken":0,"max_hp_gain":0,"max_hp_loss":0,"event_name":"NoteForYourself","floor":19,"gold_loss":0},{"damage_healed":0,"gold_gain":0,"player_choice":"Forge","damage_taken":0,"max_hp_gain":0,"max_hp_loss":0,"event_name":"Accursed Blacksmith","floor":29,"gold_loss":0,"cards_upgraded":["Underhanded Strike"]},{"damage_healed":0,"gold_gain":0,"player_choice":"Ignored","damage_taken":0,"max_hp_gain":0,"max_hp_loss":0,"event_name":"Tomb of Lord Red Mask","floor":37,"gold_loss":0},{"damage_healed":0,"gold_gain":0,"player_choice":"Ignored","damage_taken":0,"max_hp_gain":0,"max_hp_loss":0,"event_name":"Mysterious Sphere","floor":39,"gold_loss":0}],"is_beta":false,"boss_relics":[{"not_picked":["Velvet Choker","Snecko Eye"],"picked":"Busted Crown"},{"not_picked":["Philosopher\u0027s Stone","SlaversCollar"],"picked":"HoveringKite"}],"items_purged_floors":[2],"is_endless":false,"potions_floor_spawned":[3,4,10,14,16,18,28,31,35,38,40,41,46,48],"ascension_level":0}}