{"host":"7kv6jur089hrzttt","time":1613177733,"event":{"mods":["Act Like it!","BaseMod","Better Note","Better Third Choice","CapriCore","Downfall","Hallownest","Hermit","Minty Spire (QoL Compilation)","Relic Stats","Reliquary","Replay The Spire","Robot Space Explorer","StSLib","The Bug Knight","The Cursed","The Servant 0.9.4"],"gold_per_floor":[111,111,125,143,153,182,182,195,195,223,233,309,309,309,309,309,309],"floor_reached":16,"language":"ENG","playtime":1471,"items_purged":[],"score":112,"play_id":"25bd67b1-20a4-4d7f-86a0-ef726105528a","local_time":"20210212165533","is_ascension_mode":false,"campfire_choices":[{"data":"HollowMod:ElderbugsWisdom","floor":7,"key":"SMITH"},{"data":"HollowMod:SoulEater","floor":15,"key":"SMITH"}],"circlet_count":0,"master_deck":["HollowMod:NailStrikeStart+1","HollowMod:NailStrikeStart","HollowMod:NailStrikeStart","HollowMod:NailStrikeStart","HollowMod:QuickDashStart","HollowMod:QuickDashStart","HollowMod:QuickDashStart","HollowMod:QuickDashStart+1","HollowMod:FocusHealStart","HollowMod:PogoStrike","HollowMod:SharpenedNail","HollowMod:HeavyBlow","HollowMod:GreatSlash+1","HollowMod:CoiledNail","HollowMod:ElderbugsWisdom+1","HollowMod:SoulEater+1","HollowMod:QuirrelsAssistance"],"relics":["HollowMod:VesselMask","Hallownest:DreamNailRelic","Gremlin Food","Orichalcum","reliquary:RosewoodLute","Replay:Accelerometer"],"acts_visited":["Exordium"],"potions_floor_usage":[6,6,11,16],"damage_taken":[{"damage":2,"enemies":"2_ Uuma","floor":1,"turns":4},{"damage":1,"enemies":"Hallownest:monsterHuskWarrior","floor":3,"turns":3},{"damage":2,"enemies":"Hallownest:monsterHuskGuard","floor":4,"turns":3},{"damage":20,"enemies":"Hallownest:Guard_and_Warrior","floor":5,"turns":5},{"damage":5,"enemies":"Hallownest:eliteCrystalGuardian","floor":6,"turns":5},{"damage":16,"enemies":"Hallownest:1_Baldur_1_Crawlid_1_Warrior","floor":8,"turns":5},{"damage":5,"enemies":"Hallownest:eliteVengeflyKing","floor":10,"turns":7},{"damage":4,"enemies":"Hallownest:2_Tiktiks_1_Baldur_1_Crawlid","floor":11,"turns":2},{"damage":73,"enemies":"Hallownest:BossHornet","floor":16,"turns":13}],"seed_played":"2445822569604197440","potions_obtained":[{"floor":3,"key":"Strength Potion"},{"floor":5,"key":"Fire Potion"},{"floor":10,"key":"DuplicationPotion"},{"floor":11,"key":"AttackPotion"}],"is_trial":false,"path_per_floor":["M","?","M","M","M","E","R","M","T","E","M","T","?","?","R","B"],"character_chosen":"THE_BUGKNIGHT","items_purchased":[],"campfire_rested":0,"item_purchase_floors":[],"current_hp_per_floor":[80,80,82,80,66,71,71,61,61,62,58,58,58,58,58,0,0],"gold":309,"neow_bonus":"TEN_PERCENT_HP_BONUS","is_daily":false,"chose_seed":false,"campfire_upgraded":2,"win_rate":0.0,"timestamp":1613177733,"path_taken":["M","?","M","?","M","E","R","M","T","E","M","?","?","?","R","BOSS"],"items_purchased_type":[],"build_version":"2020-12-22","purchased_purges":0,"victory":false,"max_hp_per_floor":[82,82,82,82,82,82,82,82,82,82,82,82,82,82,82,82,82],"relic_stats":{"counters":[9,47],"Orichalcum":[84],"obtain_stats":[{"Gremlin Food":6,"Replay:Accelerometer":12,"HollowMod:VesselMask":0,"Hallownest:DreamNailRelic":2,"Orichalcum":9,"reliquary:RosewoodLute":10},{"Gremlin Food":5,"Replay:Accelerometer":8,"HollowMod:VesselMask":0,"Hallownest:DreamNailRelic":1,"Orichalcum":6,"reliquary:RosewoodLute":7},{"Gremlin Food":20,"Replay:Accelerometer":34,"HollowMod:VesselMask":0,"Hallownest:DreamNailRelic":4,"Orichalcum":25,"reliquary:RosewoodLute":32}]},"card_choices":[{"not_picked":["HollowMod:WraithStrike","HollowMod:NewJinnsSoul"],"picked":"HollowMod:SharpenedNail","floor":1},{"not_picked":["HollowMod:InfectedCysts","HollowMod:FastStrike"],"picked":"HollowMod:HeavyBlow","floor":3},{"not_picked":["HollowMod:WraithStrike","HollowMod:GrimmsGift"],"picked":"HollowMod:GreatSlash","floor":4},{"not_picked":["HollowMod:NewLittleFool","HollowMod:MawleksShell"],"picked":"HollowMod:CoiledNail","floor":5},{"not_picked":["HollowMod:DescendingDark","HollowMod:VoidDash"],"picked":"HollowMod:ElderbugsWisdom","floor":6},{"not_picked":["HollowMod:ChannelNail","HollowMod:BlackTendrils"],"picked":"HollowMod:SoulEater","floor":8},{"not_picked":["HollowMod:SoulEater","HollowMod:NewInfectedGuardian"],"picked":"HollowMod:QuirrelsAssistance","floor":10},{"not_picked":["HollowMod:DescendingDark","HollowMod:LifebloodCocoon","HollowMod:SoulSplash"],"picked":"SKIP","floor":11}],"player_experience":260714,"relics_obtained":[{"floor":6,"key":"Gremlin Food"},{"floor":9,"key":"Orichalcum"},{"floor":10,"key":"reliquary:RosewoodLute"},{"floor":12,"key":"Replay:Accelerometer"}],"event_choices":[],"is_beta":false,"boss_relics":[],"items_purged_floors":[],"is_endless":false,"potions_floor_spawned":[3,5,10,11],"killed_by":"Hallownest:BossHornet","ascension_level":0}}