{"host":"5h6e4l6hpn0p5lap","time":1613183525,"event":{"mods":["AchievementEnabler","BaseMod","Better Altar","Better Match","Better Sensory Stone","Better Skull","Better Third Choice","Colored Map","Filter the Spire","Minty Spire (QoL Compilation)","StSLib"],"gold_per_floor":[116,127,52,68,85,85,85],"floor_reached":6,"language":"ENG","playtime":247,"items_purged":[],"score":57,"play_id":"6668887c-50b9-423c-8193-0846a67d6320","local_time":"20210212213205","is_ascension_mode":true,"campfire_choices":[],"circlet_count":0,"master_deck":["AscendersBane","Strike_P","Strike_P","Strike_P","Strike_P","Defend_P","Defend_P","Defend_P","Defend_P","Eruption","Vigilance","Conclude","CutThroughFate","Meditate+1","Prostrate","EmptyMind"],"relics":["PureWater","Akabeko"],"acts_visited":["Exordium"],"potions_floor_usage":[5],"damage_taken":[{"damage":0,"enemies":"Cultist","floor":1,"turns":4},{"damage":9,"enemies":"Small Slimes","floor":2,"turns":3},{"damage":12,"enemies":"Jaw Worm","floor":4,"turns":2},{"damage":6,"enemies":"Gremlin Gang","floor":5,"turns":4},{"damage":5,"enemies":"3 Sentries","floor":6,"turns":2}],"seed_played":"1360772269595896376","potions_obtained":[{"floor":2,"key":"Fire Potion"}],"is_trial":false,"path_per_floor":["M","M","?","M","M","E"],"character_chosen":"WATCHER","items_purchased":[],"campfire_rested":0,"item_purchase_floors":[],"current_hp_per_floor":[65,56,56,44,38,33,33],"gold":85,"neow_bonus":"RANDOM_COMMON_RELIC","is_daily":false,"chose_seed":false,"campfire_upgraded":0,"win_rate":0.0,"timestamp":1613183525,"path_taken":["M","?","?","M","M","E"],"items_purchased_type":[],"build_version":"2020-12-22","purchased_purges":0,"victory":false,"max_hp_per_floor":[72,72,72,72,72,72,72],"card_choices":[{"not_picked":["Halt","CrushJoints"],"picked":"Conclude","floor":1},{"not_picked":["CrushJoints","EmptyMind"],"picked":"CutThroughFate","floor":2},{"not_picked":["Indignation+1","Study+1"],"picked":"Meditate+1","floor":3},{"not_picked":["Consecrate","Worship"],"picked":"Prostrate","floor":4},{"not_picked":["Pray","FlyingSleeves"],"picked":"EmptyMind","floor":5}],"player_experience":1104612,"relics_obtained":[],"event_choices":[{"damage_healed":0,"gold_gain":0,"player_choice":"2","damage_taken":0,"max_hp_gain":0,"max_hp_loss":0,"event_name":"betterMatch:BetterMatch","floor":3,"gold_loss":0,"cards_obtained":["betterMatch:UncommonCard"]}],"is_beta":false,"boss_relics":[],"items_purged_floors":[],"is_endless":false,"potions_floor_spawned":[2],"killed_by":"3 Sentries","ascension_level":10}}