{"host":"hcfgv6p6h0ubjkk0","time":1613185594,"event":{"mods":["AchievementEnabler","BaseMod","Highlight Path","Minty Spire (QoL Compilation)","Quick Restart","Replay The Spire","StSLib"],"gold_per_floor":[116,291,291,311,325,325,350,350,350,350,350],"floor_reached":10,"language":"ENG","playtime":281,"items_purged":[],"score":79,"play_id":"2cd23e5f-8904-4126-ae36-281c76b99d51","local_time":"20210213030634","is_ascension_mode":true,"campfire_choices":[{"data":"Flame Barrier","floor":6,"key":"SMITH"},{"floor":8,"key":"REST"}],"circlet_count":0,"master_deck":["Strike_R","Strike_R","Strike_R","Strike_R","Defend_R","Defend_R","Defend_R","Defend_R","Bash","Flame Barrier+1","Doubt","Evolve"],"relics":["Burning Blood","CaptainsWheel","Replay:Accelerometer"],"acts_visited":["Exordium"],"potions_floor_usage":[7],"damage_taken":[{"damage":5,"enemies":"Small Slimes","floor":1,"turns":3},{"damage":5,"enemies":"Cultist","floor":4,"turns":5},{"damage":17,"enemies":"Jaw Worm","floor":5,"turns":7},{"damage":61,"enemies":"Lagavulin","floor":7,"turns":13},{"damage":50,"enemies":"Gremlin Nob","floor":10,"turns":6}],"seed_played":"-2975185712049538061","potions_obtained":[{"floor":5,"key":"Toxic Potion"}],"is_trial":false,"path_per_floor":["M","?","?","M","M","R","E","R","T","E"],"character_chosen":"IRONCLAD","items_purchased":[],"campfire_rested":1,"item_purchase_floors":[],"current_hp_per_floor":[85,85,85,85,74,74,19,44,44,0,0],"gold":350,"neow_bonus":"RANDOM_EVENT","is_daily":false,"chose_seed":false,"campfire_upgraded":1,"win_rate":0.0,"timestamp":1613185594,"path_taken":["M","?","?","M","M","R","E","R","T","E"],"items_purchased_type":[],"build_version":"2020-12-22","purchased_purges":0,"victory":false,"max_hp_per_floor":[85,85,85,85,85,85,85,85,85,85,85],"card_choices":[{"not_picked":["Replay:Undeath\u0027s Touch","Massacre"],"picked":"Flame Barrier","floor":1},{"not_picked":["Sword Boomerang","Massacre","Feel No Pain"],"picked":"SKIP","floor":4},{"not_picked":["Evolve","Run Through","Clothesline"],"picked":"SKIP","floor":5},{"not_picked":["Heavy Blade","ReplayTheSpireMod:Stacked","Metallicize"],"picked":"SKIP","floor":7}],"player_experience":200275,"relics_obtained":[{"floor":7,"key":"CaptainsWheel"},{"floor":9,"key":"Replay:Accelerometer"}],"event_choices":[{"damage_healed":0,"gold_gain":0,"player_choice":"Donut","damage_taken":0,"max_hp_gain":5,"max_hp_loss":0,"event_name":"Big Fish","floor":0,"gold_loss":0},{"damage_healed":0,"gold_gain":175,"player_choice":"AGREE","damage_taken":0,"max_hp_gain":0,"max_hp_loss":0,"event_name":"Liars Game","floor":2,"gold_loss":0,"cards_obtained":["Doubt"]},{"damage_healed":0,"gold_gain":0,"cards_transformed":["Strike_R"],"player_choice":"Transformed","damage_taken":0,"max_hp_gain":0,"max_hp_loss":0,"event_name":"Transmorgrifier","floor":3,"gold_loss":0,"cards_obtained":["Evolve"]}],"is_beta":false,"boss_relics":[],"items_purged_floors":[],"is_endless":false,"potions_floor_spawned":[5],"killed_by":"Gremlin Nob","ascension_level":4}}