{"host":"qp7xs8nuzfsyommi","time":1613242634,"event":{"mods":["2.2 Compatiblity","BaseMod","Colored Powertips","DeckTracker","Highlight Path","Minty Spire (QoL Compilation)","Permanent Neow","Quick Restart","StSLib"],"gold_per_floor":[117,117,117,42,58,83,83,98,125,135,135,154,154,154,154,233,233,245,256,16,34,34,48,78,78,78,78,78,78,78,94,94,165,215,225,0,0,25,38,38,38,38,38,38,38,55,55,69,69,69,69],"floor_reached":50,"language":"ENG","playtime":2406,"items_purged":["Pain","Strike_B"],"score":945,"play_id":"0cbc73d0-4ede-43d2-b57f-49177cf89066","local_time":"20210213135714","is_ascension_mode":true,"campfire_choices":[{"floor":7.0,"key":"REST"},{"floor":13.0,"key":"REST"},{"data":"Turbo","floor":15,"key":"SMITH"},{"floor":27,"key":"REST"},{"floor":29,"key":"REST"},{"floor":32,"key":"RECALL"},{"floor":40,"key":"REST"},{"data":"Chrysalis","floor":42,"key":"SMITH"},{"data":"Storm","floor":45,"key":"SMITH"},{"floor":49,"key":"REST"}],"circlet_count":0,"master_deck":["AscendersBane","Strike_B","Strike_B","Strike_B","Defend_B","Defend_B","Defend_B","Defend_B","Zap","Dualcast","Recycle","Gash","Genetic Algorithm","Ball Lightning","Turbo+1","Doom and Gloom","Stack+1","FTL","Core Surge","Buffer","Sunder","Beam Cell","Loop","White Noise","Storm","Tempest+1","Chill","Force Field+1","Thunder Strike","Recycle","Go for the Eyes+1","Glacier","Gash","Gash","Force Field","Storm+1","Thunder Strike","Defragment+1","Chrysalis+1","Turbo+1","Coolheaded+1","Coolheaded+1"],"relics":["Runic Pyramid","MealTicket","WarpedTongs","The Courier","Smiling Mask","Nuclear Battery","Omamori","Matryoshka","Boot","Tiny House","Red Mask","Prayer Wheel","PreservedInsect","Strawberry","TungstenRod"],"acts_visited":["Exordium","TheCity","TheBeyond"],"potions_floor_usage":[19,33,33,35,38,50],"damage_taken":[{"damage":4.0,"enemies":"Jaw Worm","floor":1.0,"turns":4.0},{"damage":1.0,"enemies":"2 Louse","floor":5.0,"turns":3.0},{"damage":54.0,"enemies":"3 Sentries","floor":6.0,"turns":13.0},{"damage":3.0,"enemies":"Cultist","floor":8.0,"turns":5.0},{"damage":13.0,"enemies":"Blue Slaver","floor":10.0,"turns":3.0},{"damage":0.0,"enemies":"Lots of Slimes","floor":11.0,"turns":1.0},{"damage":23.0,"enemies":"3 Louse","floor":12.0,"turns":4.0},{"damage":2,"enemies":"Slime Boss","floor":16,"turns":7},{"damage":3,"enemies":"Spheric Guardian","floor":18,"turns":4},{"damage":4,"enemies":"2 Thieves","floor":19,"turns":4},{"damage":11,"enemies":"Sentry and Sphere","floor":21,"turns":5},{"damage":18,"enemies":"Cultist and Chosen","floor":23,"turns":4},{"damage":44,"enemies":"Slavers","floor":24,"turns":4},{"damage":0,"enemies":"Snecko","floor":31,"turns":4},{"damage":47,"enemies":"Collector","floor":33,"turns":11},{"damage":8,"enemies":"Orb Walker","floor":35,"turns":4},{"damage":12,"enemies":"Mind Bloom Boss Battle","floor":38,"turns":9},{"damage":14,"enemies":"3 Shapes","floor":39,"turns":5},{"damage":54,"enemies":"3 Darklings","floor":46,"turns":5},{"damage":0,"enemies":"Transient","floor":48,"turns":6},{"damage":67,"enemies":"Awakened One","floor":50,"turns":3}],"seed_played":"-4831002096255859239","potions_obtained":[{"floor":5.0,"key":"FairyPotion"},{"floor":6.0,"key":"SmokeBomb"},{"floor":16,"key":"EssenceOfDarkness"},{"floor":18,"key":"Block Potion"},{"floor":24,"key":"ColorlessPotion"},{"floor":31,"key":"SteroidPotion"},{"floor":33,"key":"ColorlessPotion"},{"floor":34,"key":"CultistPotion"},{"floor":35,"key":"BlessingOfTheForge"},{"floor":39,"key":"EssenceOfSteel"},{"floor":46,"key":"CultistPotion"}],"is_trial":false,"path_per_floor":["M","?","?","$","M","E","R","M","T","M","M","M","R","?","R","B",null,"M","M","$","M","$","M","E","?","T","R","?","R","?","M","R","B",null,"M","$","?","?","M","R","?","R","T","$","R","M","T","M","R","B"],"character_chosen":"DEFECT","items_purchased":["Loop","White Noise","Storm","Glacier","Gash","Gash","Force Field"],"campfire_rested":6,"item_purchase_floors":[20,20,20,36,36,36,36],"current_hp_per_floor":[60,55,55,70,69,15,36,33,33,20,20,21,42,42,42,40,63,60,56,71,60,71,53,9,9,9,30,30,51,51,51,51,4,59,51,66,66,54,40,62,62,62,62,76,76,22,29,29,53,0,0],"gold":69,"neow_bonus":"BOSS_RELIC","is_daily":false,"chose_seed":false,"campfire_upgraded":3,"win_rate":0.0,"timestamp":1613242634,"path_taken":["M","?","?","$","M","E","R","M","T","M","?","M","R","?","R","BOSS","M","M","$","?","$","M","E","?","T","R","?","R","?","M","R","BOSS","M","$","?","?","M","R","?","R","T","$","R","M","?","M","R","BOSS"],"items_purchased_type":["Card","Card","Card","Card","Card","Card","Card"],"build_version":"2020-12-22","purchased_purges":2,"victory":false,"max_hp_per_floor":[71,71,71,71,71,71,71,71,71,71,71,71,71,71,71,71,71,71,71,71,71,71,71,71,71,71,71,71,71,71,71,71,71,76,76,76,76,76,76,76,76,76,76,76,76,76,83,83,83,83,83],"card_choices":[{"not_picked":["Redo","Aggregate"],"picked":"Recycle","floor":1.0},{"not_picked":["Hologram","Compile Driver"],"picked":"Gash","floor":5.0},{"not_picked":["Streamline","Leap"],"picked":"Genetic Algorithm","floor":6.0},{"not_picked":["Consume","Cold Snap"],"picked":"Ball Lightning","floor":8.0},{"not_picked":["Steam","Go for the Eyes"],"picked":"Turbo","floor":10.0},{"not_picked":["Reprogram","White Noise"],"picked":"Doom and Gloom","floor":12.0},{"not_picked":["Electrodynamics","Thunder Strike"],"picked":"Buffer","floor":16},{"not_picked":["Coolheaded","Reinforced Body"],"picked":"Sunder","floor":18},{"not_picked":["Barrage","Sweeping Beam"],"picked":"Beam Cell","floor":19},{"not_picked":["Aggregate","Steam Power"],"picked":"Tempest+1","floor":21},{"not_picked":["Ball Lightning","Fusion","Cold Snap"],"picked":"SKIP","floor":23},{"not_picked":["Streamline","Rebound"],"picked":"Chill","floor":24},{"not_picked":["Coolheaded","Streamline"],"picked":"Force Field+1","floor":31},{"not_picked":["Rainbow","Buffer"],"picked":"Thunder Strike","floor":33},{"not_picked":["Ball Lightning","Turbo"],"picked":"Recycle","floor":34},{"not_picked":["Genetic Algorithm","Beam Cell+1"],"picked":"Go for the Eyes+1","floor":35},{"not_picked":["Conserve Battery","Consume"],"picked":"Storm","floor":38},{"not_picked":["Fusion","Barrage"],"picked":"Thunder Strike","floor":39},{"not_picked":["Loop+1","Conserve Battery"],"picked":"Defragment+1","floor":39},{"not_picked":["Violence","Flash of Steel"],"picked":"Chrysalis","floor":41},{"not_picked":["Aggregate","Genetic Algorithm"],"picked":"Turbo+1","floor":46},{"not_picked":["Stack+1","Rebound"],"picked":"Coolheaded+1","floor":46},{"not_picked":["Cold Snap+1","Compile Driver"],"picked":"Coolheaded+1","floor":48},{"not_picked":["Hello World+1","Coolheaded","Cold Snap"],"picked":"SKIP","floor":48}],"player_experience":1895743,"relics_obtained":[{"floor":6.0,"key":"The Courier"},{"floor":9.0,"key":"Smiling Mask"},{"floor":24,"key":"Omamori"},{"floor":26,"key":"Matryoshka"},{"floor":38,"key":"Prayer Wheel"},{"floor":43,"key":"PreservedInsect"},{"floor":47,"key":"Strawberry"},{"floor":47,"key":"TungstenRod"}],"event_choices":[{"damage_healed":0.0,"max_hp_gain":0.0,"max_hp_loss":0.0,"gold_gain":0.0,"event_name":"Scrap Ooze","player_choice":"Success","floor":2.0,"gold_loss":0.0,"damage_taken":5.0,"relics_obtained":["MealTicket"]},{"damage_healed":0.0,"max_hp_gain":0.0,"max_hp_loss":0.0,"gold_gain":0.0,"event_name":"Accursed Blacksmith","player_choice":"Rummage","floor":3.0,"gold_loss":0.0,"damage_taken":0.0,"relics_obtained":["WarpedTongs"],"cards_obtained":["Pain"]},{"damage_healed":0,"gold_gain":0,"player_choice":"3 cards matched","damage_taken":0,"max_hp_gain":0,"max_hp_loss":0,"event_name":"Match and Keep!","floor":14,"gold_loss":0,"cards_obtained":["Stack","FTL","Core Surge"]},{"damage_healed":0,"gold_gain":0,"player_choice":"Ignored","damage_taken":0,"max_hp_gain":0,"max_hp_loss":0,"event_name":"Beggar","floor":25,"gold_loss":0},{"damage_healed":0,"gold_gain":0,"player_choice":"Ignored","damage_taken":0,"max_hp_gain":0,"max_hp_loss":0,"event_name":"Ghosts","floor":28,"gold_loss":0},{"damage_healed":0,"gold_gain":0,"player_choice":"Opened","damage_taken":0,"relics_obtained":["Boot"],"max_hp_gain":0,"max_hp_loss":0,"event_name":"The Mausoleum","floor":30,"gold_loss":0,"cards_obtained":["Writhe"]},{"damage_healed":0,"gold_gain":0,"player_choice":"Paid","damage_taken":0,"relics_obtained":["Red Mask"],"max_hp_gain":0,"max_hp_loss":0,"event_name":"Tomb of Lord Red Mask","floor":37,"gold_loss":0},{"damage_healed":0,"gold_gain":0,"player_choice":"Fight","damage_taken":0,"max_hp_gain":0,"max_hp_loss":0,"event_name":"MindBloom","floor":38,"gold_loss":0},{"damage_healed":0,"gold_gain":0,"player_choice":"Memory 1","damage_taken":0,"max_hp_gain":0,"max_hp_loss":0,"event_name":"SensoryStone","floor":41,"gold_loss":0}],"is_beta":false,"boss_relics":[{"not_picked":["SlaversCollar","Coffee Dripper"],"picked":"Nuclear Battery"},{"not_picked":["SacredBark","Runic Dome"],"picked":"Tiny House"}],"items_purged_floors":[4,20],"is_endless":false,"potions_floor_spawned":[5,6,16,18,24,31,33,35,39,46],"killed_by":"Awakened One","ascension_level":20}}