{"host":"9zznonz1olisd4fd","time":1613226675,"event":{"mods":["BaseMod","Keyboard Shortcuts","Minty Spire (QoL Compilation)","StSLib","SuperFastMode"],"gold_per_floor":[114,128,47,47,47,78,97,97,97,22,58,58,79,97,97,97,97],"floor_reached":16,"language":"KOR","playtime":380,"items_purged":["Strike_P"],"score":250,"play_id":"b07bc42f-4f13-4fa5-913d-c76b0c4289cf","local_time":"20210213233115","is_ascension_mode":true,"campfire_choices":[{"data":"Judgement","floor":8.0,"key":"SMITH"},{"data":"EmptyFist","floor":15.0,"key":"SMITH"}],"circlet_count":0,"master_deck":["AscendersBane","Strike_P","Strike_P","Strike_P","Defend_P","Defend_P","Defend_P+1","Defend_P+1","Eruption+1","Vigilance","EmptyFist+1","Judgement+1","CutThroughFate","DeusExMachina"],"relics":["PureWater","NeowsBlessing","Golden Idol","Pear","War Paint","Damaru","Shuriken"],"acts_visited":["Exordium"],"potions_floor_usage":[16,16],"damage_taken":[{"damage":0.0,"enemies":"Jaw Worm","floor":1.0,"turns":1.0},{"damage":0.0,"enemies":"2 Louse","floor":2.0,"turns":1.0},{"damage":0.0,"enemies":"Gremlin Nob","floor":6.0,"turns":1.0},{"damage":0.0,"enemies":"Small Slimes","floor":7.0,"turns":2.0},{"damage":2.0,"enemies":"3 Sentries","floor":11.0,"turns":4.0},{"damage":0.0,"enemies":"Blue Slaver","floor":13.0,"turns":1.0},{"damage":26.0,"enemies":"Lots of Slimes","floor":14.0,"turns":4.0},{"damage":47,"enemies":"Hexaghost","floor":16,"turns":9}],"seed_played":"-8473127052853041852","potions_obtained":[{"floor":1.0,"key":"LiquidMemories"},{"floor":6.0,"key":"SkillPotion"},{"floor":14.0,"key":"DuplicationPotion"}],"is_trial":false,"path_per_floor":["M","M","$","?","?","E","M","R","T","$","E","?","M","M","R","B"],"character_chosen":"WATCHER","items_purchased":["Judgement"],"campfire_rested":0,"item_purchase_floors":[3],"current_hp_per_floor":[61,61,61,61,61,71,71,71,71,71,69,69,69,43,43,0,0],"gold":97,"neow_bonus":"THREE_ENEMY_KILL","is_daily":false,"chose_seed":false,"campfire_upgraded":2,"win_rate":0.0,"timestamp":1613226675,"path_taken":["M","M","$","?","?","E","M","R","T","$","E","?","M","M","R","BOSS"],"items_purchased_type":["Card"],"build_version":"2020-12-22","purchased_purges":1,"victory":false,"max_hp_per_floor":[68,68,68,68,62,72,72,72,72,72,72,72,72,72,72,72,72],"card_choices":[{"not_picked":["TalkToTheHand","EmptyBody","WreathOfFlame"],"picked":"SKIP","floor":1.0},{"not_picked":["BowlingBash","Protect"],"picked":"EmptyFist","floor":2.0},{"not_picked":["ClearTheMind","Crescendo","EmptyFist"],"picked":"SKIP","floor":6.0},{"not_picked":["Sanctity","WreathOfFlame","FlyingSleeves"],"picked":"SKIP","floor":7.0},{"not_picked":["ReachHeaven","SashWhip"],"picked":"CutThroughFate","floor":11.0},{"not_picked":["JustLucky","FlyingSleeves","Protect"],"picked":"SKIP","floor":13.0},{"not_picked":["CrushJoints","FearNoEvil"],"picked":"DeusExMachina","floor":14.0}],"player_experience":534935,"relics_obtained":[{"floor":6.0,"key":"Pear"},{"floor":9.0,"key":"War Paint"},{"floor":11.0,"key":"Damaru"}],"event_choices":[{"damage_healed":0.0,"max_hp_gain":0.0,"max_hp_loss":0.0,"gold_gain":0.0,"event_name":"Living Wall","player_choice":"Grow","floor":4.0,"gold_loss":0.0,"damage_taken":0.0,"cards_upgraded":["Eruption"]},{"damage_healed":0.0,"max_hp_gain":0.0,"max_hp_loss":6.0,"gold_gain":0.0,"event_name":"Golden Idol","player_choice":"Lose Max HP","floor":5.0,"gold_loss":0.0,"damage_taken":0.0,"relics_obtained":["Golden Idol"]},{"damage_healed":0.0,"max_hp_gain":0.0,"max_hp_loss":0.0,"gold_gain":0.0,"event_name":"Dead Adventurer","player_choice":"Searched \u00271\u0027 times","floor":12.0,"gold_loss":0.0,"damage_taken":0.0,"relics_obtained":["Shuriken"]}],"is_beta":false,"boss_relics":[],"items_purged_floors":[10],"is_endless":false,"potions_floor_spawned":[1,6,14],"killed_by":"Hexaghost","ascension_level":17}}