{"host":"31srvgftwd43oumg","time":1613202183,"event":{"mods":["BaseMod","BetterRewards","Card Forge","Downfall","Hubris","Infinite Spire","Koishi","Luminous","Marisa????????","Minty Spire (QoL Compilation)","Remilia??????","Replay The Spire","Shop Mod","StSLib","The Bug Knight","The Cursed","The Death Knight","The Exalted","The Hierophant","The Mystic","The Necromancer"],"gold_per_floor":[118,193,125,125,139,170,170,197,251,276,314,279,298,328,328,419,419,442,95,124,145,167,167,167],"floor_reached":23,"language":"ENG","playtime":939,"items_purged":[],"score":434,"play_id":"a08e0b3a-7c52-42fa-99e2-156ba8b8b453","local_time":"20210213014303","is_ascension_mode":true,"campfire_choices":[{"data":"Loop","floor":7,"key":"SMITH"},{"data":"Sunder","floor":15,"key":"SMITH"}],"circlet_count":0,"master_deck":["AscendersBane","Strike_B+1","Strike_B+1","Strike_B+1","Defend_B+1","Defend_B+1","Defend_B+1","Defend_B+1","Zap+1","Dualcast+1","Doom and Gloom+1","Loop+1","Beam Cell+1","Sunder+1","Ball Lightning+1","Creative AI+1","FIFO Queue+1"],"relics":["Cracked Core","Hammer of Thor","Seething Fire","Anvil of the Gods","Replay:Baseball","Meat on the Bone","Pondfish Scales","Replay:Bandana","Juzu Bracelet","Replay:Ancient Bell","Oddly Smooth Stone","Replay:Bottled Snecko","Replay:Arrowhead","infinitespire:Satchel","TheAbacus"],"acts_visited":["Exordium","TheCity"],"potions_floor_usage":[16,16,20],"damage_taken":[{"damage":7,"enemies":"Jaw Worm","floor":1,"turns":3},{"damage":0,"enemies":"Small Slimes","floor":5,"turns":3},{"damage":0,"enemies":"HollowMod:MossKnight","floor":6,"turns":4},{"damage":11,"enemies":"Replay:BlueRogue","floor":8,"turns":4},{"damage":0,"enemies":"Cultist","floor":10,"turns":2},{"damage":0,"enemies":"Lagavulin","floor":11,"turns":5},{"damage":4,"enemies":"Exordium Thugs","floor":13,"turns":2},{"damage":0,"enemies":"Lots of Slimes","floor":14,"turns":1},{"damage":16,"enemies":"Fading Forest","floor":16,"turns":11},{"damage":12,"enemies":"Chosen","floor":18,"turns":3},{"damage":6,"enemies":"2 Thieves","floor":20,"turns":3},{"damage":12,"enemies":"Cultist and Chosen","floor":21,"turns":4},{"damage":28,"enemies":"Chosen and Byrds","floor":22,"turns":6},{"damage":0,"enemies":"Slavers","floor":23,"turns":1}],"seed_played":"5636148572891587684","potions_obtained":[{"floor":1,"key":"ColorlessPotion"},{"floor":8,"key":"Explosive Potion"},{"floor":22,"key":"FearPotion"}],"is_trial":false,"path_per_floor":["M","?","$","?","M","E","R","E","T","M","E","?","M","M","R","B",null,"M","$","M","M","M","E"],"character_chosen":"DEFECT","items_purchased":["Loop","infinitespire:Satchel","TheAbacus","Adrenaline Potion"],"campfire_rested":0,"item_purchase_floors":[3,19,19,19],"current_hp_per_floor":[61,50,50,50,50,50,50,39,39,39,39,57,53,53,53,45,68,56,56,50,38,22,22,22],"gold":167,"neow_bonus":"RANDOM_COMMON_RELIC","is_daily":false,"chose_seed":false,"campfire_upgraded":2,"win_rate":0.0,"timestamp":1613202183,"path_taken":["M","?","$","?","M","E","R","E","T","M","E","?","M","M","R","BOSS","M","$","M","M","M","E"],"items_purchased_type":["Card","Relic","Relic","Potion"],"build_version":"2020-12-22","purchased_purges":0,"victory":false,"max_hp_per_floor":[75,75,75,75,75,75,75,75,75,75,75,75,75,75,75,75,75,75,75,75,75,75,75,75],"card_choices":[{"not_picked":["ReplayTheSpireMod:GoodbyeWorld","Steam"],"picked":"Doom and Gloom","floor":1},{"not_picked":["Gash","Barrage","Steam Power"],"picked":"SKIP","floor":5},{"not_picked":["Compile Driver","Rainbow","Barrage"],"picked":"SKIP","floor":6},{"not_picked":["Go for the Eyes","Compile Driver"],"picked":"Beam Cell","floor":8},{"not_picked":["BasicCrystalCard","Cold Snap"],"picked":"Sunder","floor":10},{"not_picked":["Conserve Battery","Sweeping Beam","Beam Cell"],"picked":"SKIP","floor":11},{"not_picked":["Steam","Rebound"],"picked":"Ball Lightning","floor":13},{"not_picked":["Turbo","Heatsinks","Sweeping Beam"],"picked":"SKIP","floor":14},{"not_picked":["hubris:Prefetch","Rainbow"],"picked":"Creative AI","floor":16},{"not_picked":["Pain","Regret"],"picked":"Normality","floor":17},{"not_picked":["ReplayTheSpireMod:Doomed","Shame"],"picked":"Decay","floor":17},{"not_picked":["Replay:Hysterical Blindness","hubris:Envy"],"picked":"ReplayTheSpireMod:Splinters","floor":17},{"not_picked":["Leap","Barrage+1"],"picked":"FIFO Queue","floor":18},{"not_picked":["Panic Button+1","ReplayGash","Cold Snap+1"],"picked":"SKIP","floor":20},{"not_picked":["Compile Driver","BasicCrystalCard","Cold Snap"],"picked":"SKIP","floor":21},{"not_picked":["BasicCrystalCard","Heatsinks","Darkness"],"picked":"SKIP","floor":22}],"player_experience":1023859,"relics_obtained":[{"floor":6,"key":"Meat on the Bone"},{"floor":8,"key":"Pondfish Scales"},{"floor":9,"key":"Replay:Bandana"},{"floor":11,"key":"Juzu Bracelet"}],"event_choices":[{"damage_healed":0,"gold_gain":75,"player_choice":"Gather Gold","damage_taken":11,"max_hp_gain":0,"max_hp_loss":0,"event_name":"World of Goop","floor":2,"gold_loss":0},{"cards_removed":["Strike_B"],"damage_healed":0,"gold_gain":0,"player_choice":"Purged","damage_taken":0,"max_hp_gain":0,"max_hp_loss":0,"event_name":"Purifier","floor":4,"gold_loss":0},{"damage_healed":18,"gold_gain":0,"player_choice":"Healed","damage_taken":0,"max_hp_gain":0,"max_hp_loss":0,"event_name":"The Cleric","floor":12,"gold_loss":35}],"is_beta":false,"boss_relics":[{"not_picked":["SacredBark","Black Star"],"picked":"Replay:Ancient Bell"},{"not_picked":["HollowMod:PaleOreRelic","Potion Belt"],"picked":"Oddly Smooth Stone"},{"not_picked":["Replay:Bottled Flurry","Gremlin Horn"],"picked":"Replay:Bottled Snecko"},{"not_picked":["Bromod:ArcanePistoleer","Girya"],"picked":"Replay:Arrowhead"}],"items_purged_floors":[],"is_endless":false,"potions_floor_spawned":[1,8,11,14,22],"killed_by":"Slavers","ascension_level":13}}