{"host":"iphsb0ccnjx0pfn6","time":1613197992,"event":{"mods":["2.2 Compatiblity","AchievementEnabler","BaseMod","Colored Map","DeckTracker","Keyboard Shortcuts","Minty Spire (QoL Compilation)","Permanent Neow","Quick Restart","Relic Stats","StSLib","SuperFastMode","Uncapped","everything is the same but u backflip on backflip"],"gold_per_floor":[111,36,118,130,130,130,130,130,130,130,142,156,168,199,199,276,276,286,286,303,153,153,185,185,202,202,227,227,243,259,270,270,344,344,362,262,262,287,113,113,133,133,133,164,64,64,79,94,94,94,94,94],"floor_reached":51,"language":"KOR","playtime":1649,"items_purged":["Strike_G","Defend_G","Defend_G"],"score":1480,"play_id":"9706cac4-529b-4934-89de-11504cf80cb0","local_time":"20210213153312","is_ascension_mode":true,"campfire_choices":[{"data":"Caltrops","floor":6.0,"key":"SMITH"},{"data":"Neutralize","floor":8.0,"key":"SMITH"},{"data":"Quick Slash","floor":10.0,"key":"SMITH"},{"data":"Corpse Explosion","floor":15.0,"key":"SMITH"},{"floor":24.0,"key":"REST"},{"data":"Strike_G","floor":28.0,"key":"PURGE"},{"floor":32.0,"key":"REST"},{"data":"A Thousand Cuts","floor":40.0,"key":"SMITH"},{"data":"Defend_G","floor":42.0,"key":"PURGE"},{"data":"Footwork","floor":46.0,"key":"SMITH"},{"data":"Well Laid Plans","floor":49.0,"key":"SMITH"}],"circlet_count":0,"master_deck":["AscendersBane","Defend_G","Defend_G","Survivor","Neutralize+1","Caltrops+1","Backflip","Well Laid Plans+1","Dagger Throw","Corpse Explosion+1","Footwork+1","Reflex","A Thousand Cuts+1"],"relics":["Ring of the Snake","Lantern","Paper Crane","Ginger","The Specimen","Philosopher\u0027s Stone","Peace Pipe","Blood Vial","Bag of Preparation","Sozu","Thread and Needle","The Courier","StoneCalendar"],"acts_visited":["Exordium","TheCity","TheBeyond"],"potions_floor_usage":[],"damage_taken":[{"damage":2.0,"enemies":"Jaw Worm","floor":1.0,"turns":5.0},{"damage":1.0,"enemies":"Small Slimes","floor":4.0,"turns":5.0},{"damage":0.0,"enemies":"Cultist","floor":11.0,"turns":3.0},{"damage":0.0,"enemies":"2 Fungi Beasts","floor":12.0,"turns":3.0},{"damage":0.0,"enemies":"Exordium Wildlife","floor":13.0,"turns":4.0},{"damage":14.0,"enemies":"3 Sentries","floor":14.0,"turns":10.0},{"damage":14.0,"enemies":"Hexaghost","floor":16.0,"turns":9.0},{"damage":15.0,"enemies":"Spheric Guardian","floor":18.0,"turns":5.0},{"damage":4.0,"enemies":"Shell Parasite","floor":20.0,"turns":5.0},{"damage":35.0,"enemies":"Gremlin Leader","floor":23.0,"turns":6.0},{"damage":1.0,"enemies":"Centurion and Healer","floor":25.0,"turns":5.0},{"damage":0.0,"enemies":"Book of Stabbing","floor":27.0,"turns":6.0},{"damage":7.0,"enemies":"Snecko","floor":29.0,"turns":9.0},{"damage":9.0,"enemies":"Sentry and Sphere","floor":30.0,"turns":4.0},{"damage":5.0,"enemies":"Shelled Parasite and Fungi","floor":31.0,"turns":6.0},{"damage":24.0,"enemies":"Collector","floor":33.0,"turns":11.0},{"damage":5.0,"enemies":"3 Shapes","floor":35.0,"turns":3.0},{"damage":2.0,"enemies":"Mind Bloom Boss Battle","floor":38.0,"turns":7.0},{"damage":0.0,"enemies":"3 Darklings","floor":41.0,"turns":3.0},{"damage":0.0,"enemies":"Reptomancer","floor":44.0,"turns":5.0},{"damage":0.0,"enemies":"Spire Growth","floor":47.0,"turns":6.0},{"damage":2.0,"enemies":"Jaw Worm Horde","floor":48.0,"turns":3.0},{"damage":4.0,"enemies":"Donu and Deca","floor":50.0,"turns":9.0},{"damage":64,"enemies":"Time Eater","floor":51,"turns":15}],"seed_played":"9041400963828441818","potions_obtained":[{"floor":11.0,"key":"DistilledChaos"},{"floor":13.0,"key":"GhostInAJar"},{"floor":16.0,"key":"Fire Potion"},{"floor":20.0,"key":"Regen Potion"},{"floor":25.0,"key":"Strength Potion"},{"floor":27.0,"key":"SpeedPotion"}],"is_trial":false,"path_per_floor":["M","?","T","M","?","R","?","R","T","R","M","M","M","E","R","B",null,"M","?","M","$","?","E","R","M","T","E","R","M","M","M","R","B",null,"M","$","?","?","$","R","M","R","T","E","$","R","M","M","R","B","B"],"character_chosen":"THE_SILENT","items_purchased":["Footwork","A Thousand Cuts"],"campfire_rested":2,"item_purchase_floors":[21,39],"current_hp_per_floor":[57,57,57,56,61,61,61,61,61,61,61,61,61,47,47,33,62,47,47,43,43,23,3,25,24,24,26,26,21,14,11,33,11,60,57,57,57,57,57,57,59,59,59,61,61,61,63,63,63,61,0,0],"gold":94,"neow_bonus":"RANDOM_COMMON_RELIC","is_daily":false,"chose_seed":false,"campfire_upgraded":7,"win_rate":0.0,"timestamp":1613197992,"path_taken":["M","?","?","M","?","R","?","R","T","R","?","M","M","E","R","BOSS","M","?","M","$","?","E","R","?","T","E","R","M","M","?","R","BOSS","M","$","?","?","$","R","M","R","T","E","$","R","M","M","R","BOSS","BOSS"],"items_purchased_type":["Card","Card"],"build_version":"2020-12-22","purchased_purges":3,"victory":false,"max_hp_per_floor":[66,66,66,66,71,71,71,71,71,71,71,71,71,71,71,71,71,71,71,71,71,76,76,76,76,76,76,76,76,76,76,76,76,76,76,76,76,76,76,76,76,76,76,76,76,76,76,76,76,76,76,76],"relic_stats":{"Peace Pipe":2,"Blood Vial":26,"Sozu":2,"counters":[24,147],"StoneCalendar":[149],"Bag of Preparation":[24],"Ginger":[18],"obtain_stats":[{"Lantern":0,"The Specimen":14,"Thread and Needle":38,"StoneCalendar":44,"The Courier":43,"Bag of Preparation":27,"Ginger":9,"Paper Crane":3,"Peace Pipe":23,"Blood Vial":26,"Sozu":34,"Philosopher\u0027s Stone":17,"Ring of the Snake":0},{"Lantern":0,"The Specimen":6,"Thread and Needle":18,"StoneCalendar":20,"The Courier":19,"Bag of Preparation":12,"Ginger":2,"Paper Crane":1,"Peace Pipe":10,"Blood Vial":11,"Sozu":16,"Philosopher\u0027s Stone":7,"Ring of the Snake":0},{"Lantern":0,"The Specimen":30,"Thread and Needle":106,"StoneCalendar":114,"The Courier":109,"Bag of Preparation":66,"Ginger":10,"Paper Crane":5,"Peace Pipe":55,"Blood Vial":60,"Sozu":96,"Philosopher\u0027s Stone":39,"Ring of the Snake":0}],"Ring of the Snake":[48]},"card_choices":[{"not_picked":["Cloak And Dagger","Expertise"],"picked":"Quick Slash","floor":1.0},{"not_picked":["Blur","Accuracy"],"picked":"Caltrops","floor":4.0},{"not_picked":["Calculated Gamble","Sucker Punch"],"picked":"Backflip","floor":11.0},{"not_picked":["Concentrate","Quick Slash"],"picked":"Well Laid Plans","floor":12.0},{"not_picked":["Distraction","Infinite Blades"],"picked":"Dagger Throw","floor":13.0},{"not_picked":["Quick Slash","Dagger Throw"],"picked":"Corpse Explosion","floor":14.0},{"not_picked":["Deadly Poison+1","Blur","Backstab"],"picked":"SKIP","floor":18.0},{"not_picked":["Dagger Spray","Outmaneuver","Dodge and Roll+1"],"picked":"SKIP","floor":20.0},{"not_picked":["Unload","Terror"],"picked":"Reflex","floor":23.0},{"not_picked":["Dagger Spray","Flying Knee","Deadly Poison"],"picked":"SKIP","floor":25.0},{"not_picked":["Glass Knife","Tools of the Trade","Dodge and Roll"],"picked":"SKIP","floor":27.0},{"not_picked":["Footwork","Blade Dance","Deadly Poison"],"picked":"SKIP","floor":29.0},{"not_picked":["Flying Knee","Dash","Distraction"],"picked":"SKIP","floor":30.0},{"not_picked":["Bane","Flechettes","Riddle With Holes"],"picked":"SKIP","floor":31.0},{"not_picked":["Outmaneuver","Finisher","Sucker Punch"],"picked":"SKIP","floor":35.0},{"not_picked":["Outmaneuver","Sucker Punch","Finisher"],"picked":"SKIP","floor":41.0},{"not_picked":["Outmaneuver","Caltrops","Endless Agony"],"picked":"SKIP","floor":44.0},{"not_picked":["Blade Dance","Slice+1","Dash"],"picked":"SKIP","floor":47.0},{"not_picked":["Setup","Skewer","Riddle With Holes"],"picked":"SKIP","floor":48.0}],"player_experience":1309849,"relics_obtained":[{"floor":3.0,"key":"Paper Crane"},{"floor":9.0,"key":"Ginger"},{"floor":14.0,"key":"The Specimen"},{"floor":23.0,"key":"Peace Pipe"},{"floor":26.0,"key":"Blood Vial"},{"floor":27.0,"key":"Bag of Preparation"},{"floor":38.0,"key":"Thread and Needle"},{"floor":43.0,"key":"The Courier"},{"floor":44.0,"key":"StoneCalendar"}],"event_choices":[{"cards_removed":["Strike_G"],"damage_healed":0.0,"max_hp_gain":0.0,"max_hp_loss":0.0,"gold_gain":0.0,"event_name":"The Cleric","player_choice":"Card Removal","floor":2.0,"gold_loss":75.0,"damage_taken":0.0},{"damage_healed":0.0,"max_hp_gain":5.0,"max_hp_loss":0.0,"gold_gain":0.0,"event_name":"Big Fish","player_choice":"Donut","floor":5.0,"gold_loss":0.0,"damage_taken":0.0},{"cards_removed":["Strike_G"],"damage_healed":0.0,"max_hp_gain":0.0,"max_hp_loss":0.0,"gold_gain":0.0,"event_name":"Bonfire Elementals","player_choice":"Offered Basic","floor":7.0,"gold_loss":0.0,"damage_taken":0.0},{"cards_removed":["Strike_G"],"damage_healed":0.0,"max_hp_gain":0.0,"max_hp_loss":0.0,"gold_gain":0.0,"event_name":"Back to Basics","player_choice":"Elegance","floor":19.0,"gold_loss":0.0,"damage_taken":0.0},{"damage_healed":0.0,"max_hp_gain":5.0,"max_hp_loss":0.0,"gold_gain":0.0,"event_name":"Forgotten Altar","player_choice":"Shed Blood","floor":22.0,"gold_loss":0.0,"damage_taken":25.0},{"cards_removed":["Quick Slash"],"damage_healed":0.0,"max_hp_gain":0.0,"max_hp_loss":0.0,"gold_gain":0.0,"event_name":"Falling","player_choice":"Removed Attack","floor":37.0,"gold_loss":0.0,"damage_taken":0.0},{"damage_healed":0.0,"max_hp_gain":0.0,"max_hp_loss":0.0,"gold_gain":0.0,"event_name":"MindBloom","player_choice":"Fight","floor":38.0,"gold_loss":0.0,"damage_taken":0.0}],"is_beta":false,"boss_relics":[{"not_picked":["Runic Dome","Black Star"],"picked":"Philosopher\u0027s Stone"},{"not_picked":["Pandora\u0027s Box","Velvet Choker"],"picked":"Sozu"}],"items_purged_floors":[21,36,45],"is_endless":false,"potions_floor_spawned":[11,13,16,18,20,25,27,44,48],"killed_by":"Time Eater","ascension_level":20}}