{"host":"313mh4uoe5sucao3","time":1613217832,"event":{"mods":["BaseMod","Dota2Spire","Downfall","Good Game Mod","Hero for Fun","LagranYue(拉格朗・月)","Minty Spire (QoL Compilation)","Quick Restart","Reimu（博丽灵梦）","Remilia（蕾米莉亚）","Ryuuou龙王","Shop Mod","Spicy Shops","StSLib","Td1madao Mod","The Bladedancer","The Invoker Mod","UnlockEverythingMod","WarShipGirlsR/战舰少女R mod","[IsaacMod]以撒尖塔","noobMod"],"gold_per_floor":[116,127,92,111,125,151,151,151,151],"floor_reached":8,"language":"ZHS","playtime":905,"items_purged":[],"score":58,"play_id":"fff46036-bee2-463d-b105-9f06fd9a4216","local_time":"20210213200352","is_ascension_mode":false,"campfire_choices":[{"data":"EpicFetus","floor":7,"key":"SMITH"}],"circlet_count":0,"master_deck":["LagranYue:BaseAttackCard","LagranYue:BaseAttackCard","LagranYue:BaseAttackCard","LagranYue:BaseDefendCard","LagranYue:BaseDefendCard","LagranYue:BaseDefendCard","LagranYue:AttackTopazCard","LagranYue:SkillBrokenSwordCard","LagranYue:BaseAttackCard","LagranYue:BaseDefendCard+1","EpicFetus+1","ScarletCoffin","LagranYue:SkillFalseAerialAceCard","LagranYue:AttackBetterCard+1","LagranYue:SkillChiharaHoundCard+1","LagranYue:PurpleNightmareCard","LagranYue:AttackFireCard+1"],"relics":["LagranYue:ArmsProficiencyRelics","REME:ComplimentaryCards","HushsDoor","ice","LagranYue:RandomDrawCardRelic","Damocles","Juzu Bracelet","Molten Egg 2","Smiling Mask","Boot","Dota2Spire:LinkenSphere","Eternal Feather"],"acts_visited":["Exordium"],"potions_floor_usage":[8],"damage_taken":[{"damage":15.0,"enemies":"Jaw Worm","floor":1.0,"turns":5.0},{"damage":0.0,"enemies":"Cultist","floor":2.0,"turns":4.0},{"damage":5.0,"enemies":"2 Louse","floor":4.0,"turns":2.0},{"damage":4.0,"enemies":"Blue Slaver","floor":5.0,"turns":5.0},{"damage":8,"enemies":"Lagavulin","floor":6,"turns":6},{"damage":1,"enemies":"3 Sentries","floor":8,"turns":2}],"seed_played":"4034207143315332926","potions_obtained":[{"floor":2.0,"key":"ZuzhouPotion:ReiMu"},{"floor":4.0,"key":"champ:CounterPotion"},{"floor":4.0,"key":"LiquidBronze"},{"floor":6,"key":"SkillPotion"}],"is_trial":false,"path_per_floor":["M","M","?","M","M","E","R","E"],"character_chosen":"LagranYueCharacter","items_purchased":[],"campfire_rested":0,"item_purchase_floors":[],"current_hp_per_floor":[67,67,82,77,73,65,74,0,0],"gold":151,"neow_bonus":"TEN_PERCENT_HP_BONUS","is_daily":false,"chose_seed":false,"campfire_upgraded":1,"win_rate":0.0,"timestamp":1613217832,"path_taken":["M","M","?","M","M","E","R","E"],"items_purchased_type":[],"build_version":"2020-12-22","purchased_purges":0,"victory":false,"max_hp_per_floor":[82,82,82,82,82,82,82,82,82],"card_choices":[{"not_picked":[],"picked":"EpicFetus","floor":0.0},{"not_picked":["LagranYue:AttackPurpleCard","LagranYue:AttackWaltzCard"],"picked":"LagranYue:SkillFalseAerialAceCard","floor":1.0},{"not_picked":["LagranYue:SkillIncompleteArchCard+1","LagranYue:LifeForgingCard"],"picked":"LagranYue:AttackBetterCard+1","floor":2.0},{"not_picked":["LagranYue:PowerKingTreasureCard","LagranYue:SkillTestamentCard"],"picked":"LagranYue:SkillChiharaHoundCard+1","floor":4.0},{"not_picked":["LagranYue:SkillWoodSpearCard+1","LagranYue:BraveTemperamentCard"],"picked":"LagranYue:PurpleNightmareCard","floor":5},{"not_picked":["LagranYue:AttackDegenerateCard+1","LagranYue:PowerKingTreasureCard"],"picked":"LagranYue:AttackFireCard+1","floor":6}],"player_experience":58795,"relics_obtained":[{"floor":1.0,"key":"Juzu Bracelet"},{"floor":2.0,"key":"Molten Egg 2"},{"floor":4.0,"key":"Smiling Mask"},{"floor":5,"key":"Boot"},{"floor":6,"key":"Dota2Spire:LinkenSphere"},{"floor":6,"key":"Eternal Feather"}],"event_choices":[{"damage_healed":20.0,"max_hp_gain":0.0,"max_hp_loss":0.0,"gold_gain":0.0,"event_name":"The Cleric","player_choice":"Healed","floor":3.0,"gold_loss":35.0,"damage_taken":0.0}],"is_beta":false,"boss_relics":[],"items_purged_floors":[],"is_endless":false,"potions_floor_spawned":[2,4,6],"killed_by":"3 Sentries","ascension_level":0}}