{"host":"bgyhjzqafgkxdxsh","time":1613185264,"event":{"mods":["BaseMod","Colored Map","Minty Spire (QoL Compilation)","Relic Stats","StSLib","everything is the same but u backflip on backflip"],"gold_per_floor":[216,216,42,56,156,156,188,188,188,198,225,238,272,283,283,283,283],"floor_reached":16,"language":"ENG","playtime":618,"items_purged":["Pain"],"score":204,"play_id":"9dc31188-5de9-4ba5-a627-06be4ed59d97","local_time":"20210213130104","is_ascension_mode":true,"campfire_choices":[{"data":"Cloak And Dagger","floor":6,"key":"SMITH"},{"data":"Dagger Spray","floor":8,"key":"SMITH"},{"data":"Tools of the Trade","floor":15,"key":"SMITH"}],"circlet_count":0,"master_deck":["AscendersBane","Strike_G","Strike_G","Strike_G","Strike_G","Strike_G","Defend_G","Defend_G","Defend_G","Defend_G","Defend_G","Survivor","Neutralize","Blade Dance","Cloak And Dagger+1","Dagger Spray+1","Prepared","Caltrops","Distraction","Adrenaline","Quick Slash","Tools of the Trade+1","Leg Sweep"],"relics":["Ring of the Snake","WarpedTongs","Bottled Flame","Blood Vial","Bronze Scales","Regal Pillow"],"acts_visited":["Exordium"],"potions_floor_usage":[13,16,16],"damage_taken":[{"damage":1,"enemies":"Small Slimes","floor":1,"turns":5},{"damage":0,"enemies":"Cultist","floor":4,"turns":3},{"damage":10,"enemies":"3 Sentries","floor":7,"turns":7},{"damage":1,"enemies":"Jaw Worm","floor":10,"turns":3},{"damage":16,"enemies":"Lagavulin","floor":11,"turns":8},{"damage":0,"enemies":"Red Slaver","floor":12,"turns":4},{"damage":4,"enemies":"3 Sentries","floor":13,"turns":4},{"damage":6,"enemies":"3 Louse","floor":14,"turns":2},{"damage":41,"enemies":"Slime Boss","floor":16,"turns":8}],"seed_played":"-6208519347229751871","potions_obtained":[{"floor":4,"key":"BlessingOfTheForge"},{"floor":7,"key":"Explosive Potion"},{"floor":13,"key":"SkillPotion"}],"is_trial":false,"path_per_floor":["M","?","$","M","?","R","E","R","T","M","E","M","E","M","R","B"],"character_chosen":"THE_SILENT","items_purchased":["Cloak And Dagger","Dagger Spray"],"campfire_rested":0,"item_purchase_floors":[3,3],"current_hp_per_floor":[58,58,58,58,58,58,48,48,48,49,35,37,35,31,31,0,0],"gold":283,"neow_bonus":"HUNDRED_GOLD","is_daily":false,"chose_seed":false,"campfire_upgraded":3,"win_rate":0.0,"timestamp":1613185264,"path_taken":["M","?","$","?","?","R","E","R","T","?","E","M","E","M","R","BOSS"],"items_purchased_type":["Card","Card"],"build_version":"2020-12-22","purchased_purges":1,"victory":false,"max_hp_per_floor":[66,66,66,66,66,66,66,66,66,66,66,66,66,66,66,66,66],"relic_stats":{"Blood Vial":12,"Regal Pillow":0,"counters":[9,44],"Bronze Scales":[34],"obtain_stats":[{"Blood Vial":9,"Bottled Flame":7,"Regal Pillow":13,"Bronze Scales":11,"Ring of the Snake":0,"WarpedTongs":2},{"Blood Vial":3,"Bottled Flame":3,"Regal Pillow":7,"Bronze Scales":5,"Ring of the Snake":0,"WarpedTongs":1},{"Blood Vial":15,"Bottled Flame":15,"Regal Pillow":34,"Bronze Scales":26,"Ring of the Snake":0,"WarpedTongs":5}],"Ring of the Snake":[18],"WarpedTongs":[39]},"card_choices":[{"not_picked":["Reflex","Prepared"],"picked":"Blade Dance","floor":1},{"not_picked":["All Out Attack","Deadly Poison"],"picked":"Prepared","floor":4},{"not_picked":["Outmaneuver","Slice"],"picked":"Caltrops","floor":7},{"not_picked":["Caltrops","Deadly Poison"],"picked":"Distraction","floor":10},{"not_picked":["Well Laid Plans","Underhanded Strike"],"picked":"Adrenaline","floor":11},{"not_picked":["Dagger Throw","Underhanded Strike"],"picked":"Quick Slash","floor":12},{"not_picked":["Catalyst","Expertise"],"picked":"Tools of the Trade","floor":13},{"not_picked":["Deadly Poison","Blade Dance"],"picked":"Leg Sweep","floor":14}],"player_experience":514413,"relics_obtained":[{"floor":7,"key":"Bottled Flame"},{"floor":9,"key":"Blood Vial"},{"floor":11,"key":"Bronze Scales"},{"floor":13,"key":"Regal Pillow"}],"event_choices":[{"damage_healed":0,"gold_gain":0,"player_choice":"Rummage","damage_taken":0,"relics_obtained":["WarpedTongs"],"max_hp_gain":0,"max_hp_loss":0,"event_name":"Accursed Blacksmith","floor":2,"gold_loss":0,"cards_obtained":["Pain"]},{"damage_healed":0,"gold_gain":100,"player_choice":"Pray","damage_taken":0,"max_hp_gain":0,"max_hp_loss":0,"event_name":"Golden Shrine","floor":5,"gold_loss":0}],"is_beta":false,"boss_relics":[],"items_purged_floors":[3],"is_endless":false,"potions_floor_spawned":[4,7,13,14],"killed_by":"Slime Boss","ascension_level":14}}