{"host":"gobyjzz6xbwq9f9i","time":1613193024,"event":{"mods":["AchievementEnabler","BaseMod","Bestiary","Colored Map","Minty Spire (QoL Compilation)","Relic Stats"],"gold_per_floor":[20,20,39,53,53,53,86,86,138,138,150,178,195,209,209,305,305,315,325,325,341,341,373,373,373,373,373,404,404,404,424,424,424,424],"floor_reached":33,"language":"ENG","playtime":2112,"items_purged":[],"score":505,"play_id":"9121490d-2581-4b95-ba29-401c012e9444","local_time":"20210212211024","is_ascension_mode":true,"campfire_choices":[{"data":"Wild Strike","floor":6,"key":"SMITH"},{"data":"Bash","floor":10,"key":"SMITH"},{"data":"Fiend Fire","floor":15,"key":"SMITH"},{"data":"Feed","floor":24,"key":"SMITH"},{"data":"Thunderclap","floor":27,"key":"SMITH"},{"floor":30,"key":"REST"},{"data":"Feel No Pain","floor":32,"key":"SMITH"}],"circlet_count":0,"master_deck":["AscendersBane","Strike_R+1","Defend_R+1","Defend_R+1","Defend_R+1","Bash+1","Wild Strike+1","Feel No Pain+1","Shrug It Off","Headbutt","Seeing Red","Flex","Fiend Fire+1","Shrug It Off","Thunderclap+1","Feed+1","Flame Barrier+1","Rage+1","Twin Strike+1","True Grit+1","Dual Wield+1","Writhe","Fire Breathing"],"relics":["Burning Blood","Champion Belt","Regal Pillow","Pocketwatch","Orichalcum","Boot","Astrolabe","MutagenicStrength","Centennial Puzzle","Art of War","Du-Vu Doll","Bag of Preparation"],"acts_visited":["Exordium","TheCity"],"potions_floor_usage":[12,28],"damage_taken":[{"damage":14,"enemies":"Small Slimes","floor":1,"turns":5},{"damage":0,"enemies":"2 Louse","floor":3,"turns":4},{"damage":0,"enemies":"Cultist","floor":4,"turns":3},{"damage":32,"enemies":"Lagavulin","floor":7,"turns":8},{"damage":0,"enemies":"3 Louse","floor":11,"turns":3},{"damage":0,"enemies":"3 Sentries","floor":12,"turns":6},{"damage":0,"enemies":"Large Slime","floor":13,"turns":4},{"damage":3,"enemies":"Exordium Wildlife","floor":14,"turns":2},{"damage":16,"enemies":"Hexaghost","floor":16,"turns":8},{"damage":4,"enemies":"Chosen","floor":18,"turns":5},{"damage":5,"enemies":"Shell Parasite","floor":19,"turns":5},{"damage":19,"enemies":"Centurion and Healer","floor":21,"turns":5},{"damage":1,"enemies":"Book of Stabbing","floor":23,"turns":4},{"damage":33,"enemies":"Gremlin Leader","floor":28,"turns":5},{"damage":0,"enemies":"Snake Plant","floor":31,"turns":3},{"damage":104,"enemies":"Champ","floor":33,"turns":16}],"seed_played":"-6322537283865146379","potions_obtained":[{"floor":1,"key":"Dexterity Potion"},{"floor":3,"key":"EssenceOfSteel"},{"floor":12,"key":"Fire Potion"},{"floor":13,"key":"Swift Potion"},{"floor":16,"key":"EntropicBrew"},{"floor":31,"key":"BlessingOfTheForge"}],"is_trial":false,"path_per_floor":["M","?","M","M","?","R","E","?","T","R","M","E","M","M","R","B",null,"M","M","?","M","?","E","R","?","T","R","E","?","R","M","R","B"],"character_chosen":"IRONCLAD","items_purchased":[],"campfire_rested":1,"item_purchase_floors":[],"current_hp_per_floor":[64,64,70,76,58,58,32,32,32,32,38,44,50,53,53,43,71,76,77,77,67,67,75,75,75,75,75,52,52,93,97,97,0,0],"gold":424,"neow_bonus":"ONE_RARE_RELIC","is_daily":false,"chose_seed":false,"campfire_upgraded":6,"win_rate":0.0,"timestamp":1613193024,"path_taken":["M","?","M","M","?","R","E","?","T","R","M","E","M","M","R","BOSS","M","M","?","M","?","E","R","?","T","R","E","?","R","M","R","BOSS"],"items_purchased_type":[],"build_version":"2020-12-22","purchased_purges":0,"victory":false,"max_hp_per_floor":[80,80,80,80,80,80,80,80,80,80,80,80,80,80,80,80,80,83,83,83,86,86,89,89,89,89,89,93,93,93,97,97,97,97],"relic_stats":{"Regal Pillow":14,"Centennial Puzzle":[6],"counters":[16,86],"Astrolabe":["Flame Barrier","Rage","Twin Strike"],"Art of War":[7],"Bag of Preparation":[4],"Champion Belt":[38],"Orichalcum":[126],"Boot":[7],"obtain_stats":[{"Du-Vu Doll":28,"Regal Pillow":5,"Centennial Puzzle":23,"Astrolabe":17,"MutagenicStrength":20,"Art of War":26,"Bag of Preparation":29,"Champion Belt":0,"Orichalcum":9,"Boot":12,"Burning Blood":0,"Pocketwatch":7},{"Du-Vu Doll":14,"Regal Pillow":3,"Centennial Puzzle":13,"Astrolabe":9,"MutagenicStrength":11,"Art of War":13,"Bag of Preparation":14,"Champion Belt":0,"Orichalcum":4,"Boot":6,"Burning Blood":0,"Pocketwatch":4},{"Du-Vu Doll":67,"Regal Pillow":12,"Centennial Puzzle":62,"Astrolabe":43,"MutagenicStrength":53,"Art of War":62,"Bag of Preparation":67,"Champion Belt":0,"Orichalcum":20,"Boot":29,"Burning Blood":0,"Pocketwatch":20}],"Burning Blood":84,"Pocketwatch":[136]},"card_choices":[{"not_picked":["Evolve","True Grit"],"picked":"Wild Strike","floor":1},{"not_picked":["Anger","Iron Wave"],"picked":"Shrug It Off","floor":3},{"not_picked":["Armaments","Thunderclap"],"picked":"Headbutt","floor":4},{"not_picked":["Heavy Blade","Twin Strike"],"picked":"Seeing Red","floor":7},{"not_picked":["Combust","Heavy Blade","Thunderclap"],"picked":"SKIP","floor":11},{"not_picked":["Bloodletting","Armaments"],"picked":"Fiend Fire","floor":12},{"not_picked":["Pommel Strike","Wild Strike"],"picked":"Shrug It Off","floor":13},{"not_picked":["Iron Wave","Cleave"],"picked":"Thunderclap","floor":14},{"not_picked":["Fiend Fire","Impervious"],"picked":"Feed","floor":16},{"not_picked":["Ghostly Armor","Blood for Blood","Thunderclap+1"],"picked":"SKIP","floor":18},{"not_picked":["True Grit","Heavy Blade","Twin Strike"],"picked":"SKIP","floor":19},{"not_picked":["Headbutt","Reaper"],"picked":"True Grit+1","floor":21},{"not_picked":["Iron Wave","Headbutt"],"picked":"Dual Wield+1","floor":23},{"not_picked":["Heavy Blade","Sword Boomerang","Wild Strike"],"picked":"SKIP","floor":28},{"not_picked":["Searing Blow+1","Sword Boomerang+1"],"picked":"Fire Breathing","floor":31}],"player_experience":1348734,"relics_obtained":[{"floor":7,"key":"Pocketwatch"},{"floor":9,"key":"Orichalcum"},{"floor":12,"key":"Boot"},{"floor":23,"key":"Centennial Puzzle"},{"floor":26,"key":"Art of War"},{"floor":28,"key":"Du-Vu Doll"}],"event_choices":[{"damage_healed":0,"gold_gain":0,"cards_transformed":["Strike_R"],"player_choice":"Change","damage_taken":0,"max_hp_gain":0,"max_hp_loss":0,"event_name":"Living Wall","floor":2,"gold_loss":0,"cards_obtained":["Feel No Pain"]},{"damage_healed":0,"gold_gain":0,"player_choice":"Success","damage_taken":18,"relics_obtained":["Regal Pillow"],"max_hp_gain":0,"max_hp_loss":0,"event_name":"Scrap Ooze","floor":5,"gold_loss":0},{"damage_healed":0,"gold_gain":0,"cards_transformed":["Strike_R"],"player_choice":"Transformed","damage_taken":0,"max_hp_gain":0,"max_hp_loss":0,"event_name":"Transmorgrifier","floor":8,"gold_loss":0,"cards_obtained":["Flex"]},{"damage_healed":0,"gold_gain":0,"player_choice":"Inject Mutagens","damage_taken":0,"relics_obtained":["MutagenicStrength"],"max_hp_gain":0,"max_hp_loss":0,"event_name":"Drug Dealer","floor":20,"gold_loss":0},{"damage_healed":0,"gold_gain":0,"player_choice":"Simplicity","damage_taken":0,"max_hp_gain":0,"max_hp_loss":0,"event_name":"Back to Basics","floor":22,"gold_loss":0,"cards_upgraded":["Strike_R","Defend_R","Defend_R","Defend_R"]},{"damage_healed":0,"gold_gain":0,"player_choice":"Ignored","damage_taken":0,"max_hp_gain":0,"max_hp_loss":0,"event_name":"Ghosts","floor":25,"gold_loss":0},{"damage_healed":0,"gold_gain":0,"player_choice":"Opened","damage_taken":0,"relics_obtained":["Bag of Preparation"],"max_hp_gain":0,"max_hp_loss":0,"event_name":"The Mausoleum","floor":29,"gold_loss":0,"cards_obtained":["Writhe"]}],"is_beta":false,"boss_relics":[{"not_picked":["Fusion Hammer","Black Star"],"picked":"Astrolabe"}],"items_purged_floors":[],"is_endless":false,"potions_floor_spawned":[1,3,12,13,16,18,21,31],"killed_by":"Champ","ascension_level":10}}