{"host":"upxqlvf2ge1xt4sa","time":1613251184,"event":{"mods":["2.2 Compatiblity","AchievementEnabler","Act Like it!","Bard","BaseMod","Better Third Choice","BetterRewards","Colored Powertips","Curses Come First","Downfall","Energized Spire","Friendly Minions","Hallownest","Hermit","Highlight Path","Hubris","Infinite Spire","Jorbs\u0027s Wanderer Trilogy","Koishi","Mad Scientist","Minty Spire (QoL Compilation)","Rare Cards Sparkle","Relic Filter","Reliquary","Shade Mod","StSLib","The Construct","The Cursed","The Disciple","The Hierophant","The Jungle","The Marked","The Mystic","The Necromancer","The Runesmith","The Servant 0.9.4"],"gold_per_floor":[116,191,208,227,86,86,111,125,125,125,150,150,80,104,104,235,235,259,107,107,107,85,85,104,143,166,182,218,218,233,272,272,401,401,417,364,427,451,451,451,486,486,511,554,579,704,743,763,763,763],"floor_reached":51,"language":"ENG","playtime":3930,"items_purged":[],"score":1110,"play_id":"0c473e34-85ae-4144-a7c3-b65a57f82984","local_time":"20210213131944","daily_mods":["SealedDeck"],"is_ascension_mode":true,"campfire_choices":[{"data":"Shade:SensePrey","floor":6,"key":"SMITH"},{"data":"Shade:SensePrey","floor":10,"key":"SMITH"},{"data":"Shade:CallOfTheGrave","floor":15,"key":"SMITH"},{"data":"Shade:FreshBones","floor":23,"key":"SMITH"},{"data":"Shade:AuraOfUnlife","floor":29,"key":"SMITH"},{"data":"Shade:AuraOfUnlife","floor":32,"key":"SMITH"},{"data":"Shade:LichForm","floor":40,"key":"SMITH"},{"data":"hubris:Fate","floor":42,"key":"SMITH"},{"data":"hubris:Fate","floor":49,"key":"SMITH"}],"circlet_count":0,"master_deck":["Shade:Bonestorm","Shade:FingerOfDeath","Shade:CoffinDance","Shade:SensePrey+1","Shade:Brains","Shade:CommandSoldier","Shade:Premonition","Shade:Premonition","Shade:OpenGraves","Shade:OpenGraves","Shade:CommandSoldier","Shade:Premonition","Shade:Trample","Shade:OpenGraves","Shade:SensePrey+1","Shade:MadHubris","Shade:CallOfTheGrave+1","Shade:Brains","Shade:Coordination","Shade:SensePrey+1","Shade:AuraOfUnlife+1","Shade:AblativeArmor","Shade:PotionOfRestlessness","Shade:Brains","Shade:FreshBones+1","Necronomicurse","Shade:Frenzy","Shade:PressTheAttack+1","Shade:AuraOfUnlife+1","Shade:GoDigging","Shade:LichForm+1","Shade:Premonition","Shade:SoulPierce","Shade:Frenzy","Shade:Brains","hubris:EnhanceAbility","Secret Weapon","Panache","hubris:Fate+1","Shade:SensePrey+1","Shade:RavenousHorde","hubris:Fate+1","Shade:CallWraith","Shade:LastGasp","Shade:OpenGraves+1"],"relics":["Shade:YorickSkull","FossilizedHelix","reliquary:JackalopeAntler","Centennial Puzzle","Golden Idol","hubris:ScarierMask","Orrery","Necronomicon","PreservedInsect","infinitespire:PuzzleCube","infinitespire:Bottled Soul","Matryoshka","infinitespire:Cupcake","reliquary:OuijaBoard","reliquary:PorcupineQuills","Runesmith:AutoHammer","reliquary:SilkGlove","Regal Pillow","reliquary:Boomerang","Dream Catcher","Runesmith:Locket","hubris:Spice"],"acts_visited":["Exordium","TheCity","TheBeyond"],"potions_floor_usage":[7],"damage_taken":[{"damage":0,"enemies":"2 Louse","floor":1,"turns":2},{"damage":0,"enemies":"Cultist","floor":3,"turns":3},{"damage":0,"enemies":"Small Slimes","floor":4,"turns":3},{"damage":11,"enemies":"Gremlin Nob","floor":7,"turns":5},{"damage":0,"enemies":"Blue Slaver","floor":8,"turns":3},{"damage":0,"enemies":"2 Fungi Beasts","floor":14,"turns":2},{"damage":22,"enemies":"Hexaghost","floor":16,"turns":7},{"damage":0,"enemies":"Spheric Guardian","floor":18,"turns":5},{"damage":0,"enemies":"2 Thieves","floor":24,"turns":2},{"damage":0,"enemies":"Slavers","floor":25,"turns":3},{"damage":0,"enemies":"Sentry and Sphere","floor":27,"turns":3},{"damage":10,"enemies":"Book of Stabbing","floor":28,"turns":6},{"damage":0,"enemies":"Cultist and Chosen","floor":30,"turns":4},{"damage":0,"enemies":"Gremlin Leader","floor":31,"turns":3},{"damage":0,"enemies":"hubris:MusketHawk","floor":33,"turns":7},{"damage":0,"enemies":"3 Shapes","floor":35,"turns":2},{"damage":6,"enemies":"Mind Bloom Boss Battle","floor":37,"turns":6},{"damage":0,"enemies":"Orb Walker","floor":38,"turns":4},{"damage":0,"enemies":"Nightmare","floor":41,"turns":6},{"damage":0,"enemies":"Reptomancer","floor":44,"turns":4},{"damage":0,"enemies":"infinitespire:Three Voidlings","floor":46,"turns":2},{"damage":0,"enemies":"Nightmare_Alpha","floor":46,"turns":5},{"damage":5,"enemies":"Nemesis","floor":47,"turns":5},{"damage":0,"enemies":"Spire Growth","floor":48,"turns":4},{"damage":33,"enemies":"Awakened One","floor":50,"turns":7}],"seed_played":"7976685388124094292","potions_obtained":[{"floor":1,"key":"BlessingOfTheForge"},{"floor":16,"key":"ColorlessPotion"},{"floor":18,"key":"LiquidBronze"},{"floor":25,"key":"LiquidBronze"},{"floor":44,"key":"Guardian:BlockOnCardUsePotion"}],"is_trial":true,"path_per_floor":["M","?","M","M","$","R","E","M","T","R","T","?","$","M","R","B",null,"M","$","?","?","$","R","M","E","T","M","E","R","M","E","R","B",null,"M","$","?","M","?","R","NM","R","T","E","T","?","E","M","R","B",null],"character_chosen":"SHADE","items_purchased":["Shade:OpenGraves","Shade:SensePrey","Shade:CallOfTheGrave","Orrery","Shade:Frenzy","Shade:Brains"],"campfire_rested":0,"item_purchase_floors":[5,5,13,19,22,36],"current_hp_per_floor":[65,59,59,59,59,59,48,48,48,48,48,48,48,48,48,26,60,60,60,44,44,44,44,44,44,44,44,34,34,34,34,34,34,60,60,60,54,54,44,44,44,44,44,60,60,60,63,63,63,30],"gold":763,"neow_bonus":"","is_daily":false,"chose_seed":false,"campfire_upgraded":9,"win_rate":0.0,"timestamp":1613251184,"path_taken":["M","?","M","?","$","R","E","M","T","R","?","?","?","M","R","BOSS","M","$","?","?","$","R","M","E","T","M","E","R","M","E","R","BOSS","M","$","?","M","?","R","NM","R","T","E","?","?","E","?","R","BOSS"],"items_purchased_type":["Card","Card","Card","Relic","Card","Card"],"build_version":"2020-12-22","purchased_purges":0,"victory":true,"max_hp_per_floor":[65,65,65,65,65,65,65,65,65,65,65,60,60,60,60,60,60,60,60,60,60,60,60,60,60,60,60,60,60,60,60,60,60,60,60,60,60,60,60,60,60,60,60,60,60,60,68,68,68,68],"card_choices":[{"not_picked":["Shade:FuneraryArmor","Shade:Trample"],"picked":"Shade:CommandSoldier","floor":1},{"not_picked":["Shade:FleshToFlesh","Shade:AncientSpear"],"picked":"Shade:Premonition","floor":3},{"not_picked":["Shade:WallOfFlesh","Shade:Asphyxiate"],"picked":"Shade:Trample","floor":4},{"not_picked":["Shade:FingerOfDeath","Shade:SensePrey"],"picked":"Shade:MadHubris","floor":7},{"not_picked":["Shade:PotionOfRestlessness","Shade:WallOfFlesh","Shade:GreyBargain"],"picked":"SKIP","floor":8},{"not_picked":["Shade:ExtraLimbs","Shade:FingerOfDeath"],"picked":"Shade:Brains","floor":14},{"not_picked":["Shade:MadHubris","Shade:LastGasp"],"picked":"Shade:Coordination","floor":16},{"not_picked":["Shade:AncientSpear","Shade:ExtraLimbs"],"picked":"Shade:SensePrey+1","floor":18},{"not_picked":["Shade:FleshOffering","Shade:FuneraryJewels"],"picked":"Shade:AuraOfUnlife","floor":19},{"not_picked":["Shade:CoffinDance","Shade:FingerOfDeath"],"picked":"Shade:AblativeArmor","floor":19},{"not_picked":["Shade:Frenzy","Shade:GraveStillness+1"],"picked":"Shade:PotionOfRestlessness","floor":19},{"not_picked":["Shade:StitchTogether","Shade:Bonestorm"],"picked":"Shade:Brains","floor":19},{"not_picked":["Shade:FleshLikeOak+1","Shade:ExtraLimbs"],"picked":"Shade:FreshBones","floor":19},{"not_picked":["Shade:CommandSoldier","Shade:Patience"],"picked":"Shade:PressTheAttack+1","floor":24},{"not_picked":["Shade:BoneShards","Shade:ClawBack","Shade:GraveStillness"],"picked":"SKIP","floor":25},{"not_picked":["Shade:FreshBones+1","Shade:SpontaneousRitual"],"picked":"Shade:AuraOfUnlife","floor":27},{"not_picked":["Shade:AncientSpear","Shade:GreyBargain"],"picked":"Shade:GoDigging","floor":28},{"not_picked":["Shade:AncientSpear+1","Shade:Carnophage"],"picked":"Shade:LichForm","floor":30},{"not_picked":["Shade:SelfBurial","Shade:ClawBack+1"],"picked":"Shade:Premonition","floor":31},{"not_picked":["Shade:GreaterAnimation","Shade:LoseControl"],"picked":"Shade:SoulPierce","floor":33},{"not_picked":["Shade:WallOfFlesh+1","Shade:AncientSpear+1"],"picked":"Shade:Frenzy","floor":35},{"not_picked":["Shade:SkeletonHug","Shade:SoulToxin+1","Shade:FuneraryArmor"],"picked":"SKIP","floor":38},{"not_picked":["PanicButton","Dramatic Entrance"],"picked":"hubris:EnhanceAbility","floor":39},{"not_picked":["Dramatic Entrance","Deep Breath"],"picked":"Secret Weapon","floor":39},{"not_picked":["Bandage Up","Good Instincts"],"picked":"Panache","floor":39},{"not_picked":["hubris:InfiniteBlow","infinitespire:Execution"],"picked":"hubris:Fate","floor":41},{"not_picked":["Shade:GraveStillness+1","Shade:SkeletonArmy"],"picked":"Shade:SensePrey+1","floor":41},{"not_picked":["Shade:Brains","Shade:Frenzy+1"],"picked":"Shade:RavenousHorde","floor":44},{"not_picked":["infinitespire:Oblivion","infinitespire:Starlight"],"picked":"hubris:Fate","floor":46},{"not_picked":["Shade:Brains","Shade:Excise"],"picked":"Shade:CallWraith","floor":46},{"not_picked":["Shade:TouchOfTheGrave","Shade:Bonestorm+1"],"picked":"Shade:LastGasp","floor":47},{"not_picked":["Shade:FeralStrike+1","Shade:FreshBones"],"picked":"Shade:OpenGraves+1","floor":48}],"player_experience":155230,"relics_obtained":[{"floor":7,"key":"FossilizedHelix"},{"floor":9,"key":"reliquary:JackalopeAntler"},{"floor":11,"key":"Centennial Puzzle"},{"floor":20,"key":"Necronomicon"},{"floor":25,"key":"PreservedInsect"},{"floor":26,"key":"infinitespire:PuzzleCube"},{"floor":28,"key":"infinitespire:Bottled Soul"},{"floor":31,"key":"Matryoshka"},{"floor":37,"key":"reliquary:OuijaBoard"},{"floor":41,"key":"reliquary:PorcupineQuills"},{"floor":43,"key":"Runesmith:AutoHammer"},{"floor":43,"key":"reliquary:SilkGlove"},{"floor":44,"key":"Regal Pillow"},{"floor":45,"key":"reliquary:Boomerang"},{"floor":45,"key":"Dream Catcher"},{"floor":46,"key":"Runesmith:Locket"},{"floor":47,"key":"hubris:Spice"}],"event_choices":[{"damage_healed":0,"gold_gain":75,"player_choice":"Touch","damage_taken":6,"max_hp_gain":0,"max_hp_loss":0,"event_name":"FaceTrader","floor":2,"gold_loss":0},{"damage_healed":0,"gold_gain":0,"player_choice":"Lose Max HP","damage_taken":0,"relics_obtained":["Golden Idol"],"max_hp_gain":0,"max_hp_loss":5,"event_name":"Golden Idol","floor":12,"gold_loss":0},{"damage_healed":0,"gold_gain":0,"player_choice":"Obtained Book","damage_taken":16,"max_hp_gain":0,"max_hp_loss":0,"event_name":"Cursed Tome","floor":20,"gold_loss":0},{"damage_healed":0,"gold_gain":0,"player_choice":"Fight","damage_taken":0,"max_hp_gain":0,"max_hp_loss":0,"event_name":"MindBloom","floor":37,"gold_loss":0},{"damage_healed":0,"gold_gain":0,"player_choice":"Memory 3","damage_taken":10,"max_hp_gain":0,"max_hp_loss":0,"event_name":"SensoryStone","floor":39,"gold_loss":0}],"is_beta":false,"boss_relics":[{"not_picked":["Empty Cage","bronze:MakeshiftBattery"],"picked":"hubris:ScarierMask"},{"not_picked":["Tiny House","energizedSpire:HugeHouse"],"picked":"infinitespire:Cupcake"}],"items_purged_floors":[],"is_endless":false,"potions_floor_spawned":[1,16,18,25,31,35,38,44,46,48],"ascension_level":1}}