{"host":"uafoej811sw8via1","time":1613198949,"event":{"mods":["BaseMod","Minty Spire (QoL Compilation)","Relic Stats","StSLib"],"gold_per_floor":[117,128,36,54,64,92,92,111,111,111,129,164,176,204,204,282,282,297,314,0,18,36,36,36,49,127,144,144,144,174,4,4,83,83,103,120,133,153,1,1,29,42,42,75,3,18,18,18,18,18,18],"floor_reached":52,"language":"ENG","playtime":5025,"items_purged":["Strike_B","Parasite"],"score":1971,"play_id":"4927c3f7-4e54-465b-b920-16f86112743e","local_time":"20210213014909","is_ascension_mode":true,"campfire_choices":[{"floor":7.0,"key":"REST"},{"floor":10.0,"key":"REST"},{"data":"Sunder","floor":15.0,"key":"SMITH"},{"data":"Electrodynamics","floor":23.0,"key":"SMITH"},{"data":"Multi-Cast","floor":28.0,"key":"SMITH"},{"data":"Defragment","floor":32.0,"key":"SMITH"},{"data":"Buffer","floor":40,"key":"SMITH"},{"data":"Reinforced Body","floor":47,"key":"SMITH"},{"data":"Chaos","floor":49,"key":"SMITH"}],"circlet_count":0,"master_deck":["AscendersBane","Zap","Dualcast","Go for the Eyes","Ball Lightning","Reinforced Body","Ball Lightning","Chaos+1","Sweeping Beam","Leap","Electrodynamics+1","Glacier","Sunder+1","Echo Form","Undo","Multi-Cast+1","Compile Driver","Self Repair","Reinforced Body+1","Defragment+1","Hologram","Buffer+1","Creative AI","Streamline","Chaos","Reboot","Creative AI","Go for the Eyes","BootSequence","Compile Driver+1","Reinforced Body+1","Barrage+1","Parasite","Conserve Battery+1","Coolheaded","Panache"],"relics":["Cursed Key","The Courier","Oddly Smooth Stone","Odd Mushroom","Velvet Choker","Membership Card","Toy Ornithopter","Cables","Nilry\u0027s Codex","Darkstone Periapt","Mummified Hand","Pandora\u0027s Box","Bottled Tornado","Boot","Sundial"],"acts_visited":["Exordium","TheCity","TheBeyond"],"potions_floor_usage":[38,42,42],"damage_taken":[{"damage":24.0,"enemies":"Jaw Worm","floor":1.0,"turns":4.0},{"damage":4.0,"enemies":"Small Slimes","floor":2.0,"turns":4.0},{"damage":0.0,"enemies":"2 Louse","floor":4.0,"turns":2.0},{"damage":15.0,"enemies":"Exordium Wildlife","floor":5.0,"turns":4.0},{"damage":11.0,"enemies":"Lagavulin","floor":6.0,"turns":6.0},{"damage":19.0,"enemies":"Gremlin Gang","floor":8.0,"turns":6.0},{"damage":1.0,"enemies":"Blue Slaver","floor":11.0,"turns":4.0},{"damage":0.0,"enemies":"3 Sentries","floor":12.0,"turns":4.0},{"damage":0.0,"enemies":"Large Slime","floor":13.0,"turns":4.0},{"damage":0.0,"enemies":"The Mushroom Lair","floor":14.0,"turns":3.0},{"damage":7.0,"enemies":"Hexaghost","floor":16.0,"turns":8.0},{"damage":15.0,"enemies":"Shell Parasite","floor":18.0,"turns":4.0},{"damage":3.0,"enemies":"3 Byrds","floor":19.0,"turns":3.0},{"damage":2.0,"enemies":"Centurion and Healer","floor":21.0,"turns":4.0},{"damage":8.0,"enemies":"Snake Plant","floor":22.0,"turns":4.0},{"damage":0.0,"enemies":"Chosen and Byrds","floor":25.0,"turns":5.0},{"damage":7.0,"enemies":"Shelled Parasite and Fungi","floor":27.0,"turns":9.0},{"damage":31.0,"enemies":"Slavers","floor":30.0,"turns":6.0},{"damage":10.0,"enemies":"Automaton","floor":33.0,"turns":8.0},{"damage":0.0,"enemies":"Orb Walker","floor":35.0,"turns":4.0},{"damage":0.0,"enemies":"3 Shapes","floor":36.0,"turns":5.0},{"damage":22,"enemies":"Maw","floor":37,"turns":6},{"damage":0,"enemies":"Sphere and 2 Shapes","floor":38,"turns":3},{"damage":29,"enemies":"Reptomancer","floor":41,"turns":7},{"damage":18,"enemies":"Spire Growth","floor":42,"turns":6},{"damage":0,"enemies":"Nemesis","floor":44,"turns":7},{"damage":0,"enemies":"3 Darklings","floor":46,"turns":2},{"damage":22,"enemies":"Time Eater","floor":50,"turns":19},{"damage":35,"enemies":"Awakened One","floor":51,"turns":14}],"seed_played":"-5927016414202132217","potions_obtained":[{"floor":2.0,"key":"FocusPotion"},{"floor":4.0,"key":"PowerPotion"},{"floor":6.0,"key":"Block Potion"},{"floor":8.0,"key":"SkillPotion"},{"floor":13.0,"key":"ColorlessPotion"},{"floor":22.0,"key":"AttackPotion"},{"floor":30.0,"key":"Block Potion"},{"floor":33.0,"key":"PowerPotion"},{"floor":35.0,"key":"Ancient Potion"},{"floor":46,"key":"GamblersBrew"}],"is_trial":false,"path_per_floor":["M","M","$","M","M","E","R","M","T","R","M","E","M","?","R","B",null,"M","M","$","M","M","R","?","M","T","M","R","?","E","$","R","B",null,"M","M","M","M","$","R","E","M","T","E","$","M","R","?","R","B","B",null],"character_chosen":"DEFECT","items_purchased":["Reinforced Body","Ball Lightning","Membership Card","Multi-Cast","Compile Driver","Toy Ornithopter","FearPotion","Mummified Hand","Defragment","Hologram","PowerPotion","Bottled Tornado","Weak Potion","Block Potion","Coolheaded"],"campfire_rested":2,"item_purchase_floors":[3,3,20,20,20,20,20,31,31,31,31,39,39,39,45],"current_hp_per_floor":[40,36,36,36,21,10,31,12,12,33,32,32,32,32,32,25,60,45,42,42,45,37,37,37,51,51,51,51,30,11,11,11,18,58,65,71,56,61,61,61,39,45,51,65,65,65,65,55,55,40,5],"gold":18,"neow_bonus":"BOSS_RELIC","is_daily":false,"chose_seed":false,"campfire_upgraded":7,"win_rate":0.0,"timestamp":1613198949,"path_taken":["M","M","$","M","M","E","R","M","T","R","M","E","M","?","R","BOSS","M","M","$","M","M","R","?","M","T","M","R","?","E","?","R","BOSS","M","M","M","M","$","R","E","M","T","E","$","?","R","?","R","BOSS","BOSS"],"items_purchased_type":["Card","Card","Relic","Card","Card","Relic","Potion","Relic","Card","Card","Potion","Relic","Potion","Potion","Card"],"build_version":"2020-12-22","purchased_purges":2,"victory":true,"max_hp_per_floor":[71,71,71,71,71,71,71,71,71,71,71,71,71,71,71,71,71,71,71,71,71,71,71,71,71,71,71,71,71,71,71,71,71,71,71,71,71,71,71,71,71,71,77,77,74,74,74,74,74,74,74],"relic_stats":{"Darkstone Periapt":6,"counters":[29,165],"Mummified Hand":[158],"Sundial":[2],"Pandora\u0027s Box":["Creative AI","Streamline","Chaos","Reboot","Creative AI","Go for the Eyes","BootSequence"],"Cursed Key":2,"Boot":[30],"obtain_stats":[{"Darkstone Periapt":30,"Nilry\u0027s Codex":29,"Oddly Smooth Stone":12,"Velvet Choker":17,"The Courier":6,"Odd Mushroom":14,"Bottled Tornado":39,"Cursed Key":0,"Boot":41,"Cables":26,"Mummified Hand":31,"Sundial":44,"Pandora\u0027s Box":34,"Membership Card":20,"Cracked Core":0,"Toy Ornithopter":20},{"Darkstone Periapt":18,"Nilry\u0027s Codex":17,"Oddly Smooth Stone":8,"Velvet Choker":11,"The Courier":5,"Odd Mushroom":10,"Bottled Tornado":23,"Cursed Key":0,"Boot":24,"Cables":16,"Mummified Hand":18,"Sundial":26,"Pandora\u0027s Box":19,"Membership Card":13,"Cracked Core":0,"Toy Ornithopter":13},{"Darkstone Periapt":84,"Nilry\u0027s Codex":78,"Oddly Smooth Stone":34,"Velvet Choker":49,"The Courier":20,"Odd Mushroom":41,"Bottled Tornado":110,"Cursed Key":0,"Boot":117,"Cables":69,"Mummified Hand":84,"Sundial":130,"Pandora\u0027s Box":92,"Membership Card":56,"Cracked Core":0,"Toy Ornithopter":56}],"Toy Ornithopter":35,"Cables":[80,30,31,18,1]},"card_choices":[{"not_picked":["Barrage","Hologram"],"picked":"Go for the Eyes","floor":1.0},{"not_picked":["Turbo","Static Discharge"],"picked":"Ball Lightning","floor":2.0},{"not_picked":["Barrage","Fusion"],"picked":"Chaos","floor":4.0},{"not_picked":["Rebound","Storm","Hologram"],"picked":"SKIP","floor":5.0},{"not_picked":["Hologram","Go for the Eyes"],"picked":"Sweeping Beam","floor":6.0},{"not_picked":["Sweeping Beam","Go for the Eyes"],"picked":"Leap","floor":8.0},{"not_picked":["Go for the Eyes","Conserve Battery"],"picked":"Electrodynamics","floor":11.0},{"not_picked":["Storm","Reinforced Body"],"picked":"Glacier","floor":12.0},{"not_picked":["Turbo","Skim","Conserve Battery"],"picked":"SKIP","floor":13.0},{"not_picked":["Rip and Tear","Doom and Gloom"],"picked":"Sunder","floor":14.0},{"not_picked":["Multi-Cast","Hyperbeam"],"picked":"Echo Form","floor":16.0},{"not_picked":["Turbo","Go for the Eyes"],"picked":"Undo","floor":18.0},{"not_picked":["Turbo","Steam","Go for the Eyes"],"picked":"SKIP","floor":19.0},{"not_picked":["Stack","Steam"],"picked":"Self Repair","floor":21.0},{"not_picked":["Streamline","Stack","Ball Lightning"],"picked":"SKIP","floor":22.0},{"not_picked":["Static Discharge","White Noise","Ball Lightning"],"picked":"SKIP","floor":25.0},{"not_picked":["All For One","Cold Snap"],"picked":"Reinforced Body+1","floor":27.0},{"not_picked":["Sweeping Beam","Conserve Battery","Chill"],"picked":"SKIP","floor":30.0},{"not_picked":["Reboot","All For One"],"picked":"Buffer","floor":33.0},{"not_picked":["White Noise","Steam+1","Go for the Eyes"],"picked":"SKIP","floor":35.0},{"not_picked":["Beam Cell","Conserve Battery","Turbo+1"],"picked":"SKIP","floor":36.0},{"not_picked":["Leap","Sunder"],"picked":"Compile Driver+1","floor":37},{"not_picked":["Reboot","Gash"],"picked":"Reinforced Body","floor":38},{"not_picked":["Reinforced Body","Streamline","Hello World"],"picked":"SKIP","floor":41},{"not_picked":["Hologram","Genetic Algorithm"],"picked":"Barrage+1","floor":42},{"not_picked":["Tempest+1","Rebound"],"picked":"Conserve Battery+1","floor":44},{"not_picked":["BootSequence","Steam+1","Conserve Battery"],"picked":"SKIP","floor":46},{"not_picked":["PanicButton","Mind Blast"],"picked":"Panache","floor":48}],"player_experience":1034829,"relics_obtained":[{"floor":6.0,"key":"The Courier"},{"floor":12.0,"key":"Oddly Smooth Stone"},{"floor":14.0,"key":"Odd Mushroom"},{"floor":26.0,"key":"Cables"},{"floor":29.0,"key":"Nilry\u0027s Codex"},{"floor":30.0,"key":"Darkstone Periapt"},{"floor":41,"key":"Boot"},{"floor":44,"key":"Sundial"}],"event_choices":[{"damage_healed":0.0,"max_hp_gain":0.0,"max_hp_loss":0.0,"gold_gain":0.0,"event_name":"Mushrooms","player_choice":"Fought Mushrooms","floor":14.0,"gold_loss":0.0,"damage_taken":0.0},{"damage_healed":0.0,"max_hp_gain":0.0,"max_hp_loss":0.0,"gold_gain":0.0,"event_name":"Cursed Tome","player_choice":"Obtained Book","floor":29.0,"gold_loss":0.0,"damage_taken":21.0},{"damage_healed":0,"gold_gain":0,"player_choice":"Memory 3","damage_taken":10,"max_hp_gain":0,"max_hp_loss":0,"event_name":"SensoryStone","floor":48,"gold_loss":0}],"is_beta":false,"boss_relics":[{"not_picked":["Runic Pyramid","SlaversCollar"],"picked":"Velvet Choker"},{"not_picked":["Calling Bell","Inserter"],"picked":"Pandora\u0027s Box"}],"items_purged_floors":[20,45],"is_endless":false,"potions_floor_spawned":[2,4,6,8,13,22,30,33,35,37,46],"ascension_level":20}}