{"host":"xe7czi52lok0z96l","time":1613252717,"event":{"mods":["AchievementEnabler","Aspiration","BaseMod","Colored Map","Minty Spire (QoL Compilation)","StSLib"],"gold_per_floor":[112,112,112,88,88,88,114,114,139,156,182,200,233,244,244,339,339,356,129,142,152,169,199,213,213,240,240,255,155,165,197,197,197,197],"floor_reached":33,"language":"ENG","playtime":2772,"items_purged":["Strike_R","Strike_R"],"score":357,"play_id":"1afe2dab-200f-4847-86b6-a93eefac4e55","local_time":"20210213224517","is_ascension_mode":false,"campfire_choices":[{"data":"Juggernaut","floor":6,"key":"SMITH"},{"data":"Second Wind","floor":8,"key":"SMITH"},{"data":"Armaments","floor":15,"key":"SMITH"},{"data":"Feel No Pain","floor":25,"key":"SMITH"},{"data":"Second Wind","floor":32,"key":"SMITH"}],"circlet_count":0,"master_deck":["Strike_R","Defend_R","Defend_R","Defend_R","Defend_R","Bash","Juggernaut+1","Combust","Second Wind+1","Shrug It Off","Berserk","Body Slam","Armaments+1","Impervious","Battle Trance+1","Metallicize","Second Wind+1","Power Through+1","Feel No Pain+1"],"relics":["Burning Blood","Centennial Puzzle","Pen Nib","Boot","Juzu Bracelet","Calipers","Runic Pyramid","HornCleat","MealTicket","Enchiridion","Potion Belt"],"acts_visited":["TheCity"],"potions_floor_usage":[22,30,33,33,33],"damage_taken":[{"damage":8,"enemies":"2 Louse","floor":1,"turns":3},{"damage":2,"enemies":"Gremlin Nob","floor":7,"turns":4},{"damage":0,"enemies":"Small Slimes","floor":10,"turns":3},{"damage":15,"enemies":"Lagavulin","floor":11,"turns":5},{"damage":5,"enemies":"Jaw Worm","floor":12,"turns":3},{"damage":33,"enemies":"3 Sentries","floor":13,"turns":5},{"damage":2,"enemies":"3 Louse","floor":14,"turns":2},{"damage":17,"enemies":"Slime Boss","floor":16,"turns":8},{"damage":8,"enemies":"Spheric Guardian","floor":18,"turns":4},{"damage":38,"enemies":"2 Thieves","floor":20,"turns":3},{"damage":5,"enemies":"Centurion and Healer","floor":21,"turns":3},{"damage":5,"enemies":"Snake Plant","floor":22,"turns":3},{"damage":11,"enemies":"Gremlin Leader","floor":23,"turns":7},{"damage":0,"enemies":"Snecko","floor":24,"turns":4},{"damage":3,"enemies":"Cultist and Chosen","floor":28,"turns":4},{"damage":0,"enemies":"Snake Plant","floor":30,"turns":3},{"damage":0,"enemies":"Slavers","floor":31,"turns":3},{"damage":102,"enemies":"Automaton","floor":33,"turns":10}],"seed_played":"167351615643929185","potions_obtained":[{"floor":7,"key":"Block Potion"},{"floor":14,"key":"Block Potion"},{"floor":16,"key":"Regen Potion"},{"floor":18,"key":"FairyPotion"},{"floor":28,"key":"PowerPotion"},{"floor":30,"key":"LiquidBronze"},{"floor":31,"key":"LiquidMemories"}],"is_trial":false,"path_per_floor":["M","?","?","$","?","R","E","R","T","M","E","M","E","M","R","B",null,"M","$","M","M","M","E","M","R","T","?","M","$","M","E","R","B"],"character_chosen":"IRONCLAD","items_purchased":["Shrug It Off","Metallicize","Second Wind"],"campfire_rested":0,"item_purchase_floors":[4,19,19],"current_hp_per_floor":[78,60,80,80,73,73,77,77,77,80,71,72,45,49,49,38,80,78,78,46,47,48,43,49,49,49,33,36,51,57,63,63,0,0],"gold":197,"neow_bonus":"TRANSFORM_TWO_CARDS","is_daily":false,"chose_seed":false,"campfire_upgraded":5,"win_rate":0.0,"timestamp":1613252717,"path_taken":["M","?","?","?","?","R","E","R","T","M","E","M","E","M","R","BOSS","M","$","M","M","M","E","M","R","T","?","M","$","M","E","R","BOSS"],"items_purchased_type":["Card","Card","Card"],"build_version":"2020-12-22","purchased_purges":2,"victory":false,"max_hp_per_floor":[80,80,80,80,80,80,80,80,80,80,80,80,80,80,80,80,80,80,80,80,80,80,80,80,80,80,80,80,80,80,80,80,80,80],"card_choices":[{"not_picked":["Flame Barrier","Heavy Blade"],"picked":"Second Wind","floor":1},{"not_picked":["Fire Breathing","Thunderclap","Cleave"],"picked":"SKIP","floor":7},{"not_picked":["Flex","Burning Pact"],"picked":"Berserk","floor":10},{"not_picked":["Inflame","Cleave"],"picked":"Body Slam","floor":11},{"not_picked":["Sword Boomerang","Combust"],"picked":"Armaments","floor":12},{"not_picked":["Sever Soul","Flex","Shockwave"],"picked":"SKIP","floor":13},{"not_picked":["Reckless Charge","Headbutt","Carnage"],"picked":"SKIP","floor":14},{"not_picked":["Double Tap","Bludgeon"],"picked":"Impervious","floor":16},{"not_picked":["Anger","Infernal Blade+1"],"picked":"Battle Trance+1","floor":18},{"not_picked":["Headbutt+1","Body Slam","Rampage"],"picked":"SKIP","floor":20},{"not_picked":["Clothesline+1","Perfected Strike"],"picked":"Power Through+1","floor":21},{"not_picked":["Searing Blow","Cleave","Flex"],"picked":"SKIP","floor":22},{"not_picked":["Shrug It Off","Iron Wave+1","Headbutt"],"picked":"SKIP","floor":23},{"not_picked":["Second Wind","Twin Strike"],"picked":"Feel No Pain","floor":24},{"not_picked":["Headbutt","Pummel","True Grit"],"picked":"SKIP","floor":28},{"not_picked":["Thunderclap","Battle Trance","Warcry"],"picked":"SKIP","floor":30},{"not_picked":["Perfected Strike","Feed","Combust"],"picked":"SKIP","floor":31}],"player_experience":10730,"relics_obtained":[{"floor":7,"key":"Pen Nib"},{"floor":9,"key":"Boot"},{"floor":11,"key":"Juzu Bracelet"},{"floor":13,"key":"Calipers"},{"floor":23,"key":"HornCleat"},{"floor":26,"key":"MealTicket"},{"floor":27,"key":"Enchiridion"},{"floor":31,"key":"Potion Belt"}],"event_choices":[{"damage_healed":0,"gold_gain":0,"player_choice":"Success","damage_taken":18,"relics_obtained":["Centennial Puzzle"],"max_hp_gain":0,"max_hp_loss":0,"event_name":"Scrap Ooze","floor":2,"gold_loss":0},{"damage_healed":26,"gold_gain":0,"player_choice":"Banana","damage_taken":0,"max_hp_gain":0,"max_hp_loss":0,"event_name":"Big Fish","floor":3,"gold_loss":0},{"cards_removed":["Pain"],"damage_healed":0,"gold_gain":0,"player_choice":"Card Removal","damage_taken":7,"max_hp_gain":0,"max_hp_loss":0,"event_name":"Golden Wing","floor":5,"gold_loss":0},{"damage_healed":0,"gold_gain":0,"player_choice":"Obtained Book","damage_taken":16,"max_hp_gain":0,"max_hp_loss":0,"event_name":"Cursed Tome","floor":27,"gold_loss":0}],"is_beta":false,"boss_relics":[{"not_picked":["Coffee Dripper","Runic Cube"],"picked":"Runic Pyramid"}],"items_purged_floors":[19,29],"is_endless":false,"potions_floor_spawned":[7,14,16,18,21,28,30,31],"killed_by":"Automaton","ascension_level":0}}