{"host":"gacp3itcxvh3u2x7","time":1613213962,"event":{"mods":["ATMod(阿瑾Mod)","BaseMod","Downfall","GungeonMod","Lobotomy","LobotomyExtend","Minty Spire (QoL Compilation)","Replay The Spire","SOS（斯巴达之子）","StSLib","The Cursed","【遗物卡牌】REMEMod"],"gold_per_floor":[99,112,112,124,132,61,88,103,103,103,103,39,71,88,107,107,107,107],"floor_reached":16,"language":"ZHS","playtime":951,"items_purged":[],"score":110,"play_id":"7d961f5b-067e-4225-ba87-b49d86e8fee8","local_time":"20210213185922","is_ascension_mode":false,"campfire_choices":[{"data":"Slimebound:Split","floor":1.0,"key":"SMITH"},{"floor":9.0,"key":"RECALL"},{"data":"Slimebound:Schlurp","floor":11.0,"key":"SMITH"}],"circlet_count":0,"master_deck":["Slimebound:Strike_Slimebound","Slimebound:Strike_Slimebound","Slimebound:Tackle","Slimebound:Defend_Slimebound","Slimebound:Defend_Slimebound","Slimebound:Defend_Slimebound","Slimebound:Defend_Slimebound","Slimebound:Split+1","Slimebound:CorrosiveSpit","expansioncontent:LastStand","AT_DrawKnifeCut+1","Slimebound:AcidTongue","Slimebound:HauntingLick","Slimebound:PressTheAttack","Slimebound:Schlurp+1","Slimebound:SplitMire","Slimebound:ItLooksTasty","Slimebound:Gluttony+1","Slimebound:SpikyOuterGoop","Slimebound:LeechLife","Slimebound:SamplingLick"],"relics":["Slimebound:AbsorbEndCombat","REME_ComplimentaryCards","AT_ATBox","LetterFromLob","Replay:Wax Seal","Juzu Bracelet","Tiny Chest","DemoMod:GlassGuonStoneRelic"],"acts_visited":["Exordium"],"potions_floor_usage":[],"damage_taken":[{"damage":0.0,"enemies":"Cultist","floor":2.0,"turns":3.0},{"damage":3.0,"enemies":"Small Slimes","floor":4.0,"turns":2.0},{"damage":0.0,"enemies":"downfall:FleeingMerchant","floor":5.0,"turns":4.0},{"damage":25.0,"enemies":"3 Sentries","floor":6.0,"turns":5.0},{"damage":0.0,"enemies":"Jaw Worm","floor":8.0,"turns":2.0},{"damage":13.0,"enemies":"downfall:FleeingMerchant","floor":12.0,"turns":4.0},{"damage":26.0,"enemies":"Gremlin Nob","floor":13.0,"turns":5.0},{"damage":16.0,"enemies":"Lots of Slimes","floor":14.0,"turns":4.0},{"damage":0,"enemies":"3 Louse","floor":15,"turns":1},{"damage":23,"enemies":"DF_ARCHETYPE_STREAMLINE","floor":16,"turns":3}],"seed_played":"6894590787292545036","potions_obtained":[{"floor":2.0,"key":"SkillPotion"},{"floor":4.0,"key":"SmokeBomb"},{"floor":14.0,"key":"Regen Potion"},{"floor":15,"key":"Fire Potion"}],"is_trial":false,"path_per_floor":["R","M","?","M","$","E","T","M","R","?","R","$","E","M","M","B"],"character_chosen":"SLIMEBOUND","items_purchased":["Replay:Wax Seal","Slimebound:Gluttony+1"],"campfire_rested":0,"item_purchase_floors":[5,12],"current_hp_per_floor":[71,71,71,70,71,52,52,54,54,54,54,49,31,21,21,0,0,0],"gold":107,"neow_bonus":"TEN_PERCENT_HP_BONUS","is_daily":false,"chose_seed":false,"campfire_upgraded":2,"win_rate":0.0,"timestamp":1613213962,"path_taken":["R","M","?","M","$","E","T","M","R","?","R","$","E","M","M","BOSS"],"items_purchased_type":["Relic","Card"],"build_version":"2020-12-22","purchased_purges":0,"victory":false,"max_hp_per_floor":[71,71,71,71,71,71,71,71,71,71,71,71,71,71,71,71,71,71],"card_choices":[{"not_picked":["Slimebound:LeechLife","Slimebound:Chomp"],"picked":"Slimebound:AcidTongue","floor":2.0},{"not_picked":["Slimebound:RollThrough","Slimebound:FinishingTackle"],"picked":"Slimebound:HauntingLick","floor":4.0},{"not_picked":["Slimebound:SlimeTap","Slimebound:FinishingTackle"],"picked":"Slimebound:PressTheAttack","floor":5.0},{"not_picked":["Slimebound:DouseInSlime","Slimebound:SlimeSpikes"],"picked":"Slimebound:Schlurp","floor":6.0},{"not_picked":["Slimebound:SplitAcid","Slimebound:ComboTackle"],"picked":"Slimebound:SplitMire","floor":8.0},{"not_picked":["Slimebound:SplitMire","Slimebound:SplitLeeching"],"picked":"Slimebound:ItLooksTasty","floor":12.0},{"not_picked":["Slimebound:LeechingTouch","Slimebound:ProtectTheBoss"],"picked":"Slimebound:SpikyOuterGoop","floor":13.0},{"not_picked":["Slimebound:Chomp","Slimebound:LeechEnergy"],"picked":"Slimebound:LeechLife","floor":14.0},{"not_picked":["Slimebound:RollThrough","Slimebound:PressTheAttack"],"picked":"Slimebound:SamplingLick","floor":15}],"player_experience":424465,"relics_obtained":[{"floor":2.0,"key":"LetterFromLob"},{"floor":6.0,"key":"Juzu Bracelet"},{"floor":13.0,"key":"Tiny Chest"}],"event_choices":[{"damage_healed":0.0,"max_hp_gain":0.0,"max_hp_loss":0.0,"gold_gain":0.0,"event_name":"Accursed Blacksmith","player_choice":"Forge","floor":3.0,"gold_loss":0.0,"damage_taken":0.0,"cards_upgraded":["AT_DrawKnifeCut"]},{"cards_removed":["Slimebound:Strike_Slimebound"],"damage_healed":0.0,"max_hp_gain":0.0,"max_hp_loss":0.0,"gold_gain":0.0,"event_name":"The Cleric","player_choice":"Card Removal","floor":10.0,"gold_loss":0.0,"damage_taken":0.0}],"is_beta":false,"boss_relics":[],"items_purged_floors":[],"is_endless":false,"potions_floor_spawned":[2,4,14,15],"killed_by":"DF_ARCHETYPE_STREAMLINE","ascension_level":0}}