{"host":"qgvpd00zvzorrg7j","time":1613234597,"event":{"mods":["BaseMod","Colored Map","Downfall","Minty Spire (QoL Compilation)","Quick Restart","StSLib"],"gold_per_floor":[99,99,99,99,9,9,9,9,9,44,54,54,72,86,97,194,194,194,213,98,98,114,128,155,172,172,190,90,90,75,75,90,190,190,190,206,34,52,72,72,72,72,72,72,72,86,86,100,114,114],"floor_reached":51,"language":"ENG","playtime":3363,"items_purged":["Slimebound:Tackle","Slimebound:Strike_Slimebound","Pride"],"score":707,"play_id":"7cbf22c5-1bc2-4d65-aa2d-37a36e89b4c5","local_time":"20210213114317","is_ascension_mode":true,"campfire_choices":[{"data":"Slimebound:CorrosiveSpit","floor":1.0,"key":"SMITH"},{"data":"Slimebound:ComboTackle","floor":8.0,"key":"SMITH"},{"data":"Slimebound:ComboTackle","floor":18,"key":"SMITH"},{"data":"Slimebound:Schlurp","floor":28,"key":"SMITH"},{"data":"Slimebound:OozeBath","floor":35,"key":"SMITH"},{"data":"Slimebound:TagTeam","floor":40,"key":"SMITH"},{"data":"Slimebound:MegaLick","floor":45,"key":"SMITH"},{"data":"Slimebound:SpikyOuterGoop","floor":47,"key":"SMITH"}],"circlet_count":0,"master_deck":["Slimebound:Defend_Slimebound","Slimebound:Split","Slimebound:CorrosiveSpit+1","Slimebound:SpikyOuterGoop+1","Slimebound:ComboTackle+1","Slimebound:ComboTackle+1","Slimebound:HauntingLick","Slimebound:GoopSpray","Slimebound:HauntingLick","Slimebound:SamplingLick","Slimebound:Schlurp+1","Slimebound:TagTeam+1","Slimebound:DisruptingSlam+1","Slimebound:Recycling+1","Slimebound:SplitBruiser+1","Slimebound:HungryTackle+1","Slimebound:Nibble","Slimebound:LeechingTouch+1","Slimebound:RejuvenatingLick+1","Ghostly","Ghostly","Ghostly","Ghostly","Ghostly","Slimebound:OozeBath+1","Slimebound:MegaLick+1","Slimebound:Repurpose+1","Parasite"],"relics":["Slimebound:AbsorbEndCombat","downfall:HeartsMalice","Torii","Ginger","Astrolabe","Juzu Bracelet","downfall:HeartBlessingBlue","Busted Crown","Shuriken","TheAbacus","Pear"],"acts_visited":["Exordium","TheCity","TheBeyond"],"potions_floor_usage":[16,19,33,33,33,50],"damage_taken":[{"damage":0.0,"enemies":"Jaw Worm","floor":2.0,"turns":1.0},{"damage":0.0,"enemies":"Small Slimes","floor":3.0,"turns":1.0},{"damage":0.0,"enemies":"2 Louse","floor":4.0,"turns":1.0},{"damage":2.0,"enemies":"downfall:FleeingMerchant","floor":5.0,"turns":4.0},{"damage":26.0,"enemies":"Lagavulin","floor":10.0,"turns":6.0},{"damage":12.0,"enemies":"2 Fungi Beasts","floor":11.0,"turns":2.0},{"damage":3.0,"enemies":"Gremlin Gang","floor":13.0,"turns":4.0},{"damage":6.0,"enemies":"Large Slime","floor":14.0,"turns":2.0},{"damage":0.0,"enemies":"3 Louse","floor":15.0,"turns":2.0},{"damage":4,"enemies":"SI_SHIV_ARCHETYPE","floor":16,"turns":5},{"damage":12,"enemies":"3 Byrds","floor":19,"turns":4},{"damage":7,"enemies":"downfall:FleeingMerchant","floor":20,"turns":4},{"damage":14,"enemies":"Cultist and Chosen","floor":22,"turns":5},{"damage":24,"enemies":"Snake Plant","floor":23,"turns":3},{"damage":19,"enemies":"Centurion and Healer","floor":25,"turns":4},{"damage":29,"enemies":"Snecko","floor":27,"turns":5},{"damage":1,"enemies":"downfall:FleeingMerchant","floor":30,"turns":4},{"damage":3,"enemies":"Snake Plant","floor":32,"turns":4},{"damage":1,"enemies":"WA_ARCHETYPE_CALM","floor":33,"turns":10},{"damage":2,"enemies":"Orb Walker","floor":36,"turns":4},{"damage":4,"enemies":"downfall:FleeingMerchant","floor":37,"turns":3},{"damage":2,"enemies":"3 Shapes","floor":38,"turns":4},{"damage":1,"enemies":"Transient","floor":39,"turns":5},{"damage":0,"enemies":"Sphere and 2 Shapes","floor":46,"turns":5},{"damage":2,"enemies":"Writhing Mass","floor":48,"turns":4},{"damage":1,"enemies":"Spire Growth","floor":49,"turns":4},{"damage":28,"enemies":"DF_ARCHETYPE_ORBS","floor":50,"turns":8}],"seed_played":"6650211547786074817","potions_obtained":[{"floor":10.0,"key":"Fire Potion"},{"floor":13.0,"key":"AttackPotion"},{"floor":16,"key":"EssenceOfSteel"},{"floor":22,"key":"BlessingOfTheForge"},{"floor":23,"key":"Strength Potion"},{"floor":33,"key":"Strength Potion"},{"floor":38,"key":"SneckoOil"},{"floor":46,"key":"bronze:BurnAndBuffPotion"}],"is_trial":false,"path_per_floor":["R","M","M","M","$","?","T","R","?","E","M","?","M","M","M","B",null,"R","M","$","?","M","M","T","M","?","M","R","?","$","?","M","B",null,"R","M","$","M","M","R","T","?","?","$","R","M","R","M","M","B",null],"character_chosen":"SLIMEBOUND","items_purchased":["Shuriken","TheAbacus"],"campfire_rested":0,"item_purchase_floors":[37,37],"current_hp_per_floor":[65,65,65,65,65,65,65,65,70,46,40,40,45,41,47,51,70,70,65,66,66,60,40,40,29,29,8,18,18,25,25,28,35,40,40,40,39,40,40,40,50,50,50,50,50,50,50,50,50,25],"gold":114,"neow_bonus":"THREE_ENEMY_KILL","is_daily":false,"chose_seed":false,"campfire_upgraded":8,"win_rate":0.0,"timestamp":1613234597,"path_taken":["R","M","M","M","$","?","T","R","?","E","M","?","M","M","M","BOSS","R","M","$","?","?","M","T","M","?","M","R","?","$","?","M","BOSS","R","M","$","M","M","R","T","?","?","$","R","M","R","M","M","BOSS"],"items_purchased_type":["Relic","Relic"],"build_version":"2020-12-22","purchased_purges":3,"victory":true,"max_hp_per_floor":[65,65,65,65,65,65,65,65,70,70,70,70,70,70,70,70,70,70,70,70,70,70,70,70,70,70,70,80,80,80,40,40,40,40,40,40,40,40,40,40,50,50,50,50,50,50,50,50,50,50],"card_choices":[{"not_picked":["Slimebound:Prepare","Slimebound:ItLooksTasty"],"picked":"Slimebound:SpikyOuterGoop","floor":2.0},{"not_picked":["Slimebound:GoopSpray","Slimebound:Repurpose"],"picked":"Slimebound:ItLooksTasty","floor":3.0},{"not_picked":["Slimebound:Prepare","Slimebound:ForwardTackle"],"picked":"Slimebound:ComboTackle","floor":4.0},{"not_picked":["Slimebound:FormOfPuddle","Slimebound:SplitLeeching"],"picked":"Slimebound:ComboTackle","floor":5.0},{"not_picked":["Slimebound:FlameTackle","Slimebound:LeechingTouch"],"picked":"Slimebound:HauntingLick","floor":10.0},{"not_picked":["Slimebound:FinishingTackle","Slimebound:SlimeBarrage"],"picked":"Slimebound:GoopSpray","floor":11.0},{"not_picked":["Slimebound:SplitAcid","Slimebound:MassRepurpose"],"picked":"Slimebound:HauntingLick","floor":13.0},{"not_picked":["Slimebound:SlimeBrawl","Slimebound:SplitBruiser"],"picked":"Slimebound:SamplingLick","floor":14.0},{"not_picked":["Slimebound:RainOfGoop","Slimebound:HauntingLick"],"picked":"Slimebound:Schlurp","floor":15.0},{"not_picked":["Slimebound:DuplicatedForm","Slimebound:PrepareCrush"],"picked":"Slimebound:TagTeam","floor":16},{"not_picked":["Slimebound:Gluttony","Slimebound:GoopSpray+1"],"picked":"Slimebound:HungryTackle+1","floor":19},{"not_picked":["Slimebound:ProtectTheBoss","Slimebound:SplitAcid","Slimebound:SplitLeeching"],"picked":"SKIP","floor":20},{"not_picked":["Slimebound:BestDefense","Slimebound:LivingWall","Slimebound:ComboTackle"],"picked":"SKIP","floor":22},{"not_picked":["Slimebound:BestDefense","Slimebound:Dissolve+1","Slimebound:LivingWall"],"picked":"SKIP","floor":23},{"not_picked":["Slimebound:ItLooksTasty","Slimebound:SplitAcid"],"picked":"Slimebound:LeechingTouch+1","floor":25},{"not_picked":["Slimebound:SplitLeeching+1","Slimebound:HungryTackle+1"],"picked":"Slimebound:RejuvenatingLick+1","floor":27},{"not_picked":["Slimebound:DisruptingSlam","Slimebound:OneTwoCombo","Slimebound:RollThrough+1"],"picked":"SKIP","floor":30},{"not_picked":["Slimebound:LivingWall","Slimebound:SpikyOuterGoop+1","Slimebound:ComboTackle"],"picked":"SKIP","floor":32},{"not_picked":["Slimebound:MassFeed","Slimebound:FirmFortitude"],"picked":"Slimebound:OozeBath","floor":33},{"not_picked":["Slimebound:RollThrough"],"picked":"SKIP","floor":36},{"not_picked":["Slimebound:Replication+1"],"picked":"SKIP","floor":37},{"not_picked":["Slimebound:GoopTackle+1"],"picked":"SKIP","floor":38},{"not_picked":[],"picked":"Slimebound:MegaLick","floor":39},{"not_picked":[],"picked":"Slimebound:Repurpose+1","floor":46},{"not_picked":["Slimebound:GoopSpray"],"picked":"SKIP","floor":48},{"not_picked":["Slimebound:RollThrough"],"picked":"SKIP","floor":49}],"player_experience":638676,"relics_obtained":[{"floor":7.0,"key":"Torii"},{"floor":10.0,"key":"Ginger"},{"floor":41,"key":"Pear"}],"event_choices":[{"cards_removed":["Slimebound:Strike_Slimebound"],"damage_healed":0.0,"max_hp_gain":0.0,"max_hp_loss":0.0,"gold_gain":0.0,"event_name":"Living Wall","player_choice":"Forget","floor":6.0,"gold_loss":0.0,"damage_taken":0.0},{"damage_healed":0.0,"max_hp_gain":5.0,"max_hp_loss":0.0,"gold_gain":0.0,"event_name":"Big Fish","player_choice":"Donut","floor":9.0,"gold_loss":0.0,"damage_taken":0.0},{"cards_removed":["Slimebound:Defend_Slimebound"],"damage_healed":0.0,"max_hp_gain":0.0,"max_hp_loss":0.0,"gold_gain":0.0,"event_name":"The Cleric","player_choice":"Card Removal","floor":12.0,"gold_loss":0.0,"damage_taken":0.0},{"damage_healed":0,"gold_gain":0,"player_choice":"Stole Relic","damage_taken":0,"relics_obtained":["Juzu Bracelet"],"max_hp_gain":0,"max_hp_loss":0,"event_name":"Addict","floor":26,"gold_loss":0,"cards_obtained":["Pride"]},{"damage_healed":0,"gold_gain":0,"player_choice":"Became a Ghost","damage_taken":0,"max_hp_gain":0,"max_hp_loss":40,"event_name":"Ghosts","floor":31,"gold_loss":0,"cards_obtained":["Ghostly","Ghostly","Ghostly","Ghostly","Ghostly"]}],"is_beta":false,"boss_relics":[{"not_picked":["Philosopher\u0027s Stone","Snecko Eye"],"picked":"Astrolabe"},{"not_picked":["Fusion Hammer","bronze:MakeshiftBattery"],"picked":"Busted Crown"}],"items_purged_floors":[5,20,37],"is_endless":false,"potions_floor_spawned":[10,13,16,22,23,27,33,38,46,48],"ascension_level":2}}