{"host":"q2j4ef1ti78v4imq","time":1613211921,"event":{"mods":["AchievementEnabler","BaseMod","Better Altar","Better Match","Better Note","Better Sensory Stone","Better Skull","Better Third Choice","Block Reminder","Hermit","Minty Spire (QoL Compilation)","Relic Stats","Replay The Spire","Shade Mod","StSLib"],"gold_per_floor":[114,131,50,50,50,50,125,125,125,125,125,125],"floor_reached":11,"language":"ENG","playtime":255,"items_purged":[],"score":100,"play_id":"4eb7d02b-179e-4e68-8281-f7fb3e2d6fde","local_time":"20210213102521","is_ascension_mode":true,"campfire_choices":[{"data":"Accuracy","floor":6,"key":"SMITH"},{"data":"Survivor","floor":8,"key":"SMITH"},{"data":"Noxious Fumes","floor":10,"key":"SMITH"}],"circlet_count":0,"master_deck":["AscendersBane","Strike_G","Strike_G","Strike_G","Strike_G","Strike_G","Defend_G","Defend_G","Defend_G","Defend_G","Defend_G","Survivor+1","Neutralize","Accuracy+1","Hidden Blade","Noxious Fumes+1","ReplayTheSpireMod:Scrap Shanks"],"relics":["Ring of the Snake","Sundial"],"acts_visited":["Exordium"],"potions_floor_usage":[11,11],"damage_taken":[{"damage":7,"enemies":"Small Slimes","floor":1,"turns":4},{"damage":1,"enemies":"Cultist","floor":2,"turns":4},{"damage":50,"enemies":"Gremlin Nob","floor":11,"turns":5}],"seed_played":"-3362378410394970358","potions_obtained":[{"floor":4,"key":"SkillPotion"},{"floor":4,"key":"Energy Potion"},{"floor":4,"key":"ColorlessPotion"}],"is_trial":false,"path_per_floor":["M","M","$","?","$","R","?","R","T","R","E"],"character_chosen":"THE_SILENT","items_purchased":["ReplayTheSpireMod:Scrap Shanks"],"campfire_rested":0,"item_purchase_floors":[3],"current_hp_per_floor":[52,51,51,51,51,51,40,40,40,40,0,0],"gold":125,"neow_bonus":"THREE_CARDS","is_daily":false,"chose_seed":false,"campfire_upgraded":3,"win_rate":0.0,"timestamp":1613211921,"path_taken":["M","M","$","?","?","R","?","R","T","R","E"],"items_purchased_type":["Card"],"build_version":"2020-12-22","purchased_purges":0,"victory":false,"max_hp_per_floor":[66,66,66,66,66,66,66,66,66,66,66,66],"relic_stats":{"counters":[3,13],"Sundial":[0],"obtain_stats":[{"Sundial":9,"Ring of the Snake":0},{"Sundial":2,"Ring of the Snake":0},{"Sundial":8,"Ring of the Snake":0}],"Ring of the Snake":[6]},"card_choices":[{"not_picked":["Poisoned Stab","Crippling Poison"],"picked":"Accuracy","floor":0},{"not_picked":["Acrobatics","Underhanded Strike"],"picked":"Hidden Blade","floor":1},{"not_picked":["Crippling Poison","Dagger Spray"],"picked":"Noxious Fumes","floor":2}],"player_experience":871664,"relics_obtained":[{"floor":9,"key":"Sundial"}],"event_choices":[{"damage_healed":0,"gold_gain":0,"player_choice":"Got Potions","damage_taken":0,"max_hp_gain":0,"max_hp_loss":0,"event_name":"Lab","floor":4,"gold_loss":0},{"damage_healed":0,"gold_gain":75,"player_choice":"Gold","damage_taken":11,"max_hp_gain":0,"max_hp_loss":0,"event_name":"betterThird:BetterGoop","floor":7,"gold_loss":0}],"is_beta":false,"boss_relics":[],"items_purged_floors":[],"is_endless":false,"potions_floor_spawned":[],"killed_by":"Gremlin Nob","ascension_level":14}}