{"host":"2l3i55whvwk76mom","time":1613242484,"event":{"mods":["BaseMod","Googly Eyes","Hubris","Minty Spire (QoL Compilation)","Replay The Spire","StSLib"],"gold_per_floor":[115,115,40,40,40,40,72,123,123,123,149,168,187,44,44,149,149,163,163,177,190,210,210,230,257,309,340,340,366,383,233,233,338,338,350,31,51,51,68,68,86,121,121,121,121,150,150,150,150,163,163,163],"floor_reached":53,"language":"ENG","playtime":2454,"items_purged":["Regret","Strike_P+1"],"score":1021,"play_id":"3fa78b04-ad41-47b1-a866-14efe5a57ca2","local_time":"20210213105444","is_ascension_mode":true,"campfire_choices":[{"data":"Eruption","floor":6,"key":"SMITH"},{"data":"Replay:Hum","floor":10,"key":"SMITH"},{"data":"WheelKick","floor":15,"key":"SMITH"},{"floor":23,"key":"REST"},{"floor":28,"key":"REST"},{"data":"Evaluate","floor":32,"key":"SMITH"},{"floor":40,"key":"RECALL"},{"floor":44,"key":"REST"},{"floor":51,"key":"REST"}],"circlet_count":0,"master_deck":["Strike_P+1","Strike_P+1","Strike_P+1","Defend_P+1","Defend_P+1","Defend_P+1","Defend_P+1","Eruption+1","ThirdEye+1","Replay:Hum+1","LessonLearned+1","WheelKick+1","CutThroughFate+1","LessonLearned+1","LessonLearned+1","TalkToTheHand+1","Tantrum+1","Wallop+1","Prostrate+1","FearNoEvil","Conclude+1","Evaluate+1","Omniscience","Pray","Halt","Prostrate","TalkToTheHand","Indignation+1","ClearTheMind+1","ForeignInfluence","WindmillStrike+1"],"relics":["PureWater","NeowsBlessing","InkBottle","Ring of Searing","Ring of Panic","MealTicket","Centennial Puzzle","Yang","Vajra","DollysMirror","hubris:Stopwatch","ReplayFunnel","Akabeko","Replay:Baseball","Bronze Scales","Darkstone Periapt","SlaversCollar","Girya","Iron Hammer","hubris:MysteriousPyramids","Replay:Mystery Machine"],"acts_visited":["Exordium","TheCity","TheBeyond"],"potions_floor_usage":[13,16,16,25,25,27,29,33,33,37,42,42,52],"damage_taken":[{"damage":0,"enemies":"Jaw Worm","floor":1,"turns":1},{"damage":0,"enemies":"Gremlin Nob","floor":7,"turns":1},{"damage":0,"enemies":"Replay:BlueRogue","floor":11,"turns":1},{"damage":5,"enemies":"2 Louse","floor":12,"turns":2},{"damage":0,"enemies":"Small Slimes","floor":13,"turns":1},{"damage":49,"enemies":"Fading Forest","floor":16,"turns":11},{"damage":0,"enemies":"2 Thieves","floor":18,"turns":1},{"damage":5,"enemies":"Shell Parasite","floor":20,"turns":2},{"damage":14,"enemies":"3 Cultists","floor":21,"turns":3},{"damage":0,"enemies":"Snecko","floor":22,"turns":2},{"damage":13,"enemies":"Centurion and Healer","floor":24,"turns":3},{"damage":7,"enemies":"Slavers","floor":25,"turns":2},{"damage":9,"enemies":"Book of Stabbing","floor":27,"turns":2},{"damage":0,"enemies":"Replay:Snechameleon","floor":29,"turns":1},{"damage":5,"enemies":"Cultist and Chosen","floor":30,"turns":2},{"damage":46,"enemies":"hubris:MusketHawk","floor":33,"turns":6},{"damage":12,"enemies":"3 Shapes","floor":35,"turns":2},{"damage":7,"enemies":"Orb Walker","floor":37,"turns":1},{"damage":15,"enemies":"Transient","floor":39,"turns":5},{"damage":13,"enemies":"Spire Growth","floor":41,"turns":3},{"damage":16,"enemies":"Nemesis","floor":42,"turns":3},{"damage":19,"enemies":"R_Hoarder","floor":46,"turns":4},{"damage":0,"enemies":"Sphere and 2 Shapes","floor":50,"turns":3},{"damage":33,"enemies":"hubris:GrandSnecko","floor":52,"turns":7}],"seed_played":"-1485524930698595775","potions_obtained":[{"floor":1,"key":"BottledMiracle"},{"floor":7,"key":"Explosive Potion"},{"floor":11,"key":"Ambrosia"},{"floor":21,"key":"SteroidPotion"},{"floor":24,"key":"Block Potion"},{"floor":25,"key":"Adrenaline Potion"},{"floor":27,"key":"EntropicBrew"},{"floor":33,"key":"Fire Potion"},{"floor":39,"key":"Languid Potion"},{"floor":41,"key":"SteroidPotion"},{"floor":46,"key":"Languid Potion"}],"is_trial":false,"path_per_floor":["M","?","$","?","?","R","E","T","T","R","E","M","M","$","R","B",null,"M","?","M","M","M","R","M","E","T","E","R","E","M","$","R","B",null,"M","$","M","?","M","R","M","E","T","R","?","E","T","PTL","PTL","M","R","B",null],"character_chosen":"WATCHER","items_purchased":["DollysMirror","Evaluate","Girya","Halt"],"campfire_rested":4,"item_purchase_floors":[14,31,36,36],"current_hp_per_floor":[72,72,72,72,72,72,72,72,72,72,72,67,67,72,72,37,72,72,72,67,53,53,72,59,52,52,43,64,64,59,72,72,26,72,60,72,65,65,50,50,37,21,21,42,42,23,23,23,23,23,44,11],"gold":163,"neow_bonus":"THREE_ENEMY_KILL","is_daily":false,"chose_seed":false,"campfire_upgraded":4,"win_rate":0.0,"timestamp":1613242484,"path_taken":["M","?","$","?","?","R","E","?","T","R","E","M","M","?","R","BOSS","M","?","?","M","M","R","M","E","T","E","R","E","M","$","R","BOSS","M","$","?","?","M","R","M","E","T","R","?","E","?","PTL","PTL","?","R","BOSS"],"items_purchased_type":["Relic","Card","Relic","Card"],"build_version":"2020-12-22","purchased_purges":2,"victory":true,"max_hp_per_floor":[72,72,72,72,72,72,72,72,72,72,72,72,72,72,72,72,72,72,72,72,72,72,72,72,72,72,72,72,72,72,72,72,72,72,72,72,72,72,72,72,72,72,72,72,72,72,72,72,72,72,72,72],"card_choices":[{"not_picked":["Adaptation","EmptyFist"],"picked":"ThirdEye","floor":1},{"not_picked":["FearNoEvil","Blasphemy"],"picked":"Replay:Hum","floor":7},{"not_picked":["FearNoEvil","FlyingSleeves"],"picked":"LessonLearned","floor":11},{"not_picked":["Replay:ManipulateFuture","JustLucky"],"picked":"WheelKick","floor":12},{"not_picked":["Sanctity","FlyingSleeves"],"picked":"CutThroughFate","floor":13},{"not_picked":["Brilliance","MasterReality"],"picked":"LessonLearned","floor":16},{"not_picked":["Replay:Battleflow+1","Replay:BluntJabs"],"picked":"TalkToTheHand+1","floor":18},{"not_picked":["Consecrate+1","ClearTheMind"],"picked":"Tantrum","floor":20},{"not_picked":["Crescendo","BowlingBash+1","Fasting2"],"picked":"SKIP","floor":21},{"not_picked":["JustLucky","CrushJoints"],"picked":"Wallop","floor":22},{"not_picked":["Halt","Worship"],"picked":"Prostrate+1","floor":24},{"not_picked":["Alpha","Crescendo","WreathOfFlame"],"picked":"SKIP","floor":25},{"not_picked":["EmptyFist+1","FlyingSleeves","Wireheading"],"picked":"SKIP","floor":27},{"not_picked":["CutThroughFate+1","EmptyFist"],"picked":"FearNoEvil","floor":29},{"not_picked":["JustLucky","Wireheading"],"picked":"Conclude+1","floor":30},{"not_picked":["MasterReality","ConjureBlade"],"picked":"Omniscience","floor":33},{"not_picked":["Perseverance","Protect+1"],"picked":"Pray","floor":35},{"not_picked":["SashWhip+1","CrushJoints"],"picked":"Prostrate","floor":37},{"not_picked":["BowlingBash+1","Vault"],"picked":"Indignation","floor":39},{"not_picked":["Replay:BluntJabs+1","SignatureMove+1"],"picked":"ClearTheMind+1","floor":41},{"not_picked":["Protect","Consecrate","FlurryOfBlows"],"picked":"SKIP","floor":42},{"not_picked":["Alpha","Worship+1"],"picked":"ForeignInfluence","floor":46},{"not_picked":["WreathOfFlame","Crescendo"],"picked":"WindmillStrike+1","floor":50}],"player_experience":369294,"relics_obtained":[{"floor":4,"key":"Ring of Searing"},{"floor":4,"key":"Ring of Panic"},{"floor":7,"key":"MealTicket"},{"floor":8,"key":"Centennial Puzzle"},{"floor":9,"key":"Yang"},{"floor":11,"key":"Vajra"},{"floor":25,"key":"Akabeko"},{"floor":26,"key":"Replay:Baseball"},{"floor":27,"key":"Bronze Scales"},{"floor":29,"key":"Darkstone Periapt"},{"floor":42,"key":"Iron Hammer"},{"floor":46,"key":"hubris:MysteriousPyramids"},{"floor":47,"key":"Replay:Mystery Machine"}],"event_choices":[{"damage_healed":0,"gold_gain":0,"player_choice":"Box","damage_taken":0,"relics_obtained":["InkBottle"],"max_hp_gain":0,"max_hp_loss":0,"event_name":"Big Fish","floor":2,"gold_loss":0,"cards_obtained":["Regret"]},{"damage_healed":0,"gold_gain":0,"player_choice":"Ignored","damage_taken":0,"max_hp_gain":0,"max_hp_loss":0,"event_name":"Golden Wing","floor":5,"gold_loss":0},{"cards_removed":["Vigilance"],"damage_healed":0,"gold_gain":0,"player_choice":"Removed Skill","damage_taken":0,"max_hp_gain":0,"max_hp_loss":0,"event_name":"Falling","floor":45,"gold_loss":0}],"is_beta":false,"boss_relics":[{"not_picked":["Velvet Choker","Ectoplasm"],"picked":"hubris:Stopwatch"},{"not_picked":["Replay:Grab Bag","Coffee Dripper"],"picked":"SlaversCollar"}],"items_purged_floors":[3,31],"is_endless":false,"potions_floor_spawned":[1,7,11,12,21,24,25,27,33,39,41,46],"ascension_level":2}}