{"host":"y6zg4wwu39otf01a","time":1613239853,"event":{"mods":["Act Like it!","Aspiration","BaseMod","Better Altar","Better Match","Better Note","Better Sensory Stone","Better Skull","Better Third Choice","Challenge The Spire","Colored Map","Colored Powertips","Conspire","GifTheSpireLib","Glutton Mod","Halation","Hermit","Highlight Path","Hubris","Infinite Spire","Mimic Mod","Minty Spire (QoL Compilation)","Quick Restart","Random Character Button","Rare Cards Sparkle","Replay The Spire","Retaliation","Spicy Shops","Spire Arcade","StSLib","Stuff the Spire","The Blue Laboratory","The Jungle"],"gold_per_floor":[115,290,400,414,19,46,60,90,90,90,90,119,139,35,35,35,35],"floor_reached":16,"language":"ENG","playtime":677,"items_purged":[],"score":193,"play_id":"2d125dfa-1037-430e-822c-410bbeeea02d","local_time":"20210213121053","is_ascension_mode":true,"campfire_choices":[{"floor":11,"key":"REST"},{"floor":15,"key":"DIG"}],"circlet_count":0,"master_deck":["hermit:Strike_Hermit","hermit:Strike_Hermit","hermit:Strike_Hermit","hermit:Strike_Hermit","hermit:Defend_Hermit","hermit:Defend_Hermit","hermit:Defend_Hermit","hermit:Defend_Hermit","hermit:Snapshot","hermit:Covet","hermit:BigShot","Doubt","hermit:Headshot","hermit:Deadeye","hermit:Deadeye","hermit:Coalescence","hermit:TrackingShot","hermit:Quickdraw","hermit:Glare"],"relics":["hermit:Momento","NeowsBlessing","Potion Belt","Boot","StuffTheSpire:MayFlowers","Cauldron","aspiration:StickyExplosives_weak","StuffTheSpire:GrapeVine","Bottled Tornado","Replay:Bottled Steam","Oddly Smooth Stone"],"acts_visited":["Exordium"],"potions_floor_usage":[7,8,8,8,8,12,13,16],"damage_taken":[{"damage":0,"enemies":"Cultist","floor":1,"turns":1},{"damage":0,"enemies":"2 Louse","floor":4,"turns":1},{"damage":0,"enemies":"3 Sentries","floor":6,"turns":1},{"damage":7,"enemies":"Small Slimes","floor":7,"turns":3},{"damage":0,"enemies":"Lagavulin","floor":8,"turns":3},{"damage":32,"enemies":"Gremlin Nob","floor":12,"turns":4},{"damage":8,"enemies":"Looter","floor":13,"turns":2},{"damage":18,"enemies":"Hexaghost","floor":16,"turns":7}],"seed_played":"-1874305342064440031","potions_obtained":[{"floor":1,"key":"Dexterity Potion"},{"floor":5,"key":"infinitespire:BlackPotion"},{"floor":5,"key":"Energy Potion"},{"floor":5,"key":"blueLaboratory:SavagePotion"},{"floor":5,"key":"blueLaboratory:ImpenetrablePotion"},{"floor":5,"key":"blueLaboratory:RecallPotion"},{"floor":7,"key":"blueLaboratory:LouseDecoction"},{"floor":8,"key":"blueLaboratory:NullPotion"},{"floor":12,"key":"Languid Potion"}],"is_trial":false,"path_per_floor":["M","?","?","M","$","E","M","E","T","?","R","E","M","$","R_BF","B"],"character_chosen":"HERMIT","items_purchased":["StuffTheSpire:MayFlowers","hermit:Deadeye","Cauldron","hermit:Glare"],"campfire_rested":1,"item_purchase_floors":[5,5,5,14],"current_hp_per_floor":[75,75,33,33,33,33,26,26,26,26,48,16,8,8,8,0,0],"gold":35,"neow_bonus":"THREE_ENEMY_KILL","is_daily":false,"chose_seed":false,"campfire_upgraded":0,"win_rate":0.0,"timestamp":1613239853,"path_taken":["M","?","?","?","?","E","M","E","T","?","R","E","M","$","R_BF","BOSS"],"items_purchased_type":["Relic","Card","Relic","Card"],"build_version":"2020-12-22","purchased_purges":0,"victory":false,"max_hp_per_floor":[75,75,75,75,75,75,75,75,75,75,75,75,75,75,75,75,75],"card_choices":[{"not_picked":["hermit:Snipe","hermit:Determination"],"picked":"hermit:BigShot","floor":1},{"not_picked":["hermit:Shortfuse","hermit:Vantage"],"picked":"hermit:Headshot","floor":4},{"not_picked":["hermit:TrackingShot","hermit:Headshot"],"picked":"hermit:Deadeye","floor":6},{"not_picked":["hermit:HighCaliber","hermit:BodyArmor","hermit:ItchyTrigger"],"picked":"SKIP","floor":7},{"not_picked":["hermit:PistolWhip","hermit:DeadMansHand"],"picked":"hermit:Coalescence","floor":8},{"not_picked":["hermit:Purgatory","hermit:Roulette"],"picked":"hermit:TrackingShot","floor":12},{"not_picked":["hermit:BodyArmor","hermit:CursedWeapon"],"picked":"hermit:Quickdraw","floor":13}],"player_experience":806279,"relics_obtained":[{"floor":6,"key":"aspiration:StickyExplosives_weak"},{"floor":8,"key":"StuffTheSpire:GrapeVine"},{"floor":9,"key":"Bottled Tornado"},{"floor":12,"key":"Replay:Bottled Steam"},{"floor":15,"key":"Oddly Smooth Stone"}],"event_choices":[{"damage_healed":0,"gold_gain":175,"player_choice":"AGREE","damage_taken":115,"max_hp_gain":0,"max_hp_loss":0,"event_name":"betterThird:BetterSerpent","floor":2,"gold_loss":0},{"damage_healed":0,"gold_gain":110,"player_choice":"RE RE GO ","damage_taken":47,"relics_obtained":["Potion Belt","Boot"],"max_hp_gain":0,"max_hp_loss":0,"event_name":"betterSkull:BetterSkull","floor":3,"gold_loss":0,"cards_upgraded":[]},{"cards_removed":["Doubt"],"damage_healed":0,"gold_gain":0,"player_choice":"Card Removal","damage_taken":0,"max_hp_gain":0,"max_hp_loss":0,"event_name":"Wheel of Change","floor":10,"gold_loss":0}],"is_beta":false,"boss_relics":[],"items_purged_floors":[],"is_endless":false,"potions_floor_spawned":[1,7,8,12],"killed_by":"Hexaghost","ascension_level":3}}