{"host":"79dbh3wlumrqhgu5","time":1613178133,"event":{"mods":["BaseMod","Block Reminder","Colored Map","Colored Powertips","Dark Map","Minty Spire (QoL Compilation)","Permanent Neow"],"gold_per_floor":[118,131,142,155,165,165,180,191,215,71,120,120,120,134,134,234,234,245,259,259,259,259,259,324,324,350,350,18,18,68,68,68,164,164,174,224,242,302,313,313,313],"floor_reached":40,"language":"ENG","playtime":6429,"items_purged":["Bash"],"score":485,"play_id":"d06b9bf2-edc2-4a90-a4d8-d153c1d7c19f","local_time":"20210212200213","is_ascension_mode":false,"campfire_choices":[{"data":"Heavy Blade","floor":6.0,"key":"SMITH"},{"data":"1","floor":13.0,"key":"LIFT"},{"floor":15.0,"key":"REST"},{"data":"2","floor":23.0,"key":"LIFT"},{"data":"3","floor":25.0,"key":"LIFT"},{"data":"Limit Break","floor":29.0,"key":"SMITH"},{"floor":32.0,"key":"REST"}],"circlet_count":0,"master_deck":["Strike_R","Strike_R","Strike_R","Strike_R","Strike_R","Defend_R","Defend_R","Defend_R","Defend_R","Magnetism","Heavy Blade+1","Flex","Pommel Strike","Dual Wield","Flex","Double Tap","Limit Break+1","Shrug It Off","Brutality","Inflame","Decay","Berserk","CurseOfTheBell","Anger","Headbutt","Impervious"],"relics":["Burning Blood","Bag of Marbles","Girya","Bronze Scales","Sozu","Enchiridion","Paper Frog","SsserpentHead","Oddly Smooth Stone","Bottled Lightning","Calling Bell","Red Skull","Eternal Feather","StoneCalendar"],"acts_visited":["Exordium","TheCity","TheBeyond"],"potions_floor_usage":[],"damage_taken":[{"damage":1.0,"enemies":"Cultist","floor":1.0,"turns":4.0},{"damage":6.0,"enemies":"Jaw Worm","floor":2.0,"turns":6.0},{"damage":7.0,"enemies":"Small Slimes","floor":3.0,"turns":5.0},{"damage":14.0,"enemies":"Exordium Wildlife","floor":4.0,"turns":6.0},{"damage":9.0,"enemies":"Blue Slaver","floor":5.0,"turns":4.0},{"damage":17.0,"enemies":"Exordium Thugs","floor":7.0,"turns":5.0},{"damage":11.0,"enemies":"2 Fungi Beasts","floor":8.0,"turns":4.0},{"damage":31.0,"enemies":"3 Sentries","floor":11.0,"turns":10.0},{"damage":10.0,"enemies":"Gremlin Gang","floor":14.0,"turns":4.0},{"damage":0.0,"enemies":"Slime Boss","floor":16.0,"turns":7.0},{"damage":11.0,"enemies":"Shell Parasite","floor":18.0,"turns":3.0},{"damage":17.0,"enemies":"Spheric Guardian","floor":19.0,"turns":5.0},{"damage":18.0,"enemies":"3 Cultists","floor":24.0,"turns":5.0},{"damage":0.0,"enemies":"Slavers","floor":27.0,"turns":1.0},{"damage":33.0,"enemies":"Champ","floor":33.0,"turns":5.0},{"damage":29.0,"enemies":"3 Darklings","floor":35.0,"turns":5.0},{"damage":19.0,"enemies":"3 Shapes","floor":37.0,"turns":4.0},{"damage":5.0,"enemies":"Transient","floor":38.0,"turns":5.0},{"damage":29.0,"enemies":"Writhing Mass","floor":39.0,"turns":3.0},{"damage":14,"enemies":"Nemesis","floor":40,"turns":1}],"seed_played":"-1138245255231204731","potions_obtained":[{"floor":2.0,"key":"EssenceOfSteel"},{"floor":3.0,"key":"ColorlessPotion"},{"floor":8.0,"key":"SmokeBomb"},{"floor":14.0,"key":"ElixirPotion"},{"floor":16.0,"key":"AttackPotion"}],"is_trial":false,"path_per_floor":["M","M","M","M","M","R","M","M","T","$","E","?","R","M","R","B",null,"M","M","?","T","?","R","M","R","T","E","$","R","?","$","R","B",null,"M","?","M","M","M","E"],"character_chosen":"IRONCLAD","items_purchased":["Double Tap","Bottled Lightning"],"campfire_rested":2,"item_purchase_floors":[10,28],"current_hp_per_floor":[72,72,71,63,60,60,49,44,44,44,19,19,19,15,36,42,72,67,56,40,40,40,40,28,28,28,34,34,34,34,34,55,28,72,49,49,36,37,14,0,0],"gold":313,"neow_bonus":"RANDOM_COLORLESS_2","is_daily":false,"chose_seed":false,"campfire_upgraded":2,"win_rate":0.0,"timestamp":1613178133,"path_taken":["M","M","?","M","M","R","M","?","T","?","E","?","R","?","R","BOSS","M","M","?","?","?","R","?","R","T","E","$","R","?","$","R","BOSS","M","?","M","?","M","E"],"items_purchased_type":["Card","Relic"],"build_version":"2020-12-22","purchased_purges":1,"victory":false,"max_hp_per_floor":[72,72,72,72,72,72,72,72,72,72,72,72,72,72,72,72,72,72,72,72,72,72,72,72,72,72,72,72,72,72,72,72,72,72,72,72,72,72,72,72,72],"card_choices":[{"not_picked":["Secret Weapon","Secret Technique"],"picked":"Magnetism","floor":0.0},{"not_picked":["Warcry","Anger"],"picked":"Heavy Blade","floor":1.0},{"not_picked":["Thunderclap","Clothesline"],"picked":"Flex","floor":2.0},{"not_picked":["True Grit","Cleave"],"picked":"Pommel Strike","floor":3.0},{"not_picked":["Pommel Strike","Carnage"],"picked":"Dual Wield","floor":4.0},{"not_picked":["Sword Boomerang","Searing Blow","Shrug It Off"],"picked":"SKIP","floor":5.0},{"not_picked":["Iron Wave","Clash","Shrug It Off"],"picked":"SKIP","floor":7.0},{"not_picked":["Body Slam","True Grit"],"picked":"Flex","floor":8.0},{"not_picked":["Searing Blow","Anger","Clothesline"],"picked":"SKIP","floor":11.0},{"not_picked":["Blood for Blood","Body Slam","Clothesline"],"picked":"SKIP","floor":14.0},{"not_picked":["Fiend Fire","Double Tap"],"picked":"Limit Break","floor":16.0},{"not_picked":["Cleave","Thunderclap"],"picked":"Shrug It Off","floor":18.0},{"not_picked":["Body Slam","Clothesline"],"picked":"Brutality","floor":19.0},{"not_picked":["Sword Boomerang","Cleave"],"picked":"Inflame","floor":24.0},{"not_picked":["Barricade","Bludgeon"],"picked":"Berserk","floor":33.0},{"not_picked":["Iron Wave+1","True Grit+1"],"picked":"Anger","floor":35.0},{"not_picked":["Second Wind","Cleave","Twin Strike"],"picked":"SKIP","floor":37.0},{"not_picked":["Flame Barrier","Cleave+1"],"picked":"Headbutt","floor":38.0},{"not_picked":["Clash","Twin Strike"],"picked":"Impervious","floor":39.0}],"player_experience":43422,"relics_obtained":[{"floor":9.0,"key":"Bag of Marbles"},{"floor":11.0,"key":"Girya"},{"floor":20.0,"key":"Enchiridion"},{"floor":21.0,"key":"Paper Frog"},{"floor":26.0,"key":"Oddly Smooth Stone"},{"floor":34.0,"key":"Red Skull"},{"floor":34.0,"key":"Eternal Feather"},{"floor":34.0,"key":"StoneCalendar"}],"event_choices":[{"damage_healed":0.0,"max_hp_gain":0.0,"max_hp_loss":0.0,"gold_gain":0.0,"event_name":"WeMeetAgain","player_choice":"Gave Potion","floor":12.0,"gold_loss":0.0,"damage_taken":0.0,"relics_obtained":["Bronze Scales"]},{"damage_healed":0.0,"max_hp_gain":0.0,"max_hp_loss":0.0,"gold_gain":0.0,"event_name":"Cursed Tome","player_choice":"Obtained Book","floor":20.0,"gold_loss":0.0,"damage_taken":16.0},{"damage_healed":0.0,"max_hp_gain":0.0,"max_hp_loss":0.0,"gold_gain":0.0,"event_name":"FaceTrader","player_choice":"Trade","floor":22.0,"gold_loss":0.0,"damage_taken":0.0,"relics_obtained":["SsserpentHead"]},{"damage_healed":0.0,"max_hp_gain":0.0,"max_hp_loss":0.0,"gold_gain":0.0,"event_name":"Forgotten Altar","player_choice":"Smashed Altar","floor":30.0,"gold_loss":0.0,"damage_taken":0.0,"cards_obtained":["Decay"]},{"damage_healed":0.0,"max_hp_gain":0.0,"max_hp_loss":0.0,"gold_gain":0.0,"event_name":"NoteForYourself","player_choice":"Ignored","floor":36.0,"gold_loss":0.0,"damage_taken":0.0}],"is_beta":false,"boss_relics":[{"not_picked":["Busted Crown","Mark of Pain"],"picked":"Sozu"},{"not_picked":["Fusion Hammer","Tiny House"],"picked":"Calling Bell"}],"items_purged_floors":[28],"is_endless":false,"potions_floor_spawned":[2,3,8,14,16,27,33,35],"killed_by":"Nemesis","ascension_level":0}}