{"host":"p6y17sixyu8q9v1f","time":1613209616,"event":{"mods":["BaseMod","Colored Map","Minty Spire (QoL Compilation)"],"gold_per_floor":[112,126,301,251,251,263,288,288,288,317,336,336,114,80,80,175,175,185,185,203,203,113,113,113,127,151,151,151],"floor_reached":27,"language":"ENG","playtime":966,"items_purged":["Defend_R"],"score":311,"play_id":"ac241083-3371-40ad-816b-78df76ff9211","local_time":"20210213034656","is_ascension_mode":true,"campfire_choices":[{"floor":8,"key":"REST"},{"floor":12,"key":"REST"},{"data":"Spot Weakness","floor":15,"key":"SMITH"},{"floor":24,"key":"REST"}],"circlet_count":0,"master_deck":["Strike_R","Strike_R","Strike_R","Strike_R","Strike_R","Defend_R","Defend_R","Defend_R","Bash+1","Rampage+1","Dropkick","Flex","Iron Wave","Spot Weakness+1","Iron Wave+1","Armaments","Heavy Blade"],"relics":["Black Blood","Singing Bowl","Pen Nib","Oddly Smooth Stone","Toy Ornithopter","Ginger","Tiny Chest"],"acts_visited":["Exordium","TheCity"],"potions_floor_usage":[10,20,23,23],"damage_taken":[{"damage":9,"enemies":"Jaw Worm","floor":1,"turns":3},{"damage":4,"enemies":"2 Louse","floor":2,"turns":3},{"damage":13,"enemies":"Small Slimes","floor":6,"turns":3},{"damage":32,"enemies":"Gremlin Nob","floor":7,"turns":4},{"damage":40,"enemies":"3 Sentries","floor":10,"turns":9},{"damage":8,"enemies":"Blue Slaver","floor":11,"turns":3},{"damage":36,"enemies":"Hexaghost","floor":16,"turns":6},{"damage":25,"enemies":"Spheric Guardian","floor":18,"turns":4},{"damage":18,"enemies":"Shell Parasite","floor":20,"turns":5},{"damage":41,"enemies":"Book of Stabbing","floor":23,"turns":4},{"damage":39,"enemies":"Centurion and Healer","floor":25,"turns":7},{"damage":24,"enemies":"Snake Plant","floor":27,"turns":3}],"seed_played":"-6081595932613492027","potions_obtained":[{"floor":2,"key":"LiquidMemories"},{"floor":7,"key":"SmokeBomb"},{"floor":10,"key":"Swift Potion"},{"floor":20,"key":"FearPotion"}],"is_trial":false,"path_per_floor":["M","M","?","?","?","M","E","R","T","E","M","R","$","$","R","B",null,"M","?","M","?","?","E","R","M","T","M"],"character_chosen":"IRONCLAD","items_purchased":["Toy Ornithopter","Spot Weakness"],"campfire_rested":3,"item_purchase_floors":[13,14],"current_hp_per_floor":[69,71,71,71,71,64,40,64,64,30,30,55,55,55,55,27,71,58,41,40,40,40,21,48,21,21,0,0],"gold":151,"neow_bonus":"UPGRADE_CARD","is_daily":false,"chose_seed":false,"campfire_upgraded":1,"win_rate":0.0,"timestamp":1613209616,"path_taken":["M","M","?","?","?","M","E","R","T","E","M","R","?","$","R","BOSS","M","?","M","?","?","E","R","M","T","?"],"items_purchased_type":["Relic","Card"],"build_version":"2020-12-22","purchased_purges":1,"victory":false,"max_hp_per_floor":[80,80,80,80,80,80,82,82,82,82,84,84,84,84,84,86,86,86,91,91,91,91,91,91,91,91,91,91],"card_choices":[{"not_picked":["Body Slam","Thunderclap"],"picked":"Rampage","floor":1},{"not_picked":["True Grit","Wild Strike"],"picked":"Dropkick","floor":2},{"not_picked":["True Grit","Sentinel"],"picked":"Flex","floor":6},{"not_picked":["Power Through","Dropkick","Carnage"],"picked":"Singing Bowl","floor":7},{"not_picked":["Cleave","Armaments"],"picked":"Iron Wave","floor":10},{"not_picked":["Pommel Strike","Wild Strike","Sword Boomerang"],"picked":"Singing Bowl","floor":11},{"not_picked":["Brutality","Impervious","Berserk"],"picked":"Singing Bowl","floor":16},{"not_picked":["Dual Wield+1","Rupture"],"picked":"Iron Wave","floor":18},{"not_picked":["Sentinel","Shrug It Off"],"picked":"Armaments","floor":20},{"not_picked":["Cleave","Wild Strike"],"picked":"Heavy Blade","floor":25}],"player_experience":1092687,"relics_obtained":[{"floor":7,"key":"Singing Bowl"},{"floor":9,"key":"Pen Nib"},{"floor":10,"key":"Oddly Smooth Stone"},{"floor":26,"key":"Tiny Chest"}],"event_choices":[{"damage_healed":0,"gold_gain":175,"player_choice":"AGREE","damage_taken":0,"max_hp_gain":0,"max_hp_loss":0,"event_name":"Liars Game","floor":3,"gold_loss":0,"cards_obtained":["Doubt"]},{"cards_removed":["Doubt"],"damage_healed":0,"gold_gain":0,"player_choice":"Card Removal","damage_taken":0,"max_hp_gain":0,"max_hp_loss":0,"event_name":"The Cleric","floor":4,"gold_loss":50},{"damage_healed":0,"gold_gain":0,"player_choice":"Grow","damage_taken":0,"max_hp_gain":0,"max_hp_loss":0,"event_name":"Living Wall","floor":5,"gold_loss":0,"cards_upgraded":["Rampage"]},{"damage_healed":0,"gold_gain":0,"player_choice":"Shed Blood","damage_taken":22,"max_hp_gain":5,"max_hp_loss":0,"event_name":"Forgotten Altar","floor":19,"gold_loss":0},{"damage_healed":0,"gold_gain":0,"player_choice":"Opened","damage_taken":0,"relics_obtained":["Ginger"],"max_hp_gain":0,"max_hp_loss":0,"event_name":"The Mausoleum","floor":21,"gold_loss":0,"cards_obtained":["Writhe"]},{"cards_removed":["Writhe"],"damage_healed":0,"gold_gain":0,"player_choice":"Upgrade and Remove","damage_taken":0,"max_hp_gain":0,"max_hp_loss":0,"event_name":"Designer","floor":22,"gold_loss":90,"cards_upgraded":["Iron Wave"]}],"is_beta":false,"boss_relics":[{"not_picked":["Ectoplasm","Runic Pyramid"],"picked":"Black Blood"}],"items_purged_floors":[13],"is_endless":false,"potions_floor_spawned":[2,7,10,20,23],"killed_by":"Snake Plant","ascension_level":6}}