{"host":"kh6fvhxn285ncg0o","time":1613248436,"event":{"mods":["Act Like it!","BaseMod","Colored Map","Friendly Minions","Keyboard Shortcuts","Minty Spire (QoL Compilation)","Quick Restart","Relic Stats","StSLib","SuperFastMode","UnlockEverythingMod"],"gold_per_floor":[116,116,139,151,167,167,197,209,248,288,300,329,354,366,378,462,474,496,523,535,562,574,586,377,377,377],"floor_reached":25,"language":"KOR","playtime":676,"items_purged":["Strike_R"],"score":422,"play_id":"16795c55-45c0-4d8e-a174-59910f6c0899","local_time":"20210214053356","is_ascension_mode":true,"campfire_choices":[{"data":"Dropkick","floor":6.0,"key":"SMITH"},{"data":"Offering","floor":11.0,"key":"SMITH"},{"data":"Bash","floor":15.0,"key":"SMITH"},{"floor":23,"key":"REST"}],"circlet_count":0,"master_deck":["AscendersBane","Strike_R","Strike_R","Defend_R","Defend_R","Defend_R","Defend_R","Bash+1","Master of Strategy","Shockwave","Feel No Pain","Dropkick+1","Offering+1","True Grit+1","Corruption","Power Through"],"relics":["Burning Blood","Bag of Marbles","MawBank","Smiling Mask","Toy Ornithopter","Sozu","Happy Flower"],"acts_visited":["Exordium","TheCity"],"potions_floor_usage":[],"damage_taken":[{"damage":9.0,"enemies":"Small Slimes","floor":1.0,"turns":4.0},{"damage":4.0,"enemies":"Jaw Worm","floor":4.0,"turns":6.0},{"damage":1.0,"enemies":"Cultist","floor":5.0,"turns":3.0},{"damage":20.0,"enemies":"3 Sentries","floor":7.0,"turns":11.0},{"damage":16.0,"enemies":"Lagavulin","floor":10.0,"turns":5.0},{"damage":12.0,"enemies":"Blue Slaver","floor":12.0,"turns":6.0},{"damage":6.0,"enemies":"Exordium Thugs","floor":13.0,"turns":3.0},{"damage":10.0,"enemies":"The Guardian","floor":16.0,"turns":12.0},{"damage":14.0,"enemies":"3 Byrds","floor":18.0,"turns":6.0},{"damage":9.0,"enemies":"2 Thieves","floor":19.0,"turns":3.0},{"damage":24,"enemies":"Centurion and Healer","floor":21,"turns":7},{"damage":23,"enemies":"Book of Stabbing","floor":25,"turns":6}],"seed_played":"2866245147988133920","potions_obtained":[{"floor":1.0,"key":"Block Potion"},{"floor":5.0,"key":"SteroidPotion"},{"floor":10.0,"key":"BlessingOfTheForge"},{"floor":13.0,"key":"SneckoOil"},{"floor":16.0,"key":"Fire Potion"}],"is_trial":false,"path_per_floor":["M","?","T","M","M","R","E","?","T","E","R","M","M","?","R","B",null,"M","M","?","M","?","R","$","E"],"character_chosen":"IRONCLAD","items_purchased":["Happy Flower"],"campfire_rested":1,"item_purchase_floors":[24],"current_hp_per_floor":[65,65,65,67,68,68,54,54,54,44,44,38,38,38,38,44,62,54,51,51,33,33,53,53,30,30],"gold":377,"neow_bonus":"RANDOM_COLORLESS_2","is_daily":false,"chose_seed":false,"campfire_upgraded":3,"win_rate":0.0,"timestamp":1613248436,"path_taken":["M","?","?","M","M","R","E","?","T","E","R","M","?","?","R","BOSS","M","M","?","M","?","R","$","E"],"items_purchased_type":["Relic"],"build_version":"2020-12-22","purchased_purges":1,"victory":false,"max_hp_per_floor":[68,68,68,68,68,68,68,68,68,68,68,68,68,68,68,68,68,68,68,68,68,68,68,68,68,68],"relic_stats":{"Sozu":1,"Happy Flower":[2],"counters":[12,72],"MawBank":204,"Smiling Mask":25,"obtain_stats":[{"Sozu":17,"Happy Flower":24,"Bag of Marbles":3,"MawBank":7,"Smiling Mask":9,"Burning Blood":0,"Toy Ornithopter":10},{"Sozu":8,"Happy Flower":11,"Bag of Marbles":1,"MawBank":4,"Smiling Mask":4,"Burning Blood":0,"Toy Ornithopter":5},{"Sozu":50,"Happy Flower":66,"Bag of Marbles":4,"MawBank":24,"Smiling Mask":24,"Burning Blood":0,"Toy Ornithopter":29}],"Burning Blood":62,"Toy Ornithopter":10},"card_choices":[{"not_picked":["Secret Weapon","Metamorphosis"],"picked":"Master of Strategy","floor":0.0},{"not_picked":["Clash","Clothesline"],"picked":"Shockwave","floor":1.0},{"not_picked":["Thunderclap","Flex","Iron Wave"],"picked":"SKIP","floor":4.0},{"not_picked":["Rupture","True Grit"],"picked":"Dropkick","floor":5.0},{"not_picked":["Feel No Pain","Seeing Red"],"picked":"Offering","floor":10.0},{"not_picked":["Twin Strike","Rampage","Clash"],"picked":"SKIP","floor":12.0},{"not_picked":["Body Slam","Headbutt"],"picked":"True Grit","floor":13.0},{"not_picked":["Reaper","Berserk"],"picked":"Corruption","floor":16.0},{"not_picked":["Clothesline","Armaments"],"picked":"Power Through","floor":19.0}],"player_experience":1389982,"relics_obtained":[{"floor":3.0,"key":"Bag of Marbles"},{"floor":7.0,"key":"MawBank"},{"floor":9.0,"key":"Smiling Mask"},{"floor":10.0,"key":"Toy Ornithopter"}],"event_choices":[{"damage_healed":0.0,"max_hp_gain":0.0,"max_hp_loss":0.0,"gold_gain":0.0,"cards_transformed":["Strike_R"],"event_name":"Living Wall","player_choice":"Change","floor":2.0,"gold_loss":0.0,"damage_taken":0.0,"cards_obtained":["Feel No Pain"]},{"damage_healed":0.0,"max_hp_gain":0.0,"max_hp_loss":0.0,"gold_gain":0.0,"event_name":"Match and Keep!","player_choice":"0 cards matched","floor":8.0,"gold_loss":0.0,"damage_taken":0.0,"cards_obtained":[]},{"damage_healed":0.0,"max_hp_gain":0.0,"max_hp_loss":0.0,"gold_gain":0.0,"event_name":"Accursed Blacksmith","player_choice":"Forge","floor":14.0,"gold_loss":0.0,"damage_taken":0.0,"cards_upgraded":["True Grit"]},{"damage_healed":0.0,"max_hp_gain":0.0,"max_hp_loss":0.0,"gold_gain":0.0,"event_name":"Ghosts","player_choice":"Ignored","floor":20.0,"gold_loss":0.0,"damage_taken":0.0},{"cards_removed":["Strike_R"],"damage_healed":0,"gold_gain":0,"player_choice":"Elegance","damage_taken":0,"max_hp_gain":0,"max_hp_loss":0,"event_name":"Back to Basics","floor":22,"gold_loss":0}],"is_beta":false,"boss_relics":[{"not_picked":["Fusion Hammer","Tiny House"],"picked":"Sozu"}],"items_purged_floors":[24],"is_endless":false,"potions_floor_spawned":[1,5,10,13,16,19],"killed_by":"Book of Stabbing","ascension_level":20}}