{"host":"yuszibwt7ywydn37","time":1613205797,"event":{"mods":["2.2 Compatiblity","AchievementEnabler","BaseMod","Bestiary","Better Note","Colored Map","Colored Powertips","Curses Come First","DeckTracker","Highlight Path","Minty Spire (QoL Compilation)","Rare Cards Sparkle","Relic Sorter","Relic Stats","Slay-I","StSLib","Synergy Search"],"gold_per_floor":[209,222,239,254,254,274,14,33,58,58,58,90,90,101,101,206,206,225,6,6,23,43,78,78,78,123,138,138,138,13,32,32,130,130,144,156,167,184,184,184,210,221,221,72,72,86,103,103,103,103,103,103,77,112,112,112],"floor_reached":55,"language":"ENG","playtime":4112,"items_purged":["Defend_G","Defend_G","Defend_G"],"score":723,"play_id":"e322a34f-4228-45b0-b7cb-2eb8813cdab7","local_time":"20210213194317","is_ascension_mode":false,"campfire_choices":[{"floor":11,"key":"REST"},{"data":"Footwork","floor":15,"key":"SMITH"},{"data":"Finesse","floor":24,"key":"SMITH"},{"floor":29,"key":"REST"},{"data":"Backflip","floor":32,"key":"SMITH"},{"data":"Tactician","floor":40,"key":"SMITH"},{"data":"Prepared","floor":45,"key":"SMITH"},{"floor":49,"key":"RECALL"},{"data":"Cloak And Dagger","floor":52,"key":"SMITH"}],"circlet_count":0,"master_deck":["Strike_G+1","Strike_G","Strike_G","Strike_G","Defend_G+1","Survivor","Neutralize+1","Backflip+1","Backflip","Dagger Throw","Backflip+1","Backflip","Panache+1","Footwork+1","Dagger Throw","Dagger Throw","Finesse+1","Quick Slash","Acrobatics+1","Backflip+1","Prepared","Tools of the Trade","Prepared+1","Tactician+1","Parasite","Cloak And Dagger+1","Well Laid Plans+1","Cloak And Dagger+1","Quick Slash","Dash"],"relics":["Ring of the Snake","Whetstone","Snake Skull","Sozu","Vajra","War Paint","Philosopher\u0027s Stone","Anchor","Oddly Smooth Stone","Thread and Needle"],"acts_visited":["TheCity","TheBeyond","TheEnding"],"potions_floor_usage":[8,8,22,50],"damage_taken":[{"damage":4,"enemies":"Jaw Worm","floor":1,"turns":5},{"damage":1,"enemies":"Cultist","floor":2,"turns":5},{"damage":0,"enemies":"Small Slimes","floor":3,"turns":4},{"damage":3,"enemies":"2 Fungi Beasts","floor":4,"turns":5},{"damage":4,"enemies":"3 Louse","floor":6,"turns":4},{"damage":5,"enemies":"Exordium Thugs","floor":8,"turns":8},{"damage":10,"enemies":"3 Sentries","floor":12,"turns":11},{"damage":1,"enemies":"Large Slime","floor":14,"turns":6},{"damage":22,"enemies":"The Guardian","floor":16,"turns":19},{"damage":0,"enemies":"Shell Parasite","floor":18,"turns":6},{"damage":0,"enemies":"Chosen","floor":21,"turns":3},{"damage":12,"enemies":"Snecko","floor":22,"turns":5},{"damage":18,"enemies":"Gremlin Leader","floor":23,"turns":7},{"damage":12,"enemies":"Centurion and Healer","floor":27,"turns":6},{"damage":0,"enemies":"Chosen and Byrds","floor":31,"turns":5},{"damage":13,"enemies":"Collector","floor":33,"turns":10},{"damage":0,"enemies":"Orb Walker","floor":35,"turns":3},{"damage":0,"enemies":"3 Shapes","floor":36,"turns":3},{"damage":0,"enemies":"Maw","floor":37,"turns":8},{"damage":4,"enemies":"Writhing Mass","floor":38,"turns":6},{"damage":0,"enemies":"Giant Head","floor":41,"turns":7},{"damage":0,"enemies":"Spire Growth","floor":42,"turns":4},{"damage":0,"enemies":"3 Darklings","floor":46,"turns":4},{"damage":0,"enemies":"Jaw Worm Horde","floor":47,"turns":4},{"damage":41,"enemies":"Time Eater","floor":50,"turns":16},{"damage":31,"enemies":"Shield and Spear","floor":54,"turns":8},{"damage":46,"enemies":"The Heart","floor":55,"turns":2}],"seed_played":"3392037447700654461","potions_obtained":[{"floor":4,"key":"Weak Potion"},{"floor":6,"key":"CunningPotion"},{"floor":8,"key":"Swift Potion"},{"floor":16,"key":"DuplicationPotion"}],"is_trial":false,"path_per_floor":["M","M","M","M","?","M","$","M","T","?","R","E","?","M","R","B",null,"M","$","?","M","M","E","R","?","T","M","?","R","$","M","R","B",null,"M","M","M","M","?","R","E","M","T","$","R","M","M","$","R","B",null,"R","$","E","B"],"character_chosen":"THE_SILENT","items_purchased":["Panache","Dagger Throw","Finesse","Oddly Smooth Stone","Quick Slash"],"campfire_rested":2,"item_purchase_floors":[7,19,19,44,53],"current_hp_per_floor":[66,65,65,62,62,58,58,53,53,39,60,50,55,54,54,32,75,75,75,75,75,63,45,45,45,45,33,33,55,55,55,55,42,75,75,75,75,71,71,71,71,71,71,71,71,71,71,71,71,30,75,75,75,44,0,0],"gold":112,"neow_bonus":"HUNDRED_GOLD","is_daily":false,"chose_seed":false,"campfire_upgraded":6,"win_rate":0.0,"timestamp":1613205797,"path_taken":["M","M","M","M","?","M","$","?","T","?","R","E","?","M","R","BOSS","M","$","?","M","M","E","R","?","T","M","?","R","?","M","R","BOSS","M","M","M","M","?","R","E","M","T","$","R","M","M","$","R","BOSS","R","$","E","BOSS"],"items_purchased_type":["Card","Card","Card","Relic","Card"],"build_version":"2020-12-22","purchased_purges":3,"victory":false,"max_hp_per_floor":[70,70,70,70,70,70,70,70,70,70,70,70,75,75,75,75,75,75,75,75,75,75,75,75,75,75,75,75,75,75,75,75,75,75,75,75,75,75,75,75,75,75,75,75,75,75,75,75,75,75,75,75,75,75,75,75],"relic_stats":{"Sozu":8,"counters":[27,174],"Snake Skull":[0],"Whetstone":["Neutralize","Strike_G"],"War Paint":["Backflip","Backflip"],"obtain_stats":[{"Sozu":17,"Anchor":41,"Vajra":23,"Oddly Smooth Stone":44,"Philosopher\u0027s Stone":34,"Thread and Needle":54,"Snake Skull":12,"Whetstone":9,"War Paint":26,"Ring of the Snake":0},{"Sozu":9,"Anchor":21,"Vajra":13,"Oddly Smooth Stone":22,"Philosopher\u0027s Stone":16,"Thread and Needle":26,"Snake Skull":7,"Whetstone":6,"War Paint":13,"Ring of the Snake":0},{"Sozu":67,"Anchor":136,"Vajra":88,"Oddly Smooth Stone":140,"Philosopher\u0027s Stone":109,"Thread and Needle":172,"Snake Skull":42,"Whetstone":31,"War Paint":88,"Ring of the Snake":0}],"Ring of the Snake":[54]},"card_choices":[{"not_picked":["Slice","Reflex"],"picked":"Backflip","floor":1},{"not_picked":["Leg Sweep","Slice"],"picked":"Backflip","floor":2},{"not_picked":["Bane","Bouncing Flask"],"picked":"Dagger Throw","floor":3},{"not_picked":["Flying Knee","Quick Slash"],"picked":"Backflip","floor":4},{"not_picked":["Expertise","Noxious Fumes"],"picked":"Backflip","floor":6},{"not_picked":["Prepared","Tactician"],"picked":"Footwork","floor":8},{"not_picked":["All Out Attack","Dash"],"picked":"Dagger Throw","floor":12},{"not_picked":["Setup","Flying Knee","Predator"],"picked":"SKIP","floor":14},{"not_picked":["Dash+1","Bouncing Flask","Quick Slash"],"picked":"SKIP","floor":18},{"not_picked":["PiercingWail","Outmaneuver+1"],"picked":"Quick Slash","floor":21},{"not_picked":["Slice","Poisoned Stab"],"picked":"Acrobatics+1","floor":22},{"not_picked":["Deadly Poison","Corpse Explosion"],"picked":"Backflip","floor":23},{"not_picked":["Dagger Throw","Backflip"],"picked":"Prepared","floor":27},{"not_picked":["Dodge and Roll+1","Accuracy","Sucker Punch"],"picked":"SKIP","floor":31},{"not_picked":["Envenom","Burst"],"picked":"Tools of the Trade","floor":33},{"not_picked":["Dagger Spray+1","Reflex"],"picked":"Prepared","floor":35},{"not_picked":["Dagger Throw","Underhanded Strike+1","Accuracy"],"picked":"SKIP","floor":36},{"not_picked":["Deadly Poison","Well Laid Plans"],"picked":"Tactician","floor":37},{"not_picked":["Quick Slash+1","Flechettes+1","Choke+1"],"picked":"SKIP","floor":38},{"not_picked":["Flying Knee+1","Calculated Gamble"],"picked":"Cloak And Dagger","floor":41},{"not_picked":["Cloak And Dagger","Expertise+1"],"picked":"Well Laid Plans+1","floor":42},{"not_picked":["Quick Slash","Dagger Spray","All Out Attack+1"],"picked":"SKIP","floor":46},{"not_picked":["Prepared","Outmaneuver"],"picked":"Cloak And Dagger+1","floor":47},{"not_picked":["Corpse Explosion","Doppelganger"],"picked":"Dash","floor":54}],"player_experience":122010,"relics_obtained":[{"floor":9,"key":"Whetstone"},{"floor":12,"key":"Snake Skull"},{"floor":23,"key":"Vajra"},{"floor":26,"key":"War Paint"},{"floor":41,"key":"Anchor"},{"floor":54,"key":"Thread and Needle"}],"event_choices":[{"cards_removed":["Defend_G"],"damage_healed":0,"gold_gain":0,"player_choice":"Offered Basic","damage_taken":0,"max_hp_gain":0,"max_hp_loss":0,"event_name":"Bonfire Elementals","floor":5,"gold_loss":0},{"damage_healed":0,"gold_gain":0,"player_choice":"Entered Light","damage_taken":14,"max_hp_gain":0,"max_hp_loss":0,"event_name":"Shining Light","floor":10,"gold_loss":0,"cards_upgraded":["Panache","Defend_G"]},{"damage_healed":0,"gold_gain":0,"player_choice":"Donut","damage_taken":0,"max_hp_gain":5,"max_hp_loss":0,"event_name":"Big Fish","floor":13,"gold_loss":0},{"damage_healed":0,"gold_gain":0,"player_choice":"Ignored","damage_taken":0,"max_hp_gain":0,"max_hp_loss":0,"event_name":"betterNote:BetterNote","floor":20,"gold_loss":0,"cards_obtained":["Defend_B"]},{"damage_healed":0,"gold_gain":0,"player_choice":"Ignored","damage_taken":0,"max_hp_gain":0,"max_hp_loss":0,"event_name":"Vampires","floor":25,"gold_loss":0},{"cards_removed":["Strike_G"],"damage_healed":0,"gold_gain":0,"player_choice":"Elegance","damage_taken":0,"max_hp_gain":0,"max_hp_loss":0,"event_name":"Back to Basics","floor":28,"gold_loss":0},{"damage_healed":0,"gold_gain":0,"player_choice":"Ignored","damage_taken":0,"max_hp_gain":0,"max_hp_loss":0,"event_name":"Tomb of Lord Red Mask","floor":39,"gold_loss":0}],"is_beta":false,"boss_relics":[{"not_picked":["Empty Cage","Busted Crown"],"picked":"Sozu"},{"not_picked":["Astrolabe","Snecko Eye"],"picked":"Philosopher\u0027s Stone"}],"items_purged_floors":[7,19,30],"is_endless":false,"potions_floor_spawned":[4,6,8,16,18,27,31,33,36,38,42,47],"killed_by":"The Heart","ascension_level":0}}