{"host":"zxxo33bmnyuz0c2o","time":1613191899,"event":{"mods":["2.2 Compatiblity","ATMod(阿瑾Mod)","AlwaysNeverKeys","Aspiration","Astrologer","Bard","BaseMod","Beaked The Cultist","Bestiary","Better Altar","Better Match","Better Sensory Stone","Better Skull","Better Vampires","BetterRewards","Block Reminder","Card Forge","Chen","Colored Map","Colored Powertips","Conspire","Curses Come First","Decade(王小明)","DeckTracker","Dio Mod","Duelist Mod","GifTheSpireLib","Glutton Mod","Gremlin Mod","GungeonMod","Halation","Hermit","Hero for Fun","Highlight Path","HornydragonMod","Hubris","Jorbs\u0027s Wanderer Trilogy","KinomotoSakuraMod(木之本?)","LagranYue(拉格朗·月)","Lobotomy","LobotomyExtend","Luminous","Mad Scientist","Marisa（霧雨　魔理沙）","Mimic Mod","Minty Spire (QoL Compilation)","Permanent Neow","Potionbrewer","Prisma Mod","Quick Restart","Random Character Button","Rare Cards Sparkle","Reimu（博???）","Relic Sorter","Relic Stats","Remilia（蕾米莉?）","Replay The Spire","Reworked Bosses","Robot Space Explorer","RumiaBox-露米?的神秘盒子","SOS（斯巴?之子）","Shade Mod","Shop Mod","Spicy Shops","Spikes Relics","StSLib","SuperFastMode","Td1madao Mod","The Administrix","The Animator","The Blackbeard","The Bladedancer","The Bug Knight","The Clintock","The Construct","The Cursed","The Death Knight","The Disciple","The Dragon Tamer","The Druid","The Exalted","The Forsaken","The Gatherer","The Hayseed","The Hierophant","The Marked","The Mystic","The Necromancer","The Poker Player","The Problem Sleuth","The Runesmith","The Saiyan","The Senshi","The Servant 0.9.4","The Spell Scribe","The Vixen","The Wild Card","TheBandit","TheFirefly","Unknown Chances","Waifu the Spire","WarShipGirlsR/??少女R mod","Yakumo Yukari mod","Youmu（魂魄妖?）","Yuri Mod","Yuyuko","【?物卡牌】REMEMod"],"gold_per_floor":[113,113,113,38,38,68,68,78,149,149,165,177,177,194,194,298,298,313,27,27,27,27],"floor_reached":21,"language":"ZHT","playtime":838,"items_purged":["Injury","TheSimpletonMod:Frostbite"],"score":227,"play_id":"9ee9f3e6-89a4-4588-a70e-db6d36177453","local_time":"20210213125139","is_ascension_mode":false,"campfire_choices":[{"data":"rmod:expeditionaryescort","floor":7.0,"key":"SMITH"},{"data":"rmod:tearstotiara","floor":10.0,"key":"SMITH"},{"data":"rmod:selfconfidence","floor":13.0,"key":"SMITH"},{"data":"rmod:basicallowance","floor":15.0,"key":"SMITH"}],"circlet_count":0,"master_deck":["rmod:strick","rmod:strick","rmod:strick","rmod:strick","rmod:defend","rmod:defend","rmod:defend","rmod:defend","rmod:basicallowance+1","rmod:maingunfire","rmod:expeditionaryescort+1","rmod:victimresponsibility","theWildCard:Michael","rmod:guardianhero","rmod:tearstotiara+1","rmod:selfconfidence+1","TheSimpletonMod:Spoilage","rmod:firesupport","rmod:diamondstrike","rmod:unsinkable","rmod:expedition","rmod:fuelsupply"],"relics":["rmod:firstchargereward","Hammer of Thor","Seething Fire","Anvil of the Gods","AT_ATBox","REME_ComplimentaryCards","LagranYue:RandomDrawCardRelic","AddBug","SecretRecord","Baka","SecretRecord","SecretRecord"],"acts_visited":["Exordium","TheCity"],"potions_floor_usage":[],"damage_taken":[{"damage":0.0,"enemies":"Cultist","floor":1.0,"turns":3.0},{"damage":15.0,"enemies":"Lagavulin","floor":6.0,"turns":5.0},{"damage":0.0,"enemies":"Small Slimes","floor":8.0,"turns":3.0},{"damage":0.0,"enemies":"2 Louse","floor":11.0,"turns":2.0},{"damage":9.0,"enemies":"Exordium Thugs","floor":12.0,"turns":3.0},{"damage":0.0,"enemies":"Looter","floor":14.0,"turns":2.0},{"damage":0.0,"enemies":"Slime Boss","floor":16.0,"turns":3.0},{"damage":0.0,"enemies":"2 Thieves","floor":18.0,"turns":1.0},{"damage":15,"enemies":"Snecko","floor":21,"turns":4}],"seed_played":"-6630059629888769949","potions_obtained":[{"floor":1.0,"key":"PowerPotion"},{"floor":12.0,"key":"BlessingOfTheForge"},{"floor":14.0,"key":"potionbrewer:InfectionPotion"}],"is_trial":false,"path_per_floor":["M","?","?","$","?","E","R","M","T","R","M","M","R","M","R","B",null,"M","$","?","M"],"character_chosen":"PRAEFECT","items_purchased":["rmod:expedition","aspiration:Lifesprig"],"campfire_rested":0,"item_purchase_floors":[19,19],"current_hp_per_floor":[75,75,75,75,75,45,45,45,45,45,45,36,36,36,36,36,83,83,83,83,68,68],"gold":27,"neow_bonus":"ONE_RANDOM_RARE_CARD","is_daily":false,"chose_seed":false,"campfire_upgraded":4,"win_rate":0.0,"timestamp":1613191899,"path_taken":["M","?","?","$","?","E","R","M","T","R","M","M","R","M","R","BOSS","M","?","?","M"],"items_purchased_type":["Card","Relic"],"build_version":"2020-12-22","purchased_purges":2,"victory":false,"max_hp_per_floor":[75,75,75,75,75,83,83,83,83,83,83,83,83,83,83,83,83,83,83,83,83,83],"relic_stats":{"counters":[9,26],"obtain_stats":[{"AT_ATBox":0,"LagranYue:RandomDrawCardRelic":0,"Anvil of the Gods":0,"Hammer of Thor":0,"DemoMod:GlassGuonStoneRelic":1,"AddBug":1,"SecretRecord":1,"rmod:firstchargereward":0,"Baka":1,"Seething Fire":0,"REME_ComplimentaryCards":0},{"AT_ATBox":0,"LagranYue:RandomDrawCardRelic":0,"Anvil of the Gods":0,"Hammer of Thor":0,"DemoMod:GlassGuonStoneRelic":1,"AddBug":1,"SecretRecord":1,"rmod:firstchargereward":0,"Baka":1,"Seething Fire":0,"REME_ComplimentaryCards":0},{"AT_ATBox":0,"LagranYue:RandomDrawCardRelic":0,"Anvil of the Gods":0,"Hammer of Thor":0,"DemoMod:GlassGuonStoneRelic":3,"AddBug":3,"SecretRecord":3,"rmod:firstchargereward":0,"Baka":3,"Seething Fire":0,"REME_ComplimentaryCards":0}]},"card_choices":[{"not_picked":["rmod:advancebysurprise","rmod:intelligenceanalysis"],"picked":"rmod:victimresponsibility","floor":1.0},{"not_picked":["rmod:goodfighter","rmod:lonelyqueen"],"picked":"rmod:guardianhero","floor":6.0},{"not_picked":["rmod:punchline","rmod:wolves"],"picked":"rmod:tearstotiara","floor":8.0},{"not_picked":["rmod:circuitoustactics","rmod:expedition"],"picked":"rmod:selfconfidence","floor":11.0},{"not_picked":["rmod:unsinkable","rmod:fletcherpendant"],"picked":"rmod:firesupport","floor":12.0},{"not_picked":["rmod:aluminumsupply","rmod:aviationdawn"],"picked":"rmod:diamondstrike","floor":14.0},{"not_picked":["rmod:aviationdawn+1","rmod:intelligenceanalysis"],"picked":"rmod:unsinkable","floor":18.0},{"not_picked":[],"picked":"rmod:fuelsupply","floor":20.0}],"player_experience":36636,"relics_obtained":[{"floor":1.0,"key":"AddBug"},{"floor":1.0,"key":"Baka"},{"floor":1.0,"key":"LetterFromLob"},{"floor":6.0,"key":"halation:Toothbrush"},{"floor":6.0,"key":"LetterFromLob"},{"floor":8.0,"key":"LetterFromLob"},{"floor":9.0,"key":"Ornamental Fan"},{"floor":11.0,"key":"LetterFromLob"},{"floor":12.0,"key":"SecretRecord"},{"floor":12.0,"key":"LetterFromLob"},{"floor":14.0,"key":"LetterFromLob"},{"floor":16.0,"key":"LetterFromLob"},{"floor":18.0,"key":"SecretRecord"},{"floor":18.0,"key":"LetterFromLob"}],"event_choices":[{"damage_healed":0.0,"max_hp_gain":0.0,"max_hp_loss":0.0,"gold_gain":0.0,"event_name":"Golden Idol","player_choice":"Take Wound","floor":2.0,"gold_loss":0.0,"damage_taken":0.0,"relics_obtained":["Golden Idol"],"cards_obtained":["Injury"]},{"damage_healed":0.0,"max_hp_gain":0.0,"max_hp_loss":0.0,"gold_gain":0.0,"event_name":"NoteForYourself","player_choice":"Ignored","floor":5.0,"gold_loss":0.0,"damage_taken":0.0}],"is_beta":false,"boss_relics":[{"not_picked":["Calling Bell","halation:SmartPhone","Kintsugi"]}],"items_purged_floors":[4,19],"is_endless":false,"potions_floor_spawned":[1,12,14],"killed_by":"Snecko","ascension_level":0}}