{"host":"l7ku00cw7dmofayg","time":1613254849,"event":{"mods":["ATMod(°¢èªMod)","BaseMod","Dota2Spire","Marisa£¨ìFÓê¡¡Ä§ÀíÉ³£©","Minty Spire (QoL Compilation)","StSLib","The Invoker Mod"],"gold_per_floor":[118,43,218,237,300,329,329,359,359,375,404,423,270,45,45,150,150,162,89,14,25,25,79,79,104,104,194,13,32,32,32,32,131,131,157,180,180,180,180,258,258,292,292,17,17,17,37,188,188,188],"floor_reached":51,"language":"ZHS","playtime":1511,"items_purged":["Defend_MRS","Doubt","Defend_MRS"],"score":1380,"play_id":"85106492-3016-43b8-a757-ad41ee004559","local_time":"20210214062049","is_ascension_mode":true,"campfire_choices":[{"data":"AT_ArcaneSupremacy","floor":7,"key":"SMITH"},{"floor":15,"key":"REST"},{"data":"ManaRampage","floor":30,"key":"SMITH"},{"data":"ManaRampage","floor":32,"key":"SMITH"},{"data":"AT_FalsePromise","floor":41,"key":"SMITH"},{"data":"MagicChant","floor":46,"key":"SMITH"},{"data":"BlazeAway","floor":49,"key":"SMITH"}],"circlet_count":0,"master_deck":["Strike_MRS","Strike_MRS","Strike_MRS","Defend_MRS","Defend_MRS","UpSweep","AT_ArcaneSupremacy+1","AsteroidBelt","GrandCross","PulseMagic","ManaRampage+1","PulseMagic","BlazeAway+1","Acceleration","SuperPerseids","ManaRampage+1","Robbery","WitchOfGreed","NonDirectionalLaser+1","MagicChant+1","OortCloud","StarDustReverie","IllusionStar+1","AT_FalsePromise+1","WitchOfGreed","Parasite","Parasite","PropBag+1","GravityBeat","BlazeAway+1"],"relics":["MiniHakkero","AT_ATBox","NeowsBlessing","Torii","Nunchaku","Dota2Spire:Satanic","Shuriken","Dota2Spire:Vanguard","AT_TrinityForce","AT_BellowingDragoncrestRing","BreadOfAWashokuLover","AT_GuinsooRageblade","Dota2Spire:DrumOfEndurance","Dota2Spire:MagicBottle","Dota2Spire:RefresherOrb","AT_BellDemon","Dota2Spire:OctarineCore","Ornamental Fan","ShroomBag","Calipers","AT_TimeSand","AT_RedTearstoneRing","Pen Nib","Dota2Spire:MonkeyKingBar"],"acts_visited":["Exordium","TheCity","TheBeyond"],"potions_floor_usage":[8,27,27,35],"damage_taken":[{"damage":0,"enemies":"Small Slimes","floor":1,"turns":1},{"damage":0,"enemies":"Jaw Worm","floor":4,"turns":1},{"damage":0,"enemies":"Gremlin Nob","floor":6,"turns":1},{"damage":21,"enemies":"3 Sentries","floor":8,"turns":10},{"damage":0,"enemies":"2 Louse","floor":10,"turns":1},{"damage":28,"enemies":"Gremlin Nob","floor":11,"turns":5},{"damage":0,"enemies":"Exordium Wildlife","floor":12,"turns":4},{"damage":0,"enemies":"Slime Boss","floor":16,"turns":3},{"damage":0,"enemies":"Spheric Guardian","floor":18,"turns":1},{"damage":12,"enemies":"Chosen","floor":21,"turns":3},{"damage":14,"enemies":"Book of Stabbing","floor":23,"turns":2},{"damage":0,"enemies":"Gremlin Leader","floor":25,"turns":1},{"damage":0,"enemies":"3 Cultists","floor":27,"turns":2},{"damage":0,"enemies":"Centurion and Healer","floor":29,"turns":1},{"damage":9,"enemies":"Automaton","floor":33,"turns":3},{"damage":16,"enemies":"3 Shapes","floor":35,"turns":2},{"damage":26,"enemies":"Giant Head","floor":40,"turns":3},{"damage":0,"enemies":"Nemesis","floor":42,"turns":1},{"damage":0,"enemies":"3 Darklings","floor":47,"turns":1},{"damage":0,"enemies":"Maw","floor":48,"turns":3},{"damage":0,"enemies":"Donu and Deca","floor":50,"turns":2}],"seed_played":"7588730956763498799","potions_obtained":[{"floor":6,"key":"Ancient Potion"},{"floor":11,"key":"DistilledChaos"},{"floor":16,"key":"Block Potion"},{"floor":23,"key":"Dota2Spire:HealingSalve"},{"floor":27,"key":"FairyPotion"},{"floor":27,"key":"Energy Potion"},{"floor":29,"key":"EntropicBrew"},{"floor":33,"key":"SkillPotion"},{"floor":35,"key":"BottledSpark"},{"floor":40,"key":"Explosive Potion"},{"floor":40,"key":"Dexterity Potion"}],"is_trial":false,"path_per_floor":["M","$","?","M","?","E","R","E","T","M","E","M","$","$","R","B",null,"M","$","?","M","$","E","?","E","T","M","$","M","R","?","R","B",null,"M","T","?","?","?","E","R","E","T","$","?","R","M","M","R","B",null],"character_chosen":"MARISA","items_purchased":["Acceleration","Dota2Spire:Vanguard","SuperPerseids","Robbery","Dota2Spire:DrumOfEndurance","MagicChant","AT_RedTearstoneRing"],"campfire_rested":1,"item_purchase_floors":[13,14,14,19,28,28,44],"current_hp_per_floor":[68,68,68,68,68,68,68,47,47,47,30,30,30,30,52,52,69,69,69,69,57,57,43,29,80,80,80,80,80,80,80,80,71,78,62,62,62,62,62,36,36,36,36,36,36,36,48,51,51,51],"gold":188,"neow_bonus":"THREE_ENEMY_KILL","is_daily":false,"chose_seed":false,"campfire_upgraded":6,"win_rate":0.0,"timestamp":1613254849,"path_taken":["M","$","?","M","?","E","R","E","T","M","E","M","?","$","R","BOSS","M","$","?","M","?","E","?","E","T","M","$","?","R","?","R","BOSS","M","?","?","?","?","E","R","E","T","$","?","R","M","M","R","BOSS"],"items_purchased_type":["Card","Relic","Card","Card","Relic","Card","Relic"],"build_version":"2020-12-22","purchased_purges":3,"victory":true,"max_hp_per_floor":[75,75,75,75,75,75,75,75,75,75,75,75,75,75,75,75,75,75,75,75,75,75,75,80,80,80,80,80,80,80,80,80,80,80,80,80,80,80,80,80,80,80,80,80,80,80,80,80,80,80],"card_choices":[{"not_picked":["DragonMeteor","MilkyWay"],"picked":"AsteroidBelt","floor":1},{"not_picked":["PowerUp","RefractionSpark"],"picked":"GrandCross","floor":4},{"not_picked":["PowerUp","MachineGunSpark"],"picked":"PulseMagic","floor":6},{"not_picked":["MeteoricShower","StarlightTyphoon"],"picked":"ManaRampage","floor":8},{"not_picked":["UnstableBomb","PowerUp"],"picked":"AsteroidBelt","floor":10},{"not_picked":["OrrerysSun","GravityBeat"],"picked":"PulseMagic","floor":11},{"not_picked":["MilkyWay","ShootTheMoon"],"picked":"BlazeAway","floor":12},{"not_picked":["StarDustReverie","SatelliteIllusion"],"picked":"ManaRampage","floor":16},{"not_picked":["OneTimeOff","EnergyRecoil","OpenUniverse+1"],"picked":"SKIP","floor":18},{"not_picked":["WitchLeyline+1","PowerUp","StarBarrage"],"picked":"SKIP","floor":21},{"not_picked":["GrandCross+1","OrrerysSun","MachineGunSpark+1"],"picked":"SKIP","floor":23},{"not_picked":["ShootingEcho","SprinkleStarSeal+1"],"picked":"WitchOfGreed","floor":25},{"not_picked":["AsteroidBelt","GrandCross+1"],"picked":"NonDirectionalLaser+1","floor":27},{"not_picked":["IllusionStar","MilkyWay+1"],"picked":"OortCloud","floor":29},{"not_picked":["BlazingStar","AbsoluteMagnitude"],"picked":"StarDustReverie","floor":33},{"not_picked":["MysteriousBeam","SporeBomb"],"picked":"IllusionStar+1","floor":35},{"not_picked":["Bandage Up","HandOfGreed"],"picked":"AT_FalsePromise","floor":39},{"not_picked":["ManaConvection+1","EnergyFlow+1"],"picked":"WitchOfGreed","floor":40},{"not_picked":["GravityBeat","OpenUniverse"],"picked":"PropBag+1","floor":42},{"not_picked":["Occultation","GrandCross"],"picked":"GravityBeat","floor":47},{"not_picked":["OortCloud+1","ShootingEcho+1"],"picked":"BlazeAway+1","floor":48}],"player_experience":43256,"relics_obtained":[{"floor":6,"key":"Torii"},{"floor":8,"key":"Nunchaku"},{"floor":9,"key":"Dota2Spire:Satanic"},{"floor":11,"key":"Shuriken"},{"floor":23,"key":"AT_BellowingDragoncrestRing"},{"floor":25,"key":"BreadOfAWashokuLover"},{"floor":26,"key":"AT_GuinsooRageblade"},{"floor":36,"key":"AT_BellDemon"},{"floor":40,"key":"Dota2Spire:OctarineCore"},{"floor":40,"key":"Ornamental Fan"},{"floor":42,"key":"ShroomBag"},{"floor":42,"key":"Calipers"},{"floor":43,"key":"AT_TimeSand"},{"floor":47,"key":"Pen Nib"},{"floor":48,"key":"Dota2Spire:MonkeyKingBar"}],"event_choices":[{"damage_healed":0,"gold_gain":175,"player_choice":"AGREE","damage_taken":0,"max_hp_gain":0,"max_hp_loss":0,"event_name":"Liars Game","floor":3,"gold_loss":0,"cards_obtained":["Doubt"]},{"damage_healed":0,"gold_gain":63,"player_choice":"Gained Gold","damage_taken":0,"max_hp_gain":0,"max_hp_loss":0,"event_name":"Golden Wing","floor":5,"gold_loss":0},{"cards_removed":["Strike_MRS"],"damage_healed":0,"gold_gain":0,"player_choice":"Gave Gold","damage_taken":0,"max_hp_gain":0,"max_hp_loss":0,"event_name":"Beggar","floor":20,"gold_loss":75},{"damage_healed":0,"gold_gain":0,"player_choice":"Shed Blood","damage_taken":19,"max_hp_gain":5,"max_hp_loss":0,"event_name":"Forgotten Altar","floor":24,"gold_loss":0},{"cards_removed":["AsteroidBelt"],"damage_healed":0,"gold_gain":0,"player_choice":"Gave Card","damage_taken":0,"relics_obtained":["Dota2Spire:MagicBottle"],"max_hp_gain":0,"max_hp_loss":0,"event_name":"WeMeetAgain","floor":31,"gold_loss":0},{"damage_healed":0,"gold_gain":0,"player_choice":"Ignored","damage_taken":0,"max_hp_gain":0,"max_hp_loss":0,"event_name":"Tomb of Lord Red Mask","floor":37,"gold_loss":0},{"cards_removed":["MasterSpark"],"damage_healed":0,"gold_gain":0,"player_choice":"Removed Attack","damage_taken":0,"max_hp_gain":0,"max_hp_loss":0,"event_name":"Falling","floor":38,"gold_loss":0},{"damage_healed":0,"gold_gain":0,"player_choice":"Memory 1","damage_taken":0,"max_hp_gain":0,"max_hp_loss":0,"event_name":"SensoryStone","floor":39,"gold_loss":0},{"damage_healed":0,"gold_gain":0,"player_choice":"0 cards matched","damage_taken":0,"max_hp_gain":0,"max_hp_loss":0,"event_name":"Match and Keep!","floor":45,"gold_loss":0,"cards_obtained":[]}],"is_beta":false,"boss_relics":[{"not_picked":["Empty Cage","Cursed Key"],"picked":"AT_TrinityForce"},{"not_picked":["Black Star","Calling Bell"],"picked":"Dota2Spire:RefresherOrb"}],"items_purged_floors":[2,13,44],"is_endless":false,"potions_floor_spawned":[6,11,16,23,27,29,33,40,47],"ascension_level":8}}