{"host":"bbld1ic1uj90ldt9","time":1613240583,"event":{"mods":["2.2 Compatiblity","AchievementEnabler","Act Like it!","BaseMod","Better Third Choice","Conspire","Downfall","Emptier Cage","Gensokyo","Hallownest","Hermit","Highlight Path","Hubris","Marisa????????","Minty Spire (QoL Compilation)","Random Character Button","Replay The Spire","StSLib","The Animator","The Bug Knight","The Cursed","The Disciple","The Hierophant","The Jungle","The Runesmith","The Servant 0.9.4"],"gold_per_floor":[111,130,146,146,250,250,250],"floor_reached":6,"language":"FRA","playtime":466,"items_purged":[],"score":54,"play_id":"c2d22bee-1ba6-442a-ac21-99fd998ef368","local_time":"20210213192303","is_ascension_mode":true,"campfire_choices":[],"circlet_count":0,"master_deck":["AscendersBane","Strike_R","Strike_R","Strike_R+1","Strike_R+1","Strike_R","Defend_R","Defend_R","Defend_R","Defend_R","Bash","Armaments","Dual Wield","Dropkick","True Grit","Shrug It Off","Armaments"],"relics":["Burning Blood"],"acts_visited":["Hallownest:Greenpath"],"potions_floor_usage":[6],"damage_taken":[{"damage":12,"enemies":"Hallownest:monsterHuskGuard","floor":1,"turns":5},{"damage":17,"enemies":"Hallownest:monsterHuskWarrior","floor":2,"turns":5},{"damage":3,"enemies":"Hallownest:2_MossCreeps","floor":3,"turns":9},{"damage":42,"enemies":"Hallownest:eliteCrystalGuardian","floor":6,"turns":11}],"seed_played":"6054179016434918249","potions_obtained":[{"floor":2,"key":"Venom Potion"}],"is_trial":false,"path_per_floor":["M","M","M","?","?","E"],"character_chosen":"IRONCLAD","items_purchased":[],"campfire_rested":0,"item_purchase_floors":[],"current_hp_per_floor":[74,63,66,66,31,0,0],"gold":250,"neow_bonus":"TEN_PERCENT_HP_BONUS","is_daily":false,"chose_seed":false,"campfire_upgraded":0,"win_rate":0.0,"timestamp":1613240583,"path_taken":["M","M","M","?","?","E"],"items_purchased_type":[],"build_version":"2020-12-22","purchased_purges":0,"victory":false,"max_hp_per_floor":[88,88,88,88,88,88,88],"card_choices":[{"not_picked":["Replay:Undeath\u0027s Touch","Clash"],"picked":"Armaments","floor":1},{"not_picked":["Clothesline","Twin Strike"],"picked":"Dual Wield","floor":2},{"not_picked":["Anger","Clothesline"],"picked":"Dropkick","floor":3},{"not_picked":["Rage","Ghostly Armor"],"picked":"True Grit","floor":5},{"not_picked":["Defy Death","Exhume"],"picked":"Shrug It Off","floor":5},{"not_picked":["Searing Blow","Headbutt"],"picked":"Armaments","floor":5}],"player_experience":2302587,"relics_obtained":[],"event_choices":[],"is_beta":false,"boss_relics":[],"items_purged_floors":[],"is_endless":false,"potions_floor_spawned":[2],"killed_by":"Hallownest:eliteCrystalGuardian","ascension_level":10}}