{"host":"jpzdg3po3tjxdjri","time":1613176500,"event":{"mods":["BaseMod","Better Third Choice","Colored Map","Colored Powertips","Minty Spire (QoL Compilation)","StSLib"],"gold_per_floor":[116,116,77,42,62,96,117,117,144,144,178,201,224,244,244,367,367,392,392,28,42,58,58,93,18,18,32,157,157,175,215,215,341,341,361,384,405,420,440,481,481,521,548,560,591,603,31,51,51,51,51,51,11,46,46,46],"floor_reached":55,"language":"ENG","playtime":2021,"items_purged":["Strike_B","Strike_B"],"score":845,"play_id":"72f44285-c17d-4dee-8372-e8dc61b77a15","local_time":"20210213003500","is_ascension_mode":true,"campfire_choices":[{"data":"Zap","floor":8,"key":"SMITH"},{"floor":15,"key":"REST"},{"floor":23,"key":"REST"},{"data":"1","floor":32,"key":"LIFT"},{"data":"Loop","floor":41,"key":"SMITH"},{"floor":46,"key":"RECALL"},{"data":"Capacitor","floor":49,"key":"SMITH"},{"data":"Glacier","floor":52,"key":"SMITH"}],"circlet_count":0,"master_deck":["Strike_B","Strike_B","Defend_B","Defend_B","Defend_B","Defend_B","Zap+1","Dualcast","Loop+1","Lockon","Rebound","Rip and Tear","Ball Lightning","Ball Lightning","Coolheaded","Coolheaded","Gash","Melter","Buffer","Cold Snap","Capacitor+1","Ball Lightning","Blizzard","Conserve Battery","Conserve Battery","Leap","Gash","Stack+1","Leap","Beam Cell+1","Electrodynamics","Glacier+1","Ball Lightning+1","Lockon","Cold Snap","Gash","Force Field+1","Consume+1","BootSequence","Loop+1","FTL","Stack","White Noise+1","Loop"],"relics":["Cracked Core","Dream Catcher","Golden Idol","Blood Vial","Mercury Hourglass","Philosopher\u0027s Stone","MutagenicStrength","Cables","Letter Opener","Bottled Lightning","Girya","Eternal Feather","Kunai","SlaversCollar","Lantern","MealTicket","MawBank","Bag of Marbles","DollysMirror","Ice Cream"],"acts_visited":["Exordium","TheCity","TheBeyond","TheEnding"],"potions_floor_usage":[5,11,28,28,31,37,44,45,50,50,55],"damage_taken":[{"damage":5,"enemies":"Small Slimes","floor":1,"turns":3},{"damage":1,"enemies":"Jaw Worm","floor":5,"turns":3},{"damage":16,"enemies":"Lagavulin","floor":6,"turns":6},{"damage":1,"enemies":"2 Louse","floor":7,"turns":2},{"damage":25,"enemies":"3 Sentries","floor":11,"turns":6},{"damage":5,"enemies":"Lots of Slimes","floor":12,"turns":2},{"damage":9,"enemies":"Red Slaver","floor":13,"turns":3},{"damage":0,"enemies":"3 Louse","floor":14,"turns":3},{"damage":35,"enemies":"The Guardian","floor":16,"turns":9},{"damage":0,"enemies":"Spheric Guardian","floor":18,"turns":1},{"damage":15,"enemies":"2 Thieves","floor":21,"turns":3},{"damage":19,"enemies":"Snake Plant","floor":22,"turns":3},{"damage":42,"enemies":"Book of Stabbing","floor":24,"turns":5},{"damage":0,"enemies":"Cultist and Chosen","floor":27,"turns":5},{"damage":15,"enemies":"Colosseum Slavers","floor":28,"turns":2},{"damage":1,"enemies":"Colosseum Nobs","floor":28,"turns":3},{"damage":1,"enemies":"Centurion and Healer","floor":30,"turns":5},{"damage":14,"enemies":"Gremlin Leader","floor":31,"turns":5},{"damage":39,"enemies":"Collector","floor":33,"turns":10},{"damage":16,"enemies":"Orb Walker","floor":35,"turns":3},{"damage":0,"enemies":"3 Shapes","floor":36,"turns":3},{"damage":0,"enemies":"3 Darklings","floor":37,"turns":4},{"damage":4,"enemies":"Writhing Mass","floor":38,"turns":5},{"damage":1,"enemies":"Transient","floor":39,"turns":5},{"damage":5,"enemies":"Nemesis","floor":40,"turns":5},{"damage":45,"enemies":"Giant Head","floor":42,"turns":10},{"damage":1,"enemies":"Jaw Worm Horde","floor":44,"turns":2},{"damage":22,"enemies":"3 Darklings","floor":45,"turns":5},{"damage":19,"enemies":"Writhing Mass","floor":48,"turns":5},{"damage":40,"enemies":"Donu and Deca","floor":50,"turns":8},{"damage":63,"enemies":"Shield and Spear","floor":54,"turns":6},{"damage":20,"enemies":"The Heart","floor":55,"turns":2}],"seed_played":"773992207915482399","potions_obtained":[{"floor":5,"key":"EntropicBrew"},{"floor":11,"key":"SmokeBomb"},{"floor":28,"key":"Weak Potion"},{"floor":33,"key":"Strength Potion"},{"floor":37,"key":"Fruit Juice"},{"floor":38,"key":"Weak Potion"},{"floor":45,"key":"BlessingOfTheForge"}],"is_trial":false,"path_per_floor":["M","?","$","?","M","E","M","R","T","?","E","M","M","M","R","B",null,"M","?","$","M","M","R","E","$","T","M","?","?","M","E","R","B",null,"M","M","M","M","M","E","R","E","T","M","M","R","$","M","R","B",null,"R","$","E","B"],"character_chosen":"DEFECT","items_purchased":["Lockon","Capacitor","Ball Lightning","Cables","Bag of Marbles","DollysMirror","Ancient Potion","FTL","Stack","Loop"],"campfire_rested":2,"item_purchase_floors":[3,20,20,20,47,47,47,47,47,53],"current_hp_per_floor":[70,52,52,70,69,53,54,54,54,47,39,36,29,31,53,20,75,75,75,75,60,43,65,25,25,25,27,15,40,41,29,47,10,75,59,61,68,66,67,64,80,35,35,36,16,40,55,38,62,24,80,80,80,17,0,0],"gold":46,"neow_bonus":"RANDOM_COMMON_RELIC","is_daily":false,"chose_seed":false,"campfire_upgraded":4,"win_rate":0.0,"timestamp":1613176500,"path_taken":["M","?","$","?","M","E","M","R","T","?","E","M","M","?","R","BOSS","M","?","$","M","M","R","E","$","T","M","?","?","?","E","R","BOSS","M","M","M","?","M","E","R","E","T","M","M","R","$","M","R","BOSS","R","$","E","BOSS"],"items_purchased_type":["Card","Card","Card","Relic","Relic","Relic","Potion","Card","Card","Card"],"build_version":"2020-12-22","purchased_purges":2,"victory":false,"max_hp_per_floor":[75,75,75,75,75,75,75,75,75,75,75,75,75,75,75,75,75,75,75,75,75,75,75,75,75,75,75,75,75,75,75,75,75,75,75,75,80,80,80,80,80,80,80,80,80,80,80,80,80,80,80,80,80,80,80,80],"card_choices":[{"not_picked":["Beam Cell","Static Discharge"],"picked":"Loop","floor":1},{"not_picked":["Streamline","Skim"],"picked":"Rebound","floor":5},{"not_picked":["Steam","Force Field"],"picked":"Rip and Tear","floor":6},{"not_picked":["Go for the Eyes","Beam Cell"],"picked":"Ball Lightning","floor":7},{"not_picked":["Steam Power","Compile Driver"],"picked":"Ball Lightning","floor":11},{"not_picked":["White Noise","Go for the Eyes"],"picked":"Coolheaded","floor":12},{"not_picked":["Beam Cell","Compile Driver"],"picked":"Coolheaded","floor":13},{"not_picked":["Fusion","Steam"],"picked":"Gash","floor":14},{"not_picked":["Beam Cell","Cold Snap"],"picked":"Melter","floor":15},{"not_picked":["Meteor Strike","Amplify"],"picked":"Buffer","floor":16},{"not_picked":["Compile Driver+1","Redo"],"picked":"Cold Snap","floor":18},{"not_picked":["Hologram","Rip and Tear"],"picked":"Blizzard","floor":21},{"not_picked":["Amplify","Rebound"],"picked":"Conserve Battery","floor":22},{"not_picked":["Chill","Hologram"],"picked":"Conserve Battery","floor":23},{"not_picked":["Coolheaded","Turbo"],"picked":"Leap","floor":24},{"not_picked":["Beam Cell","Melter"],"picked":"Gash","floor":27},{"not_picked":["Rebound+1","Steam"],"picked":"Stack+1","floor":28},{"not_picked":["Meteor Strike","Conserve Battery"],"picked":"Leap","floor":30},{"not_picked":["White Noise","Heatsinks+1"],"picked":"Beam Cell+1","floor":31},{"not_picked":["Fission","Multi-Cast"],"picked":"Electrodynamics","floor":33},{"not_picked":["Beam Cell+1","Static Discharge+1"],"picked":"Glacier","floor":35},{"not_picked":["Go for the Eyes+1","Steam"],"picked":"Ball Lightning+1","floor":36},{"not_picked":["Streamline+1","Darkness+1"],"picked":"Lockon","floor":37},{"not_picked":["Rip and Tear+1","Gash"],"picked":"Cold Snap","floor":38},{"not_picked":["Steam+1","Melter+1"],"picked":"Gash","floor":39},{"not_picked":["Genetic Algorithm","Hologram"],"picked":"Force Field+1","floor":40},{"not_picked":["Sweeping Beam","Reprogram+1"],"picked":"Consume+1","floor":42},{"not_picked":["Ball Lightning","Skim"],"picked":"BootSequence","floor":45},{"not_picked":["Rainbow","Blizzard"],"picked":"White Noise+1","floor":48},{"not_picked":["Sunder+1","Hologram+1","Turbo"],"picked":"SKIP","floor":54}],"player_experience":900159,"relics_obtained":[{"floor":6,"key":"Blood Vial"},{"floor":11,"key":"Mercury Hourglass"},{"floor":24,"key":"Letter Opener"},{"floor":26,"key":"Bottled Lightning"},{"floor":28,"key":"Girya"},{"floor":28,"key":"Eternal Feather"},{"floor":31,"key":"Kunai"},{"floor":40,"key":"Lantern"},{"floor":42,"key":"MealTicket"},{"floor":43,"key":"MawBank"},{"floor":54,"key":"Ice Cream"}],"event_choices":[{"damage_healed":0,"gold_gain":0,"player_choice":"Take Damage","damage_taken":18,"relics_obtained":["Golden Idol"],"max_hp_gain":0,"max_hp_loss":0,"event_name":"Golden Idol","floor":2,"gold_loss":0},{"damage_healed":18,"gold_gain":0,"player_choice":"Healed","damage_taken":0,"max_hp_gain":0,"max_hp_loss":0,"event_name":"The Cleric","floor":4,"gold_loss":35},{"damage_healed":0,"gold_gain":0,"player_choice":"Damaged","damage_taken":7,"max_hp_gain":0,"max_hp_loss":0,"event_name":"Wheel of Change","floor":10,"gold_loss":0},{"damage_healed":0,"gold_gain":0,"player_choice":"Inject Mutagens","damage_taken":0,"relics_obtained":["MutagenicStrength"],"max_hp_gain":0,"max_hp_loss":0,"event_name":"Drug Dealer","floor":19,"gold_loss":0},{"damage_healed":0,"gold_gain":0,"player_choice":"Fight","damage_taken":0,"max_hp_gain":0,"max_hp_loss":0,"event_name":"Colosseum","floor":28,"gold_loss":0},{"damage_healed":0,"gold_gain":0,"player_choice":"Fought Nobs","damage_taken":0,"max_hp_gain":0,"max_hp_loss":0,"event_name":"Colosseum","floor":28,"gold_loss":0},{"damage_healed":25,"gold_gain":0,"player_choice":"Heal","damage_taken":0,"max_hp_gain":0,"max_hp_loss":0,"event_name":"The Library","floor":29,"gold_loss":0}],"is_beta":false,"boss_relics":[{"not_picked":["Ectoplasm","Snecko Eye"],"picked":"Philosopher\u0027s Stone"},{"not_picked":["Sozu","Runic Pyramid"],"picked":"SlaversCollar"}],"items_purged_floors":[25,47],"is_endless":false,"potions_floor_spawned":[5,7,11,16,21,28,28,33,37,38,39,42,45],"killed_by":"The Heart","ascension_level":1}}