{"host":"je4rgfex33y123xe","time":1613194572,"event":{"mods":["BaseMod","Minty Spire (QoL Compilation)","StSLib"],"gold_per_floor":[111,111,126,137,137,172,18,31,55,55,71,98,98,117,117,215,215,235,235,4,14,14,14,48,48,71,71,71,102,102,120,120,217,267,277,37,47,0,0,0],"floor_reached":39,"language":"ENG","playtime":1806,"items_purged":[],"score":620,"play_id":"1792cd5d-d541-4aa2-8d4f-7f53fa872d93","local_time":"20210212233612","is_ascension_mode":true,"campfire_choices":[{"floor":10.0,"key":"REST"},{"floor":13.0,"key":"REST"},{"floor":15.0,"key":"REST"},{"data":"Feel No Pain","floor":23.0,"key":"SMITH"},{"floor":27.0,"key":"REST"},{"floor":32.0,"key":"REST"}],"circlet_count":0,"master_deck":["Bash","Armaments+1","Twin Strike+1","Shrug It Off","Disarm","Fire Breathing","Hemokinesis","Sword Boomerang","Barricade","Offering+1","Fire Breathing","Rage","Immolate","Brutality","Cleave","Demon Form","Sentinel","Ghostly Armor","Rupture+1","Feel No Pain+1","Dark Embrace","True Grit","Power Through"],"relics":["Runic Cube","Dream Catcher","Medical Kit","Whetstone","Potion Belt","Pandora\u0027s Box","Lee\u0027s Waffle","Anchor","Torii","PreservedInsect","Akabeko","Tiny House","Self Forming Clay","Red Mask"],"acts_visited":["Exordium","TheCity","TheBeyond"],"potions_floor_usage":[33,33,33,33,39],"damage_taken":[{"damage":12.0,"enemies":"Jaw Worm","floor":1.0,"turns":6.0},{"damage":1.0,"enemies":"Cultist","floor":3.0,"turns":3.0},{"damage":0.0,"enemies":"Small Slimes","floor":4.0,"turns":3.0},{"damage":41.0,"enemies":"Lagavulin","floor":6.0,"turns":7.0},{"damage":9.0,"enemies":"Looter","floor":8.0,"turns":3.0},{"damage":29.0,"enemies":"Gremlin Gang","floor":11.0,"turns":4.0},{"damage":33.0,"enemies":"3 Sentries","floor":12.0,"turns":11.0},{"damage":21.0,"enemies":"3 Louse","floor":14.0,"turns":3.0},{"damage":0.0,"enemies":"Slime Boss","floor":16.0,"turns":7.0},{"damage":15.0,"enemies":"2 Thieves","floor":18.0,"turns":3.0},{"damage":13.0,"enemies":"Chosen","floor":21.0,"turns":5.0},{"damage":44.0,"enemies":"Slavers","floor":24.0,"turns":4.0},{"damage":14.0,"enemies":"Book of Stabbing","floor":29.0,"turns":5.0},{"damage":36.0,"enemies":"Shelled Parasite and Fungi","floor":31.0,"turns":5.0},{"damage":37,"enemies":"Collector","floor":33,"turns":9},{"damage":50,"enemies":"3 Darklings","floor":35,"turns":4},{"damage":18,"enemies":"3 Shapes","floor":37,"turns":7},{"damage":13,"enemies":"Maw","floor":39,"turns":5}],"seed_played":"6868354386588880895","potions_obtained":[{"floor":6.0,"key":"Ancient Potion"},{"floor":8.0,"key":"BloodPotion"},{"floor":12.0,"key":"AttackPotion"},{"floor":14.0,"key":"AttackPotion"},{"floor":16.0,"key":"EssenceOfSteel"},{"floor":29.0,"key":"BloodPotion"},{"floor":31.0,"key":"Energy Potion"},{"floor":34,"key":"SpeedPotion"},{"floor":35,"key":"Strength Potion"}],"is_trial":false,"path_per_floor":["M","?","M","M","?","E","$","M","T","R","M","E","R","M","R","B",null,"M","?","$","M","$","R","E","?","T","R","?","E","$","M","R","B",null,"M","$","M","?","M"],"character_chosen":"IRONCLAD","items_purchased":["Medical Kit","Feel No Pain","Lee\u0027s Waffle","Self Forming Clay"],"campfire_rested":5,"item_purchase_floors":[7,20,20,36],"current_hp_per_floor":[60,60,59,59,80,39,39,30,30,54,25,8,32,11,35,35,69,54,54,87,74,74,74,30,30,30,56,56,42,42,6,32,12,73,23,23,5,5,0,0],"gold":0,"neow_bonus":"BOSS_RELIC","is_daily":false,"chose_seed":false,"campfire_upgraded":1,"win_rate":0.0,"timestamp":1613194572,"path_taken":["M","?","?","?","?","E","?","M","T","R","?","E","R","M","R","BOSS","M","?","$","M","?","R","E","?","T","R","?","E","?","?","R","BOSS","M","$","M","?","M"],"items_purchased_type":["Relic","Card","Relic","Relic"],"build_version":"2020-12-22","purchased_purges":0,"victory":false,"max_hp_per_floor":[80,80,80,80,80,80,80,80,80,80,80,80,80,80,80,80,80,80,80,87,87,87,87,87,87,87,87,87,87,87,87,87,87,92,92,92,92,92,92,92],"card_choices":[{"not_picked":["Clash","Perfected Strike"],"picked":"Armaments","floor":1.0},{"not_picked":["Sword Boomerang","Flex"],"picked":"Twin Strike","floor":3.0},{"not_picked":["Cleave","Thunderclap","Clothesline"],"picked":"SKIP","floor":4.0},{"not_picked":["Infernal Blade","Double Tap"],"picked":"Shrug It Off","floor":6.0},{"not_picked":["Flex","Twin Strike","Anger"],"picked":"SKIP","floor":8.0},{"not_picked":["Shrug It Off","Dropkick"],"picked":"Disarm","floor":11.0},{"not_picked":["Burning Pact","Clothesline"],"picked":"Fire Breathing","floor":12.0},{"not_picked":["Anger","Twin Strike"],"picked":"Hemokinesis","floor":13.0},{"not_picked":["Bloodletting","True Grit"],"picked":"Sword Boomerang","floor":14.0},{"not_picked":["Wild Strike","Metallicize"],"picked":"Barricade","floor":15.0},{"not_picked":["Immolate","Berserk"],"picked":"Offering","floor":16.0},{"not_picked":["Clothesline","Pummel"],"picked":"Rupture+1","floor":18.0},{"not_picked":["Warcry","Twin Strike"],"picked":"Dark Embrace","floor":21.0},{"not_picked":["Dropkick","Spot Weakness","Warcry+1"],"picked":"SKIP","floor":24.0},{"not_picked":["Shrug It Off","Iron Wave","Headbutt+1"],"picked":"SKIP","floor":29.0},{"not_picked":["Uppercut","Cleave","Clash"],"picked":"SKIP","floor":31.0},{"not_picked":["Rupture+1","Feel No Pain"],"picked":"True Grit","floor":34},{"not_picked":["Flex","Dual Wield+1","Spot Weakness+1"],"picked":"SKIP","floor":35},{"not_picked":["Sever Soul","Warcry"],"picked":"Power Through","floor":37}],"player_experience":441997,"relics_obtained":[{"floor":6.0,"key":"Dream Catcher"},{"floor":9.0,"key":"Whetstone"},{"floor":12.0,"key":"Potion Belt"},{"floor":24.0,"key":"Anchor"},{"floor":26.0,"key":"PreservedInsect"},{"floor":29.0,"key":"Akabeko"}],"event_choices":[{"damage_healed":0.0,"max_hp_gain":0.0,"max_hp_loss":0.0,"gold_gain":0.0,"event_name":"Upgrade Shrine","player_choice":"Upgraded","floor":2.0,"gold_loss":0.0,"damage_taken":0.0,"cards_upgraded":["Armaments"]},{"damage_healed":26.0,"max_hp_gain":0.0,"max_hp_loss":0.0,"gold_gain":0.0,"event_name":"Big Fish","player_choice":"Banana","floor":5.0,"gold_loss":0.0,"damage_taken":0.0},{"cards_removed":["Searing Blow"],"damage_healed":0.0,"max_hp_gain":0.0,"max_hp_loss":0.0,"gold_gain":0.0,"event_name":"Purifier","player_choice":"Purged","floor":19.0,"gold_loss":0.0,"damage_taken":0.0},{"damage_healed":0.0,"max_hp_gain":0.0,"max_hp_loss":0.0,"gold_gain":0.0,"event_name":"The Mausoleum","player_choice":"Opened","floor":25.0,"gold_loss":0.0,"damage_taken":0.0,"relics_obtained":["Torii"]},{"damage_healed":0.0,"max_hp_gain":0.0,"max_hp_loss":0.0,"gold_gain":0.0,"event_name":"Vampires","player_choice":"Ignored","floor":28.0,"gold_loss":0.0,"damage_taken":0.0},{"damage_healed":0,"gold_gain":0,"player_choice":"Paid","damage_taken":0,"relics_obtained":["Red Mask"],"max_hp_gain":0,"max_hp_loss":0,"event_name":"Tomb of Lord Red Mask","floor":38,"gold_loss":47}],"is_beta":false,"boss_relics":[{"not_picked":["Coffee Dripper","Calling Bell"],"picked":"Pandora\u0027s Box"},{"not_picked":["Runic Pyramid","Snecko Eye"],"picked":"Tiny House"}],"items_purged_floors":[],"is_endless":false,"potions_floor_spawned":[6,8,12,14,16,29,31,35],"killed_by":"Maw","ascension_level":6}}