{"host":"4203e5c3jb9f7sur","time":1613235230,"event":{"mods":["AchievementEnabler","BaseMod","Minty Spire (QoL Compilation)","Replay The Spire","StSLib","SuperFastMode"],"gold_per_floor":[113,123,134,48908,48923,48923,48172,48172,48226,48226,48241,48261,48261,48271,48271,48368,48368,48378,47393,46330,46350,45365,45365,45385,45416,45440,45475,45493,45506,45606,45624,45624,45720,45720,45736,45748,45768,45786,45802,45802,45812,45812,45837,45857,44957,44957,44984,44984,44984,44984],"floor_reached":51,"language":"KOR","playtime":4906,"items_purged":["Defend_B","Strike_B","Defend_B","Strike_B","Defend_B","Strike_B"],"score":890,"play_id":"2416925d-2fcd-4d3a-a0d1-0024e1c8f506","local_time":"20210214015350","is_ascension_mode":false,"campfire_choices":[{"data":"ReplayTheSpireMod:Calculation Training","floor":6,"key":"SMITH"},{"data":"Defragment","floor":13,"key":"SMITH"},{"floor":15,"key":"DIG"},{"data":"Strike_B","floor":23,"key":"PURGE"},{"data":"Aggregate","floor":32,"key":"SMITH"},{"data":"Seek","floor":40,"key":"SMITH"},{"floor":42,"key":"REST"},{"data":"Pot Of Greed","floor":46,"key":"SMITH"},{"data":"Pot Of Greed","floor":49,"key":"SMITH"}],"circlet_count":0,"master_deck":["Defend_B","Zap","Dualcast","Leap","Conserve Battery","ReplayTheSpireMod:Calculation Training+1","Good Instincts","Streamline","Streamline","Panache","Blizzard","Coolheaded","Capacitor","Panic Button","Steam","Stack","Hologram","Compile Driver","Defragment+1","Compile Driver","Hologram","Coolheaded","Electrodynamics","Coolheaded","BasicCrystalCard","Poisoned Strike","Finesse","Ball Lightning","FIFO Queue","ReplayTheSpireMod:Calculation Training+1","BootSequence+1","Pot Of Greed+1","Pot Of Greed","Pot Of Greed","Beam Cell","Gash","Pot Of Greed","Swift Strike","Mirror Shield","Beam Cell+1","Panic Button","Seek+1","Gash","Steam","Steam","Aggregate+1","Multi-Cast","Redo","Gash","Pot Of Greed+1","Hologram+1","Blizzard","Steam+1","Force Field+1","Barrage+1","Trip","Go for the Eyes","Chaos+1"],"relics":["Cracked Core","Raider\u0027s Mask","Ancient Tea Set","Strawberry","Medical Kit","Toy Ornithopter","Juzu Bracelet","Lantern","Orichalcum","Inserter","Lee\u0027s Waffle","ReplayTheSpireMod:TigerMarble","Replay:Bottled Snecko","Peace Pipe","DollysMirror","Bottled Lightning","Strange Spoon","Gremlin Horn","Grinning Jar","PreservedInsect","ReplayTheSpireMod:Lightbulb","Divine Protection","Unceasing Top","Snack Pack","SlaversCollar","Oddly Smooth Stone","Toolbox","Nunchaku","Garlic","Eternal Feather"],"acts_visited":["Exordium","TheCity","TheBeyond"],"potions_floor_usage":[16,50],"damage_taken":[{"damage":1,"enemies":"Cultist","floor":1,"turns":4},{"damage":5,"enemies":"Small Slimes","floor":2,"turns":3},{"damage":0,"enemies":"2 Louse","floor":3,"turns":3},{"damage":15,"enemies":"Lots of Slimes","floor":5,"turns":5},{"damage":6,"enemies":"Blue Slaver","floor":11,"turns":2},{"damage":4,"enemies":"Looter","floor":12,"turns":2},{"damage":0,"enemies":"2 Fungi Beasts","floor":14,"turns":3},{"damage":3,"enemies":"Slime Boss","floor":16,"turns":7},{"damage":7,"enemies":"Shell Parasite","floor":18,"turns":6},{"damage":0,"enemies":"Chosen","floor":21,"turns":4},{"damage":9,"enemies":"Shelled Parasite and Fungi","floor":24,"turns":4},{"damage":47,"enemies":"Gremlin Leader","floor":25,"turns":7},{"damage":10,"enemies":"Slavers","floor":27,"turns":4},{"damage":0,"enemies":"Sentry and Sphere","floor":28,"turns":5},{"damage":0,"enemies":"3 Cultists","floor":29,"turns":2},{"damage":0,"enemies":"Colosseum Slavers","floor":30,"turns":4},{"damage":0,"enemies":"Colosseum Nobs","floor":30,"turns":4},{"damage":0,"enemies":"Centurion and Healer","floor":31,"turns":5},{"damage":12,"enemies":"Collector","floor":33,"turns":5},{"damage":0,"enemies":"3 Darklings","floor":35,"turns":3},{"damage":18,"enemies":"3 Shapes","floor":36,"turns":4},{"damage":0,"enemies":"Transient","floor":37,"turns":5},{"damage":16,"enemies":"Writhing Mass","floor":38,"turns":6},{"damage":0,"enemies":"4 Shapes","floor":39,"turns":3},{"damage":32,"enemies":"Transient","floor":41,"turns":5},{"damage":0,"enemies":"Jaw Worm Horde","floor":44,"turns":2},{"damage":0,"enemies":"Nemesis","floor":47,"turns":4},{"damage":90,"enemies":"Time Eater","floor":50,"turns":13}],"seed_played":"2280706400906321417","potions_obtained":[{"floor":3,"key":"BlessingOfTheForge"},{"floor":33,"key":"Toxic Potion"}],"is_trial":false,"path_per_floor":["M","M","M","$","M","R","$","?","T","?","M","M","R","M","R","B",null,"M","$","$","M","$","R","M","E","T","E","M","M","?","M","R","B",null,"M","M","M","M","M","R","M","R","T","M","$","R","E","?","R","B",null],"character_chosen":"DEFECT","items_purchased":["Good Instincts","Streamline","Panache","Raider\u0027s Mask","Ancient Tea Set","Strawberry","Blizzard","Coolheaded","Capacitor","Panic Button","Ancient Potion","PowerPotion","Stack","Hologram","Compile Driver","Defragment","Medical Kit","Toy Ornithopter","Juzu Bracelet","Lee\u0027s Waffle","ReplayTheSpireMod:TigerMarble","BasicCrystalCard","Poisoned Strike","Replay:Bottled Snecko","FairyPotion","Finesse","Ball Lightning","FIFO Queue","Peace Pipe","DollysMirror","Bottled Lightning","Strange Spoon","Gremlin Horn","Grinning Jar","Beam Cell","Gash","Swift Strike","Mirror Shield","Toolbox","Nunchaku","Garlic","Trip","Go for the Eyes"],"campfire_rested":1,"item_purchase_floors":[4,4,4,4,4,4,4,4,4,4,4,4,7,7,7,7,7,7,7,19,19,19,19,19,19,20,20,20,20,20,20,22,22,22,22,22,22,22,45,45,45,45,45],"current_hp_per_floor":[81,76,76,83,68,68,68,68,68,68,62,58,58,58,58,60,89,82,96,96,96,96,96,87,40,40,30,30,30,30,34,34,32,96,96,82,86,72,74,74,42,70,70,76,76,76,80,80,96,12],"gold":44984,"neow_bonus":"TEN_PERCENT_HP_BONUS","is_daily":false,"chose_seed":false,"campfire_upgraded":6,"win_rate":0.0,"timestamp":1613235230,"path_taken":["M","M","?","$","M","R","$","?","T","?","M","M","R","M","R","BOSS","M","?","$","M","$","R","M","E","T","E","M","M","?","M","R","BOSS","M","M","M","M","M","R","M","R","T","M","$","R","E","?","R","BOSS"],"items_purchased_type":["Card","Card","Card","Relic","Relic","Relic","Card","Card","Card","Card","Potion","Potion","Card","Card","Card","Card","Relic","Relic","Relic","Relic","Relic","Card","Card","Relic","Potion","Card","Card","Card","Relic","Relic","Relic","Relic","Relic","Relic","Card","Card","Card","Card","Relic","Relic","Relic","Card","Card"],"build_version":"2020-12-22","purchased_purges":6,"victory":true,"max_hp_per_floor":[82,82,82,89,89,89,89,89,89,89,89,89,89,89,89,89,89,89,96,96,96,96,96,96,96,96,96,96,96,96,96,96,96,96,96,96,96,96,96,96,96,96,96,96,96,96,96,96,96,96],"card_choices":[{"not_picked":["Sweeping Beam","Scrape"],"picked":"Leap","floor":1},{"not_picked":["ReplayTheSpireMod:Repulse","Force Field"],"picked":"Conserve Battery","floor":2},{"not_picked":["ReplayTheSpireMod:GoodbyeWorld","FIFO Queue"],"picked":"ReplayTheSpireMod:Calculation Training","floor":3},{"not_picked":["ReplayTheSpireMod:GoodbyeWorld","Tempest"],"picked":"Steam","floor":5},{"not_picked":["Heatsinks","Storm"],"picked":"Compile Driver","floor":11},{"not_picked":["Sweeping Beam","Capacitor"],"picked":"Hologram","floor":12},{"not_picked":["Heatsinks","Beam Cell"],"picked":"Coolheaded","floor":14},{"not_picked":["Buffer","ReplayRNGCard"],"picked":"Electrodynamics","floor":16},{"not_picked":["Sweeping Beam+1","ReplaySort"],"picked":"Coolheaded","floor":18},{"not_picked":["Conserve Battery+1","Hello World"],"picked":"BootSequence+1","floor":21},{"not_picked":["Steam","Time Bomb"],"picked":"Beam Cell+1","floor":24},{"not_picked":["Melter+1","Steam Power"],"picked":"Panic Button","floor":25},{"not_picked":["Sweeping Beam","Gash+1"],"picked":"Seek","floor":27},{"not_picked":["ReplaySolidLightProjector+1","Melter+1"],"picked":"Gash","floor":28},{"not_picked":["ReplaySolidLightProjector","Leap+1"],"picked":"Steam","floor":29},{"not_picked":["Storm","ReplayGash+1"],"picked":"Steam","floor":30},{"not_picked":["Barrage","Leap"],"picked":"Aggregate","floor":31},{"not_picked":["Machine Learning","Buffer"],"picked":"Multi-Cast","floor":33},{"not_picked":["Sweeping Beam","Ball Lightning+1"],"picked":"Redo","floor":35},{"not_picked":["Panic Button+1","Conserve Battery"],"picked":"Gash","floor":36},{"not_picked":["Streamline","Coolheaded+1"],"picked":"Hologram+1","floor":37},{"not_picked":["Sweeping Beam","Panic Button"],"picked":"Blizzard","floor":38},{"not_picked":["Thunder Strike","Redo"],"picked":"Steam+1","floor":39},{"not_picked":["Loop+1","Steam"],"picked":"Force Field+1","floor":41},{"not_picked":["Leap+1","Panic Button"],"picked":"Barrage+1","floor":44},{"not_picked":["Redo+1","Skim"],"picked":"Chaos+1","floor":47}],"player_experience":10795,"relics_obtained":[{"floor":9,"key":"Lantern"},{"floor":15,"key":"Orichalcum"},{"floor":25,"key":"PreservedInsect"},{"floor":26,"key":"ReplayTheSpireMod:Lightbulb"},{"floor":27,"key":"Divine Protection"},{"floor":30,"key":"Unceasing Top"},{"floor":30,"key":"Snack Pack"},{"floor":43,"key":"Oddly Smooth Stone"},{"floor":47,"key":"Eternal Feather"}],"event_choices":[{"damage_healed":0,"gold_gain":0,"player_choice":"Bought 0 Potions","damage_taken":0,"max_hp_gain":0,"max_hp_loss":0,"event_name":"The Woman in Blue","floor":10,"gold_loss":0},{"damage_healed":0,"gold_gain":0,"player_choice":"Fight","damage_taken":0,"max_hp_gain":0,"max_hp_loss":0,"event_name":"Colosseum","floor":30,"gold_loss":0},{"damage_healed":0,"gold_gain":0,"player_choice":"Fought Nobs","damage_taken":0,"max_hp_gain":0,"max_hp_loss":0,"event_name":"Colosseum","floor":30,"gold_loss":0}],"is_beta":false,"boss_relics":[{"not_picked":["ReplayTheSpireMod:DimensionalGlitch","Velvet Choker"],"picked":"Inserter"},{"not_picked":["Replay:Ancient Bell","Fusion Hammer"],"picked":"SlaversCollar"}],"items_purged_floors":[4,7,19,20,22,45],"is_endless":false,"potions_floor_spawned":[3,5,14,18,21,30,33,37,39,41,44],"ascension_level":0}}