{"host":"iwx63wjdqe91ab4t","time":1613235761,"event":{"mods":["AchievementEnabler","Act Like it!","Aspiration","BaseMod","BetterRewards","Downfall","Friendly Minions","Hermit","Hubris","Infinite Spire","Jorbs\u0027s Wanderer Trilogy","Marisa????????","Mimic Mod","Minty Spire (QoL Compilation)","Quick Restart","Reliquary","Replay The Spire","StSLib","The Bug Knight","The Construct","The Cursed","The Disciple","The Hierophant","The Jungle","The Necromancer","The Runesmith","The Servant 0.9.4"],"gold_per_floor":[118,118,137,154,154,154,186,200,200,200,226,226,226,17,17,17,17,17],"floor_reached":16,"language":"ENG","playtime":1406,"items_purged":["champ:Strike","champ:Defend","champ:Defend"],"score":133,"play_id":"3d8b4e43-e73f-488d-93cd-b87416260abb","local_time":"20210213110241","is_ascension_mode":false,"campfire_choices":[{"data":"Replay:Fractal Strike","floor":6,"key":"SMITH"},{"data":"Madness","floor":10,"key":"SMITH"},{"data":"champ:Taunt","floor":15,"key":"SMITH"}],"circlet_count":0,"master_deck":["champ:Strike","champ:Strike","champ:Defend","champ:Execute","champ:Taunt+1","champ:StanceDance","champ:ArenaPreparation+1","champ:HoldFirm+1","Madness+1","champ:ShieldSlam","champ:FancyFootwork","Replay:Fractal Strike+1","champ:FancyFootwork","champ:FocusedBerserking","Master of Strategy","champ:StanceDance"],"relics":["champ:ChampionCrown","Guide Book","Pear","hubris:KleinBottle","Bronze Scales","HollowMod:LifeEnderRelic","Orichalcum"],"acts_visited":["Exordium"],"potions_floor_usage":[8,16],"damage_taken":[{"damage":10,"enemies":"Jaw Worm","floor":1,"turns":3},{"damage":10,"enemies":"Cultist","floor":3,"turns":3},{"damage":15,"enemies":"Small Slimes","floor":4,"turns":3},{"damage":56,"enemies":"Lagavulin","floor":7,"turns":6},{"damage":10,"enemies":"Exordium Wildlife","floor":8,"turns":2},{"damage":31,"enemies":"Gremlin Nob","floor":11,"turns":3},{"damage":63,"enemies":"Fading Forest","floor":16,"turns":7}],"seed_played":"7616042572850547518","potions_obtained":[{"floor":7,"key":"ColorlessPotion"},{"floor":8,"key":"EssenceOfSteel"}],"is_trial":false,"path_per_floor":["M","?","M","M","$","R","E","M","T","R","E","?","?","$","R","B"],"character_chosen":"THE_CHAMP","items_purchased":["champ:HoldFirm","Guide Book","hubris:KleinBottle","Master of Strategy","champ:StanceDance"],"campfire_rested":0,"item_purchase_floors":[0,0,5,14,14],"current_hp_per_floor":[72,79,79,74,43,43,32,32,32,32,32,32,25,25,25,0,0,0],"gold":17,"neow_bonus":"","is_daily":false,"chose_seed":false,"campfire_upgraded":3,"win_rate":0.0,"timestamp":1613235761,"path_taken":["M","?","M","M","?","R","E","M","T","R","E","?","?","$","R","BOSS"],"items_purchased_type":["Card","Relic","Relic","Card","Card"],"build_version":"2020-12-22","purchased_purges":3,"victory":false,"max_hp_per_floor":[90,100,100,100,100,100,100,100,100,100,100,100,100,100,100,100,100,100],"card_choices":[{"not_picked":["champ:FanOfKnives","champ:PerfectedStrike"],"picked":"champ:ShieldSlam","floor":1},{"not_picked":["champ:BringItOn","champ:PreciseThrust"],"picked":"champ:FancyFootwork","floor":3},{"not_picked":["champ:FlashCut","champ:StanceDance","champ:CrownThrow"],"picked":"SKIP","floor":4},{"not_picked":["infinitespire:DeathsTouch","infinitespire:Menacing"],"picked":"Replay:Fractal Strike","floor":5},{"not_picked":["champ:EnGarde","champ:ShieldWall","champ:DefensiveShout"],"picked":"SKIP","floor":7},{"not_picked":["champ:FaceSlap","champ:FanOfKnives"],"picked":"champ:FancyFootwork","floor":8},{"not_picked":["champ:GladiatorStyle","champ:CrookedStrike"],"picked":"champ:FocusedBerserking","floor":11}],"player_experience":292428,"relics_obtained":[{"floor":7,"key":"Bronze Scales"},{"floor":9,"key":"HollowMod:LifeEnderRelic"},{"floor":11,"key":"Orichalcum"}],"event_choices":[{"damage_healed":0,"gold_gain":0,"player_choice":"Success","damage_taken":3,"relics_obtained":["Pear"],"max_hp_gain":0,"max_hp_loss":0,"event_name":"Scrap Ooze","floor":2,"gold_loss":0},{"cards_removed":["champ:Defend"],"damage_healed":0,"gold_gain":0,"player_choice":"Card Removal","damage_taken":7,"max_hp_gain":0,"max_hp_loss":0,"event_name":"Golden Wing","floor":13,"gold_loss":0}],"is_beta":false,"boss_relics":[],"items_purged_floors":[0,5,5],"is_endless":false,"potions_floor_spawned":[7,8],"killed_by":"Fading Forest","ascension_level":0}}