{"host":"kqjncq1jgqa58i7s","time":1613205023,"event":{"mods":["AchievementEnabler","BaseMod","Colored Map","Minty Spire (QoL Compilation)","Relic Stats"],"gold_per_floor":[112,112,130,15,26,26,26,26,26,26,26,26,52,66,66,66,66],"floor_reached":16,"language":"ENG","playtime":561,"items_purged":["Strike_P"],"score":196,"play_id":"6f6bc6e0-a793-4e97-99b7-dae138aeeb5f","local_time":"20210213093023","is_ascension_mode":true,"campfire_choices":[{"data":"TalkToTheHand","floor":6,"key":"SMITH"},{"data":"Eruption","floor":10,"key":"SMITH"},{"data":"FlyingSleeves","floor":12,"key":"SMITH"},{"data":"TalkToTheHand","floor":15,"key":"SMITH"}],"circlet_count":0,"master_deck":["AscendersBane","Strike_P","Strike_P","Defend_P","Defend_P+1","Defend_P+1","Defend_P","Eruption+1","Vigilance","BowlingBash","Consecrate","TalkToTheHand+1","FlyingSleeves+1","TalkToTheHand+1","Evaluate"],"relics":["Runic Dome","Pantograph","Ginger"],"acts_visited":["Exordium"],"potions_floor_usage":[16],"damage_taken":[{"damage":6,"enemies":"Jaw Worm","floor":1,"turns":5},{"damage":0,"enemies":"Small Slimes","floor":3,"turns":3},{"damage":0,"enemies":"2 Louse","floor":5,"turns":3},{"damage":13,"enemies":"Gremlin Nob","floor":13,"turns":3},{"damage":0,"enemies":"Looter","floor":14,"turns":3},{"damage":49,"enemies":"Hexaghost","floor":16,"turns":9}],"seed_played":"7328265171121234612","potions_obtained":[{"floor":1,"key":"EssenceOfSteel"},{"floor":3,"key":"StancePotion"}],"is_trial":false,"path_per_floor":["M","?","M","$","M","R","$","?","T","R","?","R","E","M","R","B"],"character_chosen":"WATCHER","items_purchased":["TalkToTheHand"],"campfire_rested":0,"item_purchase_floors":[4],"current_hp_per_floor":[55,35,35,35,35,35,35,40,40,40,33,33,20,20,20,0,0],"gold":66,"neow_bonus":"BOSS_RELIC","is_daily":false,"chose_seed":false,"campfire_upgraded":4,"win_rate":0.0,"timestamp":1613205023,"path_taken":["M","?","M","$","M","R","$","?","T","R","?","R","E","M","R","BOSS"],"items_purchased_type":["Card"],"build_version":"2020-12-22","purchased_purges":1,"victory":false,"max_hp_per_floor":[68,68,68,68,68,68,68,73,73,73,73,73,73,73,73,73,73],"relic_stats":{"counters":[6,26],"Pantograph":25,"Ginger":[0],"obtain_stats":[{"Runic Dome":0,"Pantograph":9,"Ginger":13,"PureWater":0},{"Runic Dome":0,"Pantograph":3,"Ginger":4,"PureWater":0},{"Runic Dome":0,"Pantograph":11,"Ginger":14,"PureWater":0}]},"card_choices":[{"not_picked":["Indignation","FlyingSleeves"],"picked":"BowlingBash","floor":1},{"not_picked":["JustLucky","PathToVictory"],"picked":"Consecrate","floor":3},{"not_picked":["Indignation","Halt"],"picked":"FlyingSleeves","floor":5},{"not_picked":["Vault","Nirvana"],"picked":"TalkToTheHand","floor":13},{"not_picked":["PathToVictory","EmptyBody"],"picked":"Evaluate","floor":14}],"player_experience":1677853,"relics_obtained":[{"floor":9,"key":"Pantograph"},{"floor":13,"key":"Ginger"}],"event_choices":[{"damage_healed":0,"gold_gain":0,"player_choice":"Entered Light","damage_taken":20,"max_hp_gain":0,"max_hp_loss":0,"event_name":"Shining Light","floor":2,"gold_loss":0,"cards_upgraded":["Defend_P","Defend_P"]},{"damage_healed":0,"gold_gain":0,"player_choice":"Donut","damage_taken":0,"max_hp_gain":5,"max_hp_loss":0,"event_name":"Big Fish","floor":8,"gold_loss":0},{"cards_removed":["Strike_P"],"damage_healed":0,"gold_gain":0,"player_choice":"Card Removal","damage_taken":7,"max_hp_gain":0,"max_hp_loss":0,"event_name":"Golden Wing","floor":11,"gold_loss":0}],"is_beta":false,"boss_relics":[],"items_purged_floors":[4],"is_endless":false,"potions_floor_spawned":[1,3,14],"killed_by":"Hexaghost","ascension_level":20}}