{"host":"u499vgr0907g2fby","time":1613255466,"event":{"mods":["BaseMod","Downfall","Googly Eyes","Minty Spire (QoL Compilation)","StSLib"],"gold_per_floor":[99,112,112,132,191,366,366,266,27,27,62,74,87,116,132,235,235,135,145,145,164,180,180,180,180,198,231,245,259,275,300,312,414,414,414,428,95,145,163,0,0,25,52,0,20,20,49,62,77,77],"floor_reached":51,"language":"ENG","playtime":3915,"items_purged":["Doubt"],"score":886,"play_id":"3435e693-2860-4bc9-8979-98a0e916aa9d","local_time":"20210213183106","is_ascension_mode":false,"campfire_choices":[{"floor":1,"key":"RECALL"},{"data":"Guardian:FloatingOrbs","floor":8,"key":"SMITH"},{"data":"Guardian:Orbwalk","floor":18,"key":"SMITH"},{"data":"Guardian:MultiBeam","floor":25,"key":"SMITH"},{"data":"Guardian:DecasProtection","floor":35,"key":"SMITH"},{"data":"Guardian:RefractedBeam+1","floor":46,"key":"SMITH"}],"circlet_count":0,"master_deck":["Guardian:Strike_Guardian","Guardian:Strike_Guardian","Guardian:Defend_Guardian","Guardian:Defend_Guardian","Guardian:Defend_Guardian","Guardian:Defend_Guardian","Guardian:CurlUp","Guardian:TwinSlam","Guardian:FloatingOrbs+1","Guardian:Orbwalk+1","Guardian:FloatingOrbs+1","Guardian:BronzeOrb","Guardian:Suspension","RitualDagger","Guardian:MultiBeam+1","Guardian:Orbwalk","Guardian:PolyBeam","Guardian:DecasProtection+1","Guardian:Gem_Orange","Guardian:ChargeCore+1","Guardian:BronzeArmor+1","Guardian:TimeSifter","Guardian:TemporalStrike+1","Guardian:RefractedBeam+2","Guardian:ChargeCore+1","Guardian:ArmoredProtocol+1","Guardian:Reroute+1","Guardian:Suspension"],"relics":["Guardian:ModeShifterPlus","Pocketwatch","Pear","downfall:HeartBlessingRed","DollysMirror","downfall:ShatteredFragment","Bottled Tornado","Nunchaku","Busted Crown","downfall:HeartBlessingGreen","Incense Burner","Shuriken","Bag of Marbles","Ice Cream","Gremlin Horn","Toolbox","Akabeko","Molten Egg 2","Oddly Smooth Stone"],"acts_visited":["Exordium","TheCity","TheBeyond"],"potions_floor_usage":[26,27,27,28,30,43,50],"damage_taken":[{"damage":0,"enemies":"Small Slimes","floor":2,"turns":6},{"damage":1,"enemies":"2 Louse","floor":4,"turns":3},{"damage":14,"enemies":"Gremlin Nob","floor":5,"turns":5},{"damage":0,"enemies":"downfall:FleeingMerchant","floor":9,"turns":4},{"damage":0,"enemies":"Lagavulin","floor":11,"turns":3},{"damage":0,"enemies":"Cultist","floor":12,"turns":2},{"damage":0,"enemies":"Large Slime","floor":13,"turns":3},{"damage":6,"enemies":"Gremlin Nob","floor":14,"turns":3},{"damage":5,"enemies":"Exordium Wildlife","floor":15,"turns":3},{"damage":6,"enemies":"WA_ARCHETYPE_RETAIN","floor":16,"turns":5},{"damage":4,"enemies":"Spheric Guardian","floor":19,"turns":3},{"damage":4,"enemies":"Chosen","floor":21,"turns":3},{"damage":3,"enemies":"Snecko","floor":22,"turns":3},{"damage":17,"enemies":"Snake Plant","floor":26,"turns":3},{"damage":22,"enemies":"Gremlin Leader","floor":27,"turns":4},{"damage":3,"enemies":"Chosen and Byrds","floor":28,"turns":3},{"damage":0,"enemies":"Sentry and Sphere","floor":29,"turns":3},{"damage":3,"enemies":"Shelled Parasite and Fungi","floor":30,"turns":2},{"damage":14,"enemies":"Slavers","floor":31,"turns":3},{"damage":4,"enemies":"Chosen and Byrds","floor":32,"turns":2},{"damage":21,"enemies":"SI_MIRROR_ARCHETYPE","floor":33,"turns":5},{"damage":5,"enemies":"3 Darklings","floor":36,"turns":3},{"damage":0,"enemies":"3 Darklings","floor":38,"turns":6},{"damage":0,"enemies":"Orb Walker","floor":39,"turns":2},{"damage":0,"enemies":"downfall:FleeingMerchant","floor":40,"turns":4},{"damage":0,"enemies":"downfall:FleeingMerchant","floor":42,"turns":2},{"damage":15,"enemies":"Nemesis","floor":43,"turns":3},{"damage":0,"enemies":"3 Darklings","floor":45,"turns":2},{"damage":0,"enemies":"Giant Head","floor":47,"turns":4},{"damage":0,"enemies":"Spire Growth","floor":48,"turns":1},{"damage":0,"enemies":"Maw","floor":49,"turns":6},{"damage":0,"enemies":"IC_BLOCK_ARCHETYPE","floor":50,"turns":4}],"seed_played":"-3155937335417167188","potions_obtained":[{"floor":2,"key":"SteroidPotion"},{"floor":5,"key":"Regen Potion"},{"floor":11,"key":"SkillPotion"},{"floor":26,"key":"LiquidBronze"},{"floor":29,"key":"Slimebound:ThreeZeroPotion"},{"floor":32,"key":"bronze:BurnAndBuffPotion"},{"floor":33,"key":"LiquidMemories"},{"floor":38,"key":"Weak Potion"},{"floor":45,"key":"LiquidMemories"}],"is_trial":false,"path_per_floor":["R","M","?","M","?","?","T","R","$","?","E","M","M","E","M","B",null,"R","M","?","M","M","?","T","R","M","E","M","M","M","E","M","B",null,"R","M","?","?","M","$","T","$","E","$","M","R","E","M","M","B",null],"character_chosen":"GUARDIAN","items_purchased":["DollysMirror","Guardian:TimeSifter","Toolbox","Akabeko","Guardian:ChargeCore+1"],"campfire_rested":0,"item_purchase_floors":[9,40,42,42,44],"current_hp_per_floor":[88,88,88,87,73,73,83,83,83,59,59,59,59,53,48,42,98,98,94,88,84,81,81,81,81,64,51,48,48,45,31,27,6,98,98,93,110,110,110,110,110,110,95,95,95,95,95,95,95,95],"gold":77,"neow_bonus":"TEN_PERCENT_HP_BONUS","is_daily":false,"chose_seed":false,"campfire_upgraded":5,"win_rate":0.0,"timestamp":1613255466,"path_taken":["R","M","?","M","?","?","T","R","$","?","E","M","M","E","M","BOSS","R","M","?","M","M","?","T","R","?","E","M","M","M","E","M","BOSS","R","M","?","?","M","$","T","?","E","$","M","R","E","M","M","BOSS"],"items_purchased_type":["Relic","Card","Relic","Relic","Card"],"build_version":"2020-12-22","purchased_purges":1,"victory":true,"max_hp_per_floor":[88,88,88,88,88,88,98,98,98,98,98,98,98,98,98,98,98,98,98,98,98,98,98,98,98,98,98,98,98,98,98,98,98,98,98,98,110,110,110,110,110,110,110,110,110,110,110,110,110,110],"card_choices":[{"not_picked":["Guardian:Emergency","Guardian:BronzeArmor"],"picked":"Guardian:Gem_Crimson","floor":2},{"not_picked":["Guardian:VentSteam","Guardian:WalkerClaw","Guardian:Suspension"],"picked":"SKIP","floor":4},{"not_picked":["Guardian:Gem_Red","Guardian:WalkerClaw"],"picked":"Guardian:FloatingOrbs","floor":5},{"not_picked":["Guardian:MultiBeam","Guardian:PrimingBeam"],"picked":"Guardian:Orbwalk","floor":9},{"not_picked":["Guardian:Reroute","Guardian:Gem_Cyan","Guardian:FastForward"],"picked":"SKIP","floor":11},{"not_picked":["Guardian:VentSteam","Guardian:TemporalShield"],"picked":"Guardian:Gem_White","floor":12},{"not_picked":["Guardian:ShieldCharger","Guardian:Gem_Red"],"picked":"Guardian:BronzeOrb","floor":13},{"not_picked":["Guardian:Incinerate","Guardian:FastForward","Guardian:RollAttack"],"picked":"SKIP","floor":14},{"not_picked":["Guardian:Harden","Guardian:WalkerClaw"],"picked":"Guardian:Suspension","floor":15},{"not_picked":["Guardian:RevengeProtocol","Guardian:ConstructionForm"],"picked":"Guardian:Gem_Orange","floor":16},{"not_picked":["Guardian:WalkerClaw"],"picked":"SKIP","floor":19},{"not_picked":[],"picked":"Guardian:MultiBeam","floor":21},{"not_picked":["Guardian:CrystalBeam+1"],"picked":"SKIP","floor":22},{"not_picked":[],"picked":"Guardian:Orbwalk","floor":26},{"not_picked":["Guardian:Reroute"],"picked":"SKIP","floor":27},{"not_picked":["Guardian:Gem_Crimson"],"picked":"SKIP","floor":28},{"not_picked":[],"picked":"Guardian:PolyBeam","floor":29},{"not_picked":[],"picked":"Guardian:Gem_Yellow","floor":30},{"not_picked":["Guardian:CrystalBeam"],"picked":"SKIP","floor":31},{"not_picked":[],"picked":"Guardian:DecasProtection","floor":32},{"not_picked":[],"picked":"Guardian:Gem_Orange","floor":33},{"not_picked":["Guardian:TemporalShield+1"],"picked":"SKIP","floor":36},{"not_picked":[],"picked":"Guardian:ChargeCore+1","floor":38},{"not_picked":["Guardian:PrimingBeam+1"],"picked":"SKIP","floor":39},{"not_picked":[],"picked":"Guardian:BronzeArmor+1","floor":40},{"not_picked":[],"picked":"Guardian:TemporalStrike+1","floor":42},{"not_picked":[],"picked":"Guardian:RefractedBeam+1","floor":43},{"not_picked":[],"picked":"Guardian:ArmoredProtocol+1","floor":45},{"not_picked":["Guardian:FastForward"],"picked":"SKIP","floor":47},{"not_picked":[],"picked":"Guardian:Reroute+1","floor":48},{"not_picked":[],"picked":"Guardian:Suspension","floor":49}],"player_experience":2042706,"relics_obtained":[{"floor":5,"key":"Pocketwatch"},{"floor":7,"key":"Pear"},{"floor":11,"key":"Bottled Tornado"},{"floor":14,"key":"Nunchaku"},{"floor":24,"key":"Incense Burner"},{"floor":27,"key":"Shuriken"},{"floor":31,"key":"Bag of Marbles"},{"floor":38,"key":"Ice Cream"},{"floor":41,"key":"Gremlin Horn"},{"floor":43,"key":"Molten Egg 2"},{"floor":47,"key":"Oddly Smooth Stone"}],"event_choices":[{"cards_removed":["Guardian:Strike_Guardian"],"damage_healed":0,"gold_gain":0,"player_choice":"Card Removal","damage_taken":0,"max_hp_gain":0,"max_hp_loss":0,"event_name":"The Cleric","floor":3,"gold_loss":0},{"cards_removed":["Guardian:Strike_Guardian"],"damage_healed":0,"gold_gain":0,"player_choice":"Offered Basic","damage_taken":0,"max_hp_gain":0,"max_hp_loss":0,"event_name":"Bonfire Elementals","floor":23,"gold_loss":0}],"is_beta":false,"boss_relics":[{"not_picked":["Runic Pyramid","Runic Dome"],"picked":"Busted Crown"},{"not_picked":["Philosopher\u0027s Stone","Snecko Eye"],"picked":"Guardian:ModeShifterPlus"}],"items_purged_floors":[9],"is_endless":false,"potions_floor_spawned":[2,5,11,13,19,26,29,32,33,38,45,47,48],"ascension_level":0}}