{"host":"xp27heuvanyklt0b","time":1613209297,"event":{"mods":["100% Spire Juice","BaseMod","CapriCore","Minty Spire (QoL Compilation)","StSLib","The Immortal"],"gold_per_floor":[115,115,115,61,72,97,111,111,111,30,45,62,62,74,74,53,53,73,87,87,87],"floor_reached":20,"language":"KOR","playtime":837,"items_purged":[],"score":176,"play_id":"89b1ca4d-b0d2-4bdc-a498-699ec0980844","local_time":"20210213184137","is_ascension_mode":false,"campfire_choices":[{"data":"Moonworks:RedAndBlue","floor":8,"key":"SMITH"},{"data":"Moonworks:MiracleRedBeanIceCream","floor":15,"key":"SMITH"}],"circlet_count":0,"master_deck":["Moonworks:Strike","Moonworks:Strike","Moonworks:Strike","Moonworks:Strike","Moonworks:Defend","Moonworks:Defend","Moonworks:Defend","Moonworks:Defend","Moonworks:Ambush","Moonworks:LongDistanceShot+1","Moonworks:x16BigRocket","Moonworks:RedAndBlue+1","Moonworks:CookingTime","Moonworks:NicePresent","Moonworks:MiracleRedBeanIceCream+1","Moonworks:AngelHand","Moonworks:SakisCookie","Moonworks:StiffCrystal","Moonworks:SinkOrSwim+1","Moonworks:AnotherUltimateWeapon+1","Moonworks:Dash","Moonworks:EvilSpyWorkPreparation"],"relics":["Moonworks:BrokenBomb","Moonworks:Homemark","Happy Flower","Frozen Egg 2","SlaversCollar"],"acts_visited":["Exordium","TheCity"],"potions_floor_usage":[16,20,20],"damage_taken":[{"damage":3,"enemies":"Small Slimes","floor":1,"turns":3},{"damage":1,"enemies":"Jaw Worm","floor":5,"turns":3},{"damage":14,"enemies":"Lagavulin","floor":6,"turns":6},{"damage":0,"enemies":"Cultist","floor":7,"turns":2},{"damage":0,"enemies":"2 Fungi Beasts","floor":11,"turns":1},{"damage":0,"enemies":"Looter","floor":12,"turns":3},{"damage":4,"enemies":"Exordium Wildlife","floor":14,"turns":4},{"damage":28,"enemies":"Hexaghost","floor":16,"turns":9},{"damage":0,"enemies":"Spheric Guardian","floor":18,"turns":4},{"damage":49,"enemies":"3 Byrds","floor":19,"turns":6},{"damage":28,"enemies":"Masked Bandits","floor":20,"turns":2}],"seed_played":"5685872580705375599","potions_obtained":[{"floor":1,"key":"PowerPotion"},{"floor":5,"key":"SteroidPotion"},{"floor":7,"key":"Dexterity Potion"},{"floor":12,"key":"Strength Potion"},{"floor":19,"key":"Energy Potion"}],"is_trial":false,"path_per_floor":["M","?","?","$","M","E","M","R","T","$","M","M","?","M","R","B",null,"M","M","?"],"character_chosen":"THE_STARBREAKER","items_purchased":["Moonworks:IndiscriminateFireSupport","Moonworks:MiracleRedBeanIceCream"],"campfire_rested":0,"item_purchase_floors":[4,10],"current_hp_per_floor":[57,24,44,44,43,29,32,32,32,32,32,37,37,41,41,21,60,60,16,0,0],"gold":87,"neow_bonus":"UPGRADE_CARD","is_daily":false,"chose_seed":false,"campfire_upgraded":2,"win_rate":0.0,"timestamp":1613209297,"path_taken":["M","?","?","?","M","E","M","R","T","$","M","?","?","M","R","BOSS","M","M","?"],"items_purchased_type":["Card","Card"],"build_version":"2020-12-22","purchased_purges":0,"victory":false,"max_hp_per_floor":[60,60,60,60,60,60,60,60,60,60,60,60,60,60,60,60,60,60,60,60,60],"card_choices":[{"not_picked":["Moonworks:LulusLuckyEgg","Moonworks:DeployBits"],"picked":"Moonworks:x16BigRocket","floor":1},{"not_picked":["Moonworks:DeployBits","Moonworks:BigBangBell"],"picked":"Moonworks:RedAndBlue","floor":5},{"not_picked":["Moonworks:ScrambledEve","Moonworks:StiffCrystal"],"picked":"Moonworks:CookingTime","floor":6},{"not_picked":["Moonworks:CloudOfSeagulls","Moonworks:DeployBits"],"picked":"Moonworks:NicePresent","floor":7},{"not_picked":["Moonworks:JonathanRush","Moonworks:ImOnFire"],"picked":"Moonworks:AngelHand","floor":11},{"not_picked":["Moonworks:CloudOfSeagulls","Moonworks:DeployBits"],"picked":"Moonworks:SakisCookie","floor":12},{"not_picked":["Moonworks:RagingMadness+1","Moonworks:Assault"],"picked":"Moonworks:SinkOrSwim+1","floor":14},{"not_picked":["Moonworks:WeAreWaruda","Moonworks:GoAway"],"picked":"Moonworks:AnotherUltimateWeapon+1","floor":16},{"not_picked":["Moonworks:BeyondHell+1","Moonworks:JonathanRush"],"picked":"Moonworks:Dash","floor":18},{"not_picked":["Moonworks:FinalSurgery","Moonworks:RagingMadness+1"],"picked":"Moonworks:EvilSpyWorkPreparation","floor":19}],"player_experience":216066,"relics_obtained":[{"floor":6,"key":"Frozen Egg 2"}],"event_choices":[{"damage_healed":0,"gold_gain":0,"player_choice":"Success","damage_taken":33,"relics_obtained":["Happy Flower"],"max_hp_gain":0,"max_hp_loss":0,"event_name":"Scrap Ooze","floor":2,"gold_loss":0},{"damage_healed":20,"gold_gain":0,"player_choice":"Banana","damage_taken":0,"max_hp_gain":0,"max_hp_loss":0,"event_name":"Big Fish","floor":3,"gold_loss":0},{"damage_healed":0,"gold_gain":0,"cards_transformed":["Moonworks:IndiscriminateFireSupport"],"player_choice":"Change","damage_taken":0,"max_hp_gain":0,"max_hp_loss":0,"event_name":"Living Wall","floor":13,"gold_loss":0,"cards_obtained":["Moonworks:StiffCrystal"]},{"damage_healed":0,"gold_gain":0,"player_choice":"Fought Bandits","damage_taken":0,"max_hp_gain":0,"max_hp_loss":0,"event_name":"Masked Bandits","floor":20,"gold_loss":0}],"is_beta":false,"boss_relics":[{"not_picked":["Velvet Choker","Ectoplasm"],"picked":"SlaversCollar"}],"items_purged_floors":[],"is_endless":false,"potions_floor_spawned":[1,5,7,12,19],"killed_by":"Masked Bandits","ascension_level":0}}