{"host":"1dj9npbb6xcuhhm7","time":1613204766,"event":{"mods":["BaseMod","Colored Map","Colored Powertips","Downfall","Googly Eyes","Highlight Path","Marisa????????","Minty Spire (QoL Compilation)","Rare Cards Sparkle","StSLib"],"gold_per_floor":[99,111,129,129,139,139,162,181,181,281,31,63,63,82,92,194,194,194,214,214,227,9,9,9,9,9,27,27,37,37,48,61,161,161,161,180,38,51,67,67,115,165,165,179,191,202,202,23,39,39],"floor_reached":51,"language":"ENG","playtime":5406,"items_purged":["Slimebound:Defend_Slimebound"],"score":653,"play_id":"1abaebd9-dd8f-485e-8812-5bbe2ee02325","local_time":"20210213022606","is_ascension_mode":false,"campfire_choices":[{"data":"Slimebound:Split","floor":1,"key":"SMITH"},{"data":"Slimebound:Tackle","floor":6,"key":"SMITH"},{"data":"Slimebound:RollThrough","floor":9,"key":"SMITH"},{"data":"Slimebound:GoopSpray","floor":13,"key":"SMITH"},{"data":"Slimebound:MassRepurpose","floor":18,"key":"SMITH"},{"data":"Chrysalis","floor":26,"key":"SMITH"},{"floor":30,"key":"REST"},{"data":"Slimebound:Schlurp","floor":35,"key":"SMITH"},{"data":"Slimebound:ViciousTackle","floor":40,"key":"SMITH"},{"data":"Slimebound:SelfFormingGoo","floor":43,"key":"SMITH"},{"floor":47,"key":"REST"}],"circlet_count":0,"master_deck":["Slimebound:Tackle+1","Slimebound:Defend_Slimebound","Slimebound:Defend_Slimebound","Slimebound:Defend_Slimebound","Slimebound:Split+1","Slimebound:CorrosiveSpit","Slimebound:RollThrough+1","Slimebound:SplitBruiser","Slimebound:ItLooksTasty+1","Slimebound:OozeBath","Slimebound:ViciousTackle+1","Chrysalis+1","Slimebound:LeechEnergy","Slimebound:GoopSpray+1","Slimebound:Dissolve","Slimebound:SamplingLick","Slimebound:MassRepurpose+1","Slimebound:Schlurp+1","Slimebound:SplitLeeching","Slimebound:SplitLeeching","Slimebound:LivingWall+1","Slimebound:Repurpose+1","Slimebound:SamplingLick+1","Slimebound:LevelUp","Slimebound:Prepare","Slimebound:SlimeBarrage","Slimebound:SelfFormingGoo+1","Slimebound:FinishingTackle+1","Slimebound:HauntingLick+1","Slimebound:Prepare+1","Slimebound:LivingWall+1","Secret Weapon","Slimebound:LeechingTouch","Slimebound:SlimeSpikes+1"],"relics":["Slimebound:AbsorbEndCombat","Orichalcum","Girya","Philosopher\u0027s Stone","MealTicket","Slimebound:SelfDamagePreventRelic","HornCleat","Empty Cage","Regal Pillow","TungstenRod","Shuriken"],"acts_visited":["Exordium","TheCity","TheBeyond"],"potions_floor_usage":[16,21,33,44,50,50],"damage_taken":[{"damage":5,"enemies":"Jaw Worm","floor":2,"turns":5},{"damage":0,"enemies":"Small Slimes","floor":3,"turns":2},{"damage":4,"enemies":"2 Louse","floor":5,"turns":3},{"damage":11,"enemies":"Gremlin Gang","floor":8,"turns":3},{"damage":5,"enemies":"downfall:FleeingMerchant","floor":11,"turns":4},{"damage":11,"enemies":"Gremlin Nob","floor":12,"turns":4},{"damage":0,"enemies":"Exordium Wildlife","floor":14,"turns":2},{"damage":0,"enemies":"Large Slime","floor":15,"turns":4},{"damage":16,"enemies":"IC_STATUS_ARCHETYPE","floor":16,"turns":7},{"damage":5,"enemies":"Shell Parasite","floor":19,"turns":5},{"damage":34,"enemies":"Chosen and Byrds","floor":21,"turns":6},{"damage":4,"enemies":"downfall:FleeingMerchant","floor":22,"turns":4},{"damage":10,"enemies":"3 Cultists","floor":27,"turns":6},{"damage":1,"enemies":"Cultist and Chosen","floor":29,"turns":4},{"damage":0,"enemies":"Centurion and Healer","floor":31,"turns":4},{"damage":0,"enemies":"Snake Plant","floor":32,"turns":3},{"damage":33,"enemies":"DF_ARCHETYPE_CLAW","floor":33,"turns":8},{"damage":7,"enemies":"Orb Walker","floor":36,"turns":4},{"damage":0,"enemies":"downfall:FleeingMerchant","floor":37,"turns":4},{"damage":13,"enemies":"3 Shapes","floor":38,"turns":4},{"damage":13,"enemies":"Spire Growth","floor":39,"turns":6},{"damage":6,"enemies":"Spire Growth","floor":42,"turns":6},{"damage":25,"enemies":"Maw","floor":44,"turns":10},{"damage":0,"enemies":"4 Shapes","floor":45,"turns":6},{"damage":24,"enemies":"3 Darklings","floor":46,"turns":7},{"damage":0,"enemies":"downfall:FleeingMerchant","floor":48,"turns":3},{"damage":7,"enemies":"Sphere and 2 Shapes","floor":49,"turns":6},{"damage":88,"enemies":"WA_ARCHETYPE_DIVINITY","floor":50,"turns":9}],"seed_played":"-8094961291209635911","potions_obtained":[{"floor":8,"key":"champ:CounterPotion"},{"floor":14,"key":"FairyPotion"},{"floor":15,"key":"Weak Potion"},{"floor":21,"key":"FairyPotion"},{"floor":27,"key":"Slimebound:SlimedPotion"},{"floor":29,"key":"Slimebound:ThreeZeroPotion"},{"floor":33,"key":"FearPotion"},{"floor":38,"key":"Slimebound:SpawnSlimePotion"},{"floor":45,"key":"PowerPotion"}],"is_trial":false,"path_per_floor":["R","M","M","?","M","R","T","M","R","?","$","E","R","M","M","B",null,"R","M","?","M","$","?","T","?","R","M","?","M","R","M","M","B",null,"R","M","$","M","M","R","T","?","R","M","M","M","R","$","M","B",null],"character_chosen":"SLIMEBOUND","items_purchased":["Chrysalis","Slimebound:LeechEnergy","Slimebound:SelfDamagePreventRelic","SpeedPotion","Slimebound:LevelUp","Slimebound:Prepare","Shuriken","Secret Weapon","Slimebound:LeechingTouch"],"campfire_rested":2,"item_purchase_floors":[11,11,22,22,37,37,48,48,48],"current_hp_per_floor":[71,67,69,69,67,67,67,56,56,56,59,50,50,52,58,50,71,71,70,70,44,63,63,63,55,55,53,40,47,69,76,76,43,76,76,71,76,66,61,61,61,63,63,44,52,36,73,76,75,37],"gold":39,"neow_bonus":"TEN_PERCENT_HP_BONUS","is_daily":false,"chose_seed":false,"campfire_upgraded":9,"win_rate":0.0,"timestamp":1613204766,"path_taken":["R","M","M","?","M","R","T","M","R","?","$","E","R","M","M","BOSS","R","M","?","M","$","?","T","?","R","?","?","M","R","M","M","BOSS","R","M","$","M","M","R","T","?","R","M","M","M","R","$","M","BOSS"],"items_purchased_type":["Card","Card","Relic","Potion","Card","Card","Relic","Card","Card"],"build_version":"2020-12-22","purchased_purges":1,"victory":true,"max_hp_per_floor":[71,71,71,71,71,71,71,71,71,71,71,71,71,71,71,71,71,71,71,71,71,71,71,71,71,71,71,76,76,76,76,76,76,76,76,76,76,76,76,76,76,76,76,76,76,76,76,76,76,76],"card_choices":[{"not_picked":["Slimebound:SplitMire","Slimebound:ComboTackle"],"picked":"Slimebound:RollThrough","floor":2},{"not_picked":["Slimebound:Replication","Slimebound:SlimeBrawl"],"picked":"Slimebound:SplitBruiser","floor":3},{"not_picked":["Slimebound:Repurpose","Slimebound:SlimeBarrage"],"picked":"Slimebound:ItLooksTasty","floor":5},{"not_picked":["Slimebound:RollThrough","Slimebound:Prepare"],"picked":"Slimebound:OozeBath","floor":8},{"not_picked":["Slimebound:FlameTackle","Slimebound:SelfFormingGoo"],"picked":"Slimebound:ViciousTackle","floor":11},{"not_picked":["Slimebound:LivingWall","Slimebound:FormOfPuddle"],"picked":"Slimebound:GoopSpray","floor":12},{"not_picked":["Slimebound:SplitAcid","Slimebound:Schlurp"],"picked":"Slimebound:Dissolve","floor":14},{"not_picked":["Slimebound:GoopSpray","Slimebound:FinishingTackle"],"picked":"Slimebound:SamplingLick","floor":15},{"not_picked":["Slimebound:MinionMaster","Slimebound:OneTwoCombo"],"picked":"Slimebound:MassRepurpose","floor":16},{"not_picked":["Slimebound:ComboTackle","Slimebound:SplitMire"],"picked":"Slimebound:Schlurp","floor":19},{"not_picked":["Slimebound:ComboTackle","Slimebound:Grow","Slimebound:SlimeBarrage"],"picked":"SKIP","floor":21},{"not_picked":["Slimebound:Chomp+1","Slimebound:FormOfPuddle"],"picked":"Slimebound:SplitLeeching","floor":22},{"not_picked":["Slimebound:LeechingTouch","Slimebound:ProtectTheBoss","Slimebound:SpikyOuterGoop"],"picked":"SKIP","floor":27},{"not_picked":["Slimebound:SplitMire","Slimebound:Chomp"],"picked":"Slimebound:SplitLeeching","floor":29},{"not_picked":["Slimebound:FinishingTackle","Slimebound:LeechEnergy+1","Slimebound:ComboTackle"],"picked":"SKIP","floor":31},{"not_picked":["Slimebound:GoopSpray","Slimebound:SplitMire"],"picked":"Slimebound:LivingWall+1","floor":32},{"not_picked":["Slimebound:SplitAcid","Slimebound:ViciousTackle+1"],"picked":"Slimebound:Repurpose+1","floor":36},{"not_picked":["Slimebound:HauntingLick","Slimebound:SplitBruiser+1"],"picked":"Slimebound:SamplingLick+1","floor":37},{"not_picked":["Slimebound:LeechingTouch","Slimebound:SplitBruiser","Slimebound:SplitAcid+1"],"picked":"SKIP","floor":38},{"not_picked":["Slimebound:Gluttony","Slimebound:SplitBruiser"],"picked":"Slimebound:SlimeBarrage","floor":39},{"not_picked":["Slimebound:LeadByExample","Slimebound:ForwardTackle"],"picked":"Slimebound:SelfFormingGoo","floor":42},{"not_picked":["Slimebound:SplitLeeching","Slimebound:BestDefense"],"picked":"Slimebound:FinishingTackle+1","floor":44},{"not_picked":["Slimebound:Gluttony","Slimebound:GoopTackle+1"],"picked":"Slimebound:HauntingLick+1","floor":45},{"not_picked":["Slimebound:TongueLash+1","Slimebound:GoopSpray"],"picked":"Slimebound:Prepare+1","floor":46},{"not_picked":["Slimebound:RollThrough+1","Slimebound:FinishingTackle+1"],"picked":"Slimebound:LivingWall+1","floor":48},{"not_picked":["Slimebound:HauntingLick+1","Slimebound:ForwardTackle"],"picked":"Slimebound:SlimeSpikes+1","floor":49}],"player_experience":29447,"relics_obtained":[{"floor":7,"key":"Orichalcum"},{"floor":12,"key":"Girya"},{"floor":24,"key":"HornCleat"},{"floor":41,"key":"Regal Pillow"},{"floor":42,"key":"TungstenRod"}],"event_choices":[{"damage_healed":0,"gold_gain":0,"player_choice":"Stole Relic","damage_taken":0,"relics_obtained":["MealTicket"],"max_hp_gain":0,"max_hp_loss":0,"event_name":"Addict","floor":20,"gold_loss":0,"cards_obtained":["Pride"]},{"damage_healed":0,"gold_gain":0,"player_choice":"Ignored","damage_taken":0,"max_hp_gain":0,"max_hp_loss":0,"event_name":"Ghosts","floor":23,"gold_loss":0}],"is_beta":false,"boss_relics":[{"not_picked":["Black Star","Calling Bell"],"picked":"Philosopher\u0027s Stone"},{"not_picked":["Snecko Eye","Sozu"],"picked":"Empty Cage"}],"items_purged_floors":[48],"is_endless":false,"potions_floor_spawned":[8,14,15,21,27,29,33,38,39,42,45],"ascension_level":0}}