{"host":"nia1zwr35jsu5y7h","time":1613209588,"event":{"mods":["2.2 Compatiblity","Abigail Mod","Bard","BaseMod","Colored Map","Conspire","Downfall","Friendly Minions","Hermit","Highlight Path","Hubris","Infinite Spire","Kiyohime????","Koishi","Marisa????????","Minty Spire (QoL Compilation)","Quick Restart","Replay The Spire","Shade Mod","Shop Mod","StSLib","The Animator","The Construct","The Cursed","The Disciple","The Mystic","The Necromancer","The Servant 0.9.4"],"gold_per_floor":[99,140,179,454,494,530,557,590,608,16,43,65,110,1,18,128,128,28,52,77,127,194,206,270,282,332,344,39,96,118,118,146,259,259,259,279,304,304,314,314,314],"floor_reached":39,"language":"ENG","playtime":2576,"items_purged":["Regret","hexamod:Strike","downfall:Malfunctioning"],"score":594,"play_id":"5e0581eb-a071-4945-b9fa-1e6d9f8996a5","local_time":"20210213014628","is_ascension_mode":true,"campfire_choices":[{"data":"HandOfGreed","floor":1,"key":"SMITH"},{"data":"hexamod:Rewind","floor":18,"key":"SMITH"},{"data":"hexamod:GiftsFromTheDead","floor":23,"key":"SMITH"},{"data":"hexamod:GhostOfSpirePast","floor":25,"key":"SMITH"},{"data":"expansioncontent:StudyTheSpire","floor":35,"key":"SMITH"}],"circlet_count":0,"master_deck":["hexamod:Strike","hexamod:Strike","hexamod:Strike","hexamod:Defend","hexamod:Defend","hexamod:Defend","hexamod:Defend","hexamod:Sear","hexamod:Float","HandOfGreed+1","hexamod:EmpoweredFlame","hexamod:FourthSeal","hexamod:ThirdSeal","hexamod:GhostflameBarrier","hexamod:ApocalypseNow","hexamod:SearingWound","hexamod:SoulSteal","hexamod:CatchUp","hexamod:AdvancingGuard","hexamod:Rewind+1","hexamod:FirstSeal","hexamod:ForkedFlame","hexamod:FastForward","hexamod:FirstSeal","hexamod:AdvancingGuard","hexamod:GhostflameInferno","hexamod:DynamicBlow","hexamod:StepThrough","hexamod:CatchUp","hexamod:GiftsFromTheDead+1","hexamod:GhostOfSpirePast+1","hexamod:ForkedFlame","hexamod:TimeOfNeed","hexamod:FlamesFromBeyond","hexamod:FlamesFromBeyond+1","Doubt","hexamod:Again","hexamod:BacktrackSmack","hexamod:ExtraCrispy","hexamod:SkipABeat+1","hexamod:TimeWarp","expansioncontent:StudyTheSpire+1","hubris:Sloth","hexamod:GhostflameInferno","hexamod:UnleashSpirits","ReplayTheSpireMod:Faulty Equipment","hexamod:ApocalypseNow","hexamod:SpectralAdrenaline"],"relics":["hexamod:SpiritBrand","Blood Vial","Iron Hammer","Calipers","Orrery","Replay:Bandana","Coffee Dripper","downfall:HeartBlessingGreen","Ring of Greed","Tiny Chest","MawBank","Red Mask","hexamod:MatchstickCase","hexamod:SoulConsumer","hubris:Towel","hubris:SlimyHat","hubris:CuriousFeather","hexamod:IceCube","Mummified Hand"],"acts_visited":["Exordium","TheCity","TheBeyond"],"potions_floor_usage":[14,16,16,22,28,32,33,33,39,39],"damage_taken":[{"damage":2,"enemies":"Small Slimes","floor":2,"turns":2},{"damage":0,"enemies":"Cultist","floor":3,"turns":3},{"damage":0,"enemies":"Jaw Worm","floor":5,"turns":2},{"damage":12,"enemies":"2 Fungi Beasts","floor":6,"turns":3},{"damage":37,"enemies":"Lagavulin","floor":8,"turns":8},{"damage":5,"enemies":"Large Slime","floor":9,"turns":4},{"damage":1,"enemies":"downfall:FleeingMerchant","floor":10,"turns":4},{"damage":2,"enemies":"2 Fungi Beasts","floor":12,"turns":3},{"damage":2,"enemies":"3 Louse","floor":13,"turns":2},{"damage":10,"enemies":"downfall:FleeingMerchant","floor":14,"turns":4},{"damage":0,"enemies":"Blue Slaver","floor":15,"turns":3},{"damage":21,"enemies":"WA_ARCHETYPE_RETAIN","floor":16,"turns":6},{"damage":11,"enemies":"Shell Parasite","floor":19,"turns":5},{"damage":2,"enemies":"3 Byrds","floor":20,"turns":4},{"damage":37,"enemies":"Masked Bandits","floor":22,"turns":4},{"damage":0,"enemies":"Gremlin Leader","floor":26,"turns":6},{"damage":0,"enemies":"downfall:FleeingMerchant","floor":28,"turns":4},{"damage":28,"enemies":"Slavers","floor":29,"turns":6},{"damage":4,"enemies":"Snake Plant","floor":30,"turns":2},{"damage":9,"enemies":"Shelled Parasite and Fungi","floor":32,"turns":4},{"damage":15,"enemies":"IC_MUSHROOM_ARCHETYPE","floor":33,"turns":6},{"damage":9,"enemies":"3 Shapes","floor":36,"turns":3},{"damage":3,"enemies":"Orb Walker","floor":37,"turns":2},{"damage":65,"enemies":"Orin","floor":39,"turns":7}],"seed_played":"3404634709100377381","potions_obtained":[{"floor":2,"key":"hexamod:SoulburnPotion"},{"floor":3,"key":"FearPotion"},{"floor":6,"key":"Elixir"},{"floor":6,"key":"DistilledChaos"},{"floor":9,"key":"PowerPotion"},{"floor":14,"key":"AttackPotion"},{"floor":16,"key":"LiquidMemories"},{"floor":20,"key":"Swift Potion"},{"floor":22,"key":"infinitespire:BlackPotion"},{"floor":28,"key":"hexamod:EctoCoolerPotion"},{"floor":33,"key":"SpeedPotion"},{"floor":33,"key":"CultistPotion"},{"floor":36,"key":"Swift Potion"},{"floor":37,"key":"hexamod:InfernoChargePotion"}],"is_trial":false,"path_per_floor":["R","M","M","?","M","M","T","E","M","$","T","M","M","$","M","B",null,"R","M","M","?","?","R","T","R","E","?","$","E","M","T","M","B",null,"R","M","M","T","?"],"character_chosen":"THE_SPIRIT","items_purchased":["Calipers","hexamod:FirstSeal","Orrery","expansioncontent:StudyTheSpire"],"campfire_rested":0,"item_purchase_floors":[10,10,10,28],"current_hp_per_floor":[63,61,61,61,61,49,49,14,11,12,12,19,19,25,41,36,63,63,59,59,59,31,31,31,31,47,47,60,38,36,36,47,59,63,63,61,60,60,0,0,0],"gold":314,"neow_bonus":"RANDOM_COLORLESS_2","is_daily":false,"chose_seed":false,"campfire_upgraded":5,"win_rate":0.0,"timestamp":1613209588,"path_taken":["R","M","M","?","M","?","T","E","M","$","?","M","M","$","M","BOSS","R","M","?","?","?","R","T","R","E","?","$","E","M","?","M","BOSS","R","M","M","?","?"],"items_purchased_type":["Relic","Card","Relic","Card"],"build_version":"2020-12-22","purchased_purges":3,"victory":false,"max_hp_per_floor":[63,63,63,63,63,63,63,63,63,63,63,63,63,63,63,63,63,63,63,63,63,63,63,63,63,63,63,63,63,63,63,63,63,63,63,63,63,63,63,63,63],"card_choices":[{"not_picked":["The Bomb","Magnetism"],"picked":"HandOfGreed","floor":0},{"not_picked":["hexamod:NightmareStrike","hexamod:FourthSeal"],"picked":"hexamod:EmpoweredFlame","floor":2},{"not_picked":["hexamod:SpectersWail","hexamod:GhostShield"],"picked":"hexamod:FourthSeal","floor":3},{"not_picked":["hexamod:InspiringFlames","hexamod:HauntingEcho"],"picked":"hexamod:ThirdSeal","floor":5},{"not_picked":["hexamod:NightmareStrike","hexamod:EtherealExpedition"],"picked":"hexamod:GhostflameBarrier","floor":6},{"not_picked":["hexamod:GhostShield","hexamod:SpectersWail"],"picked":"hexamod:ApocalypseNow","floor":6},{"not_picked":["hexamod:DynamicBlow","hexamod:Firestarter"],"picked":"hexamod:SearingWound","floor":8},{"not_picked":["hexamod:SpectersWail","hexamod:DynamicBlow"],"picked":"hexamod:SoulSteal","floor":9},{"not_picked":["hexamod:SkipABeat","hexamod:SuperheatedStrike"],"picked":"hexamod:CatchUp","floor":9},{"not_picked":["hexamod:GhostShield","hexamod:SwordOfDarkness"],"picked":"hexamod:AdvancingGuard","floor":10},{"not_picked":["hexamod:BurningTouch","hexamod:RetreatToShadows"],"picked":"hexamod:Rewind","floor":10},{"not_picked":["hexamod:ShieldOfDarkness","hexamod:BurningTouch"],"picked":"hexamod:ForkedFlame","floor":10},{"not_picked":["hexamod:EtherealExpedition","hexamod:AdvancingGuard"],"picked":"hexamod:FastForward","floor":10},{"not_picked":["hexamod:NightmareStrike","hexamod:HeatMetal"],"picked":"hexamod:FirstSeal","floor":10},{"not_picked":["hexamod:ShieldOfDarkness","hexamod:HeatMetal"],"picked":"hexamod:AdvancingGuard","floor":10},{"not_picked":["hexamod:BurningTouch","hexamod:NightmareStrike"],"picked":"hexamod:GhostflameInferno","floor":10},{"not_picked":["hexamod:AdvancingGuard","hexamod:HauntingEcho"],"picked":"hexamod:DynamicBlow","floor":12},{"not_picked":["hexamod:ThermalTransfer","hexamod:ThirdSeal"],"picked":"hexamod:StepThrough","floor":13},{"not_picked":["hexamod:SuperheatedStrike","hexamod:SwordOfDarkness"],"picked":"hexamod:CatchUp","floor":13},{"not_picked":["hexamod:FlamesFromBeyond","hexamod:HeatMetal"],"picked":"hexamod:GiftsFromTheDead","floor":14},{"not_picked":["hexamod:DynamicBlow","hexamod:HeatMetal","hexamod:InspiringFlames"],"picked":"SKIP","floor":14},{"not_picked":["hexamod:SwordOfDarkness","hexamod:ShieldOfDarkness"],"picked":"hexamod:GhostOfSpirePast","floor":15},{"not_picked":["hexamod:TurnItUp","hexamod:ApocalypticArmor"],"picked":"hexamod:ForkedFlame","floor":16},{"not_picked":["hexamod:UnlimitedPower","hexamod:FlameSwitch"],"picked":"hexamod:TimeOfNeed","floor":16},{"not_picked":["hexamod:RainOfEmbers","hexamod:FourthSeal"],"picked":"hexamod:FlamesFromBeyond","floor":19},{"not_picked":["hexamod:SpectersWail","hexamod:ShieldOfDarkness+1","hexamod:DynamicBlow"],"picked":"SKIP","floor":19},{"not_picked":["hexamod:DynamicBlow","hexamod:SwordOfDarkness"],"picked":"hexamod:FlamesFromBeyond+1","floor":20},{"not_picked":["hexamod:Firestarter","hexamod:SuperheatedStrike+1"],"picked":"hexamod:Again","floor":22},{"not_picked":["hexamod:HauntingEcho","hexamod:Firestarter"],"picked":"hexamod:BacktrackSmack","floor":22},{"not_picked":["hexamod:BacktrackSmack+1","hexamod:SoulSteal"],"picked":"hexamod:ExtraCrispy","floor":26},{"not_picked":["hexamod:CatchUp","hexamod:Toasty"],"picked":"hexamod:SkipABeat+1","floor":26},{"not_picked":["hexamod:ThermalTransfer","hexamod:FlamesFromBeyond+1"],"picked":"hexamod:TimeWarp","floor":28},{"not_picked":["hexamod:ExtraCrispy","hexamod:InspiringFlames"],"picked":"hexamod:GhostflameInferno","floor":29},{"not_picked":["hexamod:Incineration","hexamod:NightmareStrike+1","hexamod:ShieldOfDarkness"],"picked":"SKIP","floor":30},{"not_picked":["hexamod:Hexaguard","hexamod:SwordOfDarkness"],"picked":"hexamod:UnleashSpirits","floor":32},{"not_picked":["hexamod:Haunt","hexamod:BurningTouch","hexamod:GhostShield+1"],"picked":"SKIP","floor":32},{"not_picked":["hexamod:GhostflameInferno","hexamod:Toasty"],"picked":"hexamod:ApocalypseNow","floor":33},{"not_picked":["hexamod:PhantomCloak","hexamod:RadiantFlame"],"picked":"hexamod:SpectralAdrenaline","floor":36},{"not_picked":["hexamod:NightmareStrike+1","hexamod:NightmareGuise","hexamod:GhostLash"],"picked":"SKIP","floor":37}],"player_experience":2196239,"relics_obtained":[{"floor":7,"key":"Blood Vial"},{"floor":8,"key":"Iron Hammer"},{"floor":11,"key":"Replay:Bandana"},{"floor":21,"key":"Ring of Greed"},{"floor":21,"key":"Tiny Chest"},{"floor":21,"key":"MawBank"},{"floor":22,"key":"Red Mask"},{"floor":24,"key":"hexamod:MatchstickCase"},{"floor":26,"key":"hexamod:SoulConsumer"},{"floor":29,"key":"hubris:SlimyHat"},{"floor":31,"key":"hubris:CuriousFeather"},{"floor":38,"key":"Mummified Hand"}],"event_choices":[{"damage_healed":0,"gold_gain":0,"player_choice":"Fought Bandits","damage_taken":0,"max_hp_gain":0,"max_hp_loss":0,"event_name":"Masked Bandits","floor":22,"gold_loss":0},{"damage_healed":0,"gold_gain":0,"player_choice":"Fight","damage_taken":0,"max_hp_gain":0,"max_hp_loss":0,"event_name":"OrinTheCat","floor":39,"gold_loss":0}],"is_beta":false,"boss_relics":[{"not_picked":["Tiny House","Replay:Wanted Poster"],"picked":"Coffee Dripper"},{"not_picked":["Snecko Heart","Calling Bell"],"picked":"hexamod:IceCube"}],"items_purged_floors":[10,14,28],"is_endless":false,"potions_floor_spawned":[2,3,6,15,20,26,30,36,37],"killed_by":"Orin","ascension_level":3}}