{"host":"n43wxkei7kulhi8o","time":1613241496,"event":{"mods":["BaseMod","Bestiary","Block Reminder","Colored Map","Colored Powertips","Curses Come First","Custom Start","Dark Map","Highlight Path","Minty Spire (QoL Compilation)","Relic Stats","StSLib"],"gold_per_floor":[119,119,45,60,60,60,100,100,123,464,539,567,317,282,282,388,388,404,114,131,231,251,251,285,285,294,322,322,247,261,289,289,289,289],"floor_reached":33,"language":"ENG","playtime":1020,"items_purged":[],"score":298,"play_id":"15352ad5-aa62-422e-a91b-2b145a6f7d23","local_time":"20210213133816","is_ascension_mode":false,"campfire_choices":[{"data":"Zap","floor":6,"key":"SMITH"},{"floor":8,"key":"REST"},{"floor":15,"key":"REST"},{"data":"Echo Form","floor":23,"key":"SMITH"},{"floor":25,"key":"REST"},{"data":"Capacitor","floor":28,"key":"SMITH"},{"data":"Biased Cognition","floor":32,"key":"SMITH"}],"circlet_count":0,"master_deck":["Strike_B","Strike_B","Strike_B","Strike_B","Defend_B+1","Defend_B","Defend_B+1","Defend_B","Zap+1","Dualcast","CurseOfTheBell","Sweeping Beam","Capacitor+1","Ball Lightning","Doom and Gloom","Leap","Ball Lightning","Echo Form+1","Conserve Battery","Cold Snap","Biased Cognition+1"],"relics":["Calling Bell","CeramicFish","Kunai","Mango","Vajra","Regal Pillow","Old Coin","Runic Capacitor","Cursed Key","Blue Candle","Mercury Hourglass","Bottled Tornado"],"acts_visited":["Exordium","TheCity"],"potions_floor_usage":[24,24,24,24,33],"damage_taken":[{"damage":2,"enemies":"Small Slimes","floor":1,"turns":4},{"damage":4,"enemies":"2 Louse","floor":4,"turns":2},{"damage":64,"enemies":"Gremlin Nob","floor":7,"turns":5},{"damage":12,"enemies":"Lagavulin","floor":10,"turns":7},{"damage":0,"enemies":"Cultist","floor":12,"turns":4},{"damage":24,"enemies":"The Guardian","floor":16,"turns":9},{"damage":19,"enemies":"2 Thieves","floor":18,"turns":3},{"damage":19,"enemies":"3 Byrds","floor":20,"turns":5},{"damage":1,"enemies":"Centurion and Healer","floor":22,"turns":6},{"damage":19,"enemies":"Book of Stabbing","floor":24,"turns":6},{"damage":2,"enemies":"Snecko","floor":27,"turns":6},{"damage":1,"enemies":"3 Cultists","floor":30,"turns":4},{"damage":22,"enemies":"Shelled Parasite and Fungi","floor":31,"turns":4},{"damage":50,"enemies":"Automaton","floor":33,"turns":6}],"seed_played":"2833160362420543954","potions_obtained":[{"floor":1,"key":"SpeedPotion"},{"floor":18,"key":"EssenceOfSteel"},{"floor":24,"key":"Dexterity Potion"},{"floor":31,"key":"Ancient Potion"}],"is_trial":false,"path_per_floor":["M","?","$","M","?","R","E","R","T","E","?","M","$","?","R","B",null,"M","$","M","?","M","R","E","R","T","M","R","?","M","M","R","B"],"character_chosen":"DEFECT","items_purchased":["Capacitor","Ball Lightning","Runic Capacitor","EntropicBrew","Blue Candle","Conserve Battery"],"campfire_rested":3,"item_purchase_floors":[3,3,13,13,19,19],"current_hp_per_floor":[87,69,69,65,65,65,1,27,27,15,4,4,4,26,67,43,89,70,70,51,51,50,50,31,72,72,70,70,70,69,47,47,0,0],"gold":289,"neow_bonus":"BOSS_RELIC","is_daily":false,"chose_seed":false,"campfire_upgraded":4,"win_rate":0.0,"timestamp":1613241496,"path_taken":["M","?","$","M","?","R","E","R","T","E","?","M","$","?","R","BOSS","M","$","M","?","M","R","E","R","T","?","R","?","M","M","R","BOSS"],"items_purchased_type":["Card","Card","Relic","Potion","Relic","Card"],"build_version":"2020-12-22","purchased_purges":0,"victory":false,"max_hp_per_floor":[89,89,89,89,89,89,89,89,89,89,89,89,89,89,89,89,89,89,89,89,89,89,89,89,89,89,89,89,86,86,86,86,86,86],"relic_stats":{"Regal Pillow":30,"counters":[14,71],"CeramicFish":99,"Blue Candle":[8],"Kunai":[15],"Cursed Key":1,"obtain_stats":[{"Regal Pillow":9,"CeramicFish":0,"Blue Candle":19,"Vajra":7,"Mango":0,"Runic Capacitor":13,"Bottled Tornado":26,"Cursed Key":17,"Old Coin":10,"Mercury Hourglass":24,"Calling Bell":0,"Kunai":0,"Cracked Core":0},{"Regal Pillow":3,"CeramicFish":0,"Blue Candle":7,"Vajra":3,"Mango":0,"Runic Capacitor":5,"Bottled Tornado":10,"Cursed Key":6,"Old Coin":4,"Mercury Hourglass":10,"Calling Bell":0,"Kunai":0,"Cracked Core":0},{"Regal Pillow":11,"CeramicFish":0,"Blue Candle":34,"Vajra":11,"Mango":0,"Runic Capacitor":22,"Bottled Tornado":51,"Cursed Key":31,"Old Coin":18,"Mercury Hourglass":51,"Calling Bell":0,"Kunai":0,"Cracked Core":0}],"Mercury Hourglass":[96]},"card_choices":[{"not_picked":["Cold Snap","Beam Cell"],"picked":"Sweeping Beam","floor":1},{"not_picked":["Stack","Steam","Compile Driver"],"picked":"SKIP","floor":4},{"not_picked":["Go for the Eyes","Genetic Algorithm"],"picked":"Doom and Gloom","floor":7},{"not_picked":["Barrage","Sweeping Beam"],"picked":"Leap","floor":10},{"not_picked":["Heatsinks","Hologram"],"picked":"Ball Lightning","floor":12},{"not_picked":["Meteor Strike","Multi-Cast"],"picked":"Echo Form","floor":16},{"not_picked":["Hologram","Sweeping Beam","Go for the Eyes"],"picked":"SKIP","floor":18},{"not_picked":["Streamline","Sweeping Beam","Aggregate"],"picked":"SKIP","floor":20},{"not_picked":["Stack","Darkness+1","Skim"],"picked":"SKIP","floor":22},{"not_picked":["Blizzard","Sweeping Beam","Barrage"],"picked":"SKIP","floor":24},{"not_picked":["Leap","Conserve Battery+1"],"picked":"Cold Snap","floor":27},{"not_picked":["Steam","Go for the Eyes","Loop"],"picked":"SKIP","floor":30},{"not_picked":["Heatsinks+1","Barrage"],"picked":"Biased Cognition","floor":31}],"player_experience":695113,"relics_obtained":[{"floor":0,"key":"CeramicFish"},{"floor":0,"key":"Kunai"},{"floor":0,"key":"Mango"},{"floor":7,"key":"Vajra"},{"floor":9,"key":"Regal Pillow"},{"floor":10,"key":"Old Coin"},{"floor":24,"key":"Mercury Hourglass"},{"floor":26,"key":"Bottled Tornado"}],"event_choices":[{"damage_healed":0,"gold_gain":0,"player_choice":"Entered Light","damage_taken":18,"max_hp_gain":0,"max_hp_loss":0,"event_name":"Shining Light","floor":2,"gold_loss":0,"cards_upgraded":["Defend_B","Defend_B"]},{"damage_healed":0,"gold_gain":0,"player_choice":"Ignored","damage_taken":0,"max_hp_gain":0,"max_hp_loss":0,"event_name":"Golden Wing","floor":5,"gold_loss":0},{"damage_healed":0,"gold_gain":75,"player_choice":"Gather Gold","damage_taken":11,"max_hp_gain":0,"max_hp_loss":0,"event_name":"World of Goop","floor":11,"gold_loss":0},{"damage_healed":22,"gold_gain":0,"player_choice":"Healed","damage_taken":0,"max_hp_gain":0,"max_hp_loss":0,"event_name":"The Cleric","floor":14,"gold_loss":35},{"damage_healed":0,"gold_gain":100,"player_choice":"Pray","damage_taken":0,"max_hp_gain":0,"max_hp_loss":0,"event_name":"Golden Shrine","floor":21,"gold_loss":0},{"cards_removed":["Parasite"],"damage_healed":0,"gold_gain":0,"player_choice":"Gave Gold","damage_taken":0,"max_hp_gain":0,"max_hp_loss":0,"event_name":"Beggar","floor":29,"gold_loss":75}],"is_beta":false,"boss_relics":[{"not_picked":["Snecko Eye","Empty Cage"],"picked":"Cursed Key"}],"items_purged_floors":[],"is_endless":false,"potions_floor_spawned":[1,16,18,24,31],"killed_by":"Automaton","ascension_level":0}}