{"host":"8f5cu9y0fpol72qs","time":1613254741,"event":{"mods":["AlwaysNeverKeys","BaseMod","Colored Map","Colored Powertips","Curses Come First","Highlight Path","Key Reminder","Minty Spire (QoL Compilation)","StSLib"],"gold_per_floor":[114,130,147,166,91,91,121,134,134,162,162,174,201,201,201,279,279,295,295,308,325,77,77,110,110,110,35,70,70,90,90,90],"floor_reached":31,"language":"ENG","playtime":1527,"items_purged":["Defend_B"],"score":605,"play_id":"8fd03ced-63e2-485d-b140-3604d115fcec","local_time":"20210213141901","is_ascension_mode":true,"campfire_choices":[{"data":"Zap","floor":6,"key":"SMITH"},{"floor":15,"key":"REST"},{"data":"Defragment","floor":23,"key":"SMITH"},{"floor":29,"key":"REST"}],"circlet_count":0,"master_deck":["AscendersBane","Defend_B","Zap+1","Dualcast","Reinforced Body","Conserve Battery","Doom and Gloom","Darkness","Defragment+1","Go for the Eyes","Chill","Echo Form","Meteor Strike+1","Undo+1","Rebound+1","Ghostly","Ghostly","Ghostly","Turbo+1","Barrage","Multi-Cast","White Noise+1","Compile Driver"],"relics":["Cracked Core","Oddly Smooth Stone","MealTicket","Pen Nib","Odd Mushroom","Astrolabe","Art of War","Pantograph","Nilry\u0027s Codex","Mango","DataDisk"],"acts_visited":["Exordium","TheCity"],"potions_floor_usage":[7,10,13,16,24,28],"damage_taken":[{"damage":4,"enemies":"Jaw Worm","floor":1,"turns":4},{"damage":4,"enemies":"Small Slimes","floor":2,"turns":4},{"damage":2,"enemies":"Cultist","floor":3,"turns":4},{"damage":4,"enemies":"3 Louse","floor":4,"turns":3},{"damage":0,"enemies":"Lagavulin","floor":7,"turns":6},{"damage":1,"enemies":"Blue Slaver","floor":8,"turns":4},{"damage":27,"enemies":"Gremlin Nob","floor":10,"turns":4},{"damage":0,"enemies":"2 Fungi Beasts","floor":12,"turns":3},{"damage":14,"enemies":"The Mushroom Lair","floor":13,"turns":4},{"damage":24,"enemies":"The Guardian","floor":16,"turns":10},{"damage":28,"enemies":"Spheric Guardian","floor":18,"turns":6},{"damage":1,"enemies":"Chosen","floor":20,"turns":5},{"damage":7,"enemies":"Sentry and Sphere","floor":21,"turns":8},{"damage":9,"enemies":"Book of Stabbing","floor":24,"turns":5},{"damage":13,"enemies":"Slavers","floor":28,"turns":8},{"damage":14,"enemies":"Snake Plant","floor":30,"turns":6},{"damage":8,"enemies":"Book of Stabbing","floor":31,"turns":1}],"seed_played":"2377541104941546","potions_obtained":[{"floor":1,"key":"Fire Potion"},{"floor":4,"key":"PowerPotion"},{"floor":8,"key":"Strength Potion"},{"floor":11,"key":"Weak Potion"},{"floor":12,"key":"FocusPotion"},{"floor":20,"key":"Weak Potion"},{"floor":21,"key":"FocusPotion"},{"floor":28,"key":"Explosive Potion"}],"is_trial":false,"path_per_floor":["M","M","M","M","?","R","E","M","T","E","?","M","?","?","R","B",null,"M","?","M","M","$","R","E","?","T","?","E","R","M","E"],"character_chosen":"DEFECT","items_purchased":["Art of War"],"campfire_rested":2,"item_purchase_floors":[22],"current_hp_per_floor":[60,56,54,50,50,50,50,49,49,22,22,22,8,8,29,5,55,27,27,26,19,34,34,25,4,18,18,5,19,5,0,0],"gold":90,"neow_bonus":"REMOVE_CARD","is_daily":false,"chose_seed":false,"campfire_upgraded":2,"win_rate":0.0,"timestamp":1613254741,"path_taken":["M","M","M","M","?","R","E","M","T","E","?","?","?","?","R","BOSS","M","?","M","M","$","R","E","?","T","?","E","R","M","E"],"items_purchased_type":["Relic"],"build_version":"2020-12-22","purchased_purges":1,"victory":false,"max_hp_per_floor":[71,71,71,71,71,71,71,71,71,71,71,71,71,71,71,71,71,71,35,35,35,35,35,35,35,49,49,49,49,49,49,49],"card_choices":[{"not_picked":["Capacitor","Redo"],"picked":"Reinforced Body","floor":1},{"not_picked":["Turbo","Force Field","Chaos"],"picked":"SKIP","floor":2},{"not_picked":["Coolheaded","Turbo"],"picked":"Conserve Battery","floor":3},{"not_picked":["Recycle","BootSequence"],"picked":"Doom and Gloom","floor":4},{"not_picked":["Hello World","Steam"],"picked":"Darkness","floor":7},{"not_picked":["Double Energy","Storm","Stack"],"picked":"SKIP","floor":8},{"not_picked":["Buffer","Skim"],"picked":"Defragment","floor":10},{"not_picked":["Streamline","Barrage"],"picked":"Go for the Eyes","floor":12},{"not_picked":["Stack","Heatsinks"],"picked":"Chill","floor":13},{"not_picked":["Meteor Strike","Rainbow"],"picked":"Echo Form","floor":16},{"not_picked":["Stack","Leap","Steam"],"picked":"SKIP","floor":18},{"not_picked":["Turbo+1","Consume","Leap"],"picked":"SKIP","floor":20},{"not_picked":["Consume","Leap"],"picked":"Turbo+1","floor":20},{"not_picked":["Blizzard","Recycle"],"picked":"Barrage","floor":21},{"not_picked":["Amplify","Loop"],"picked":"Multi-Cast","floor":24},{"not_picked":["Reprogram","Storm"],"picked":"White Noise+1","floor":28},{"not_picked":["Storm","Cold Snap"],"picked":"Compile Driver","floor":30}],"player_experience":1077048,"relics_obtained":[{"floor":7,"key":"Oddly Smooth Stone"},{"floor":9,"key":"MealTicket"},{"floor":10,"key":"Pen Nib"},{"floor":13,"key":"Odd Mushroom"},{"floor":24,"key":"Pantograph"},{"floor":25,"key":"Nilry\u0027s Codex"},{"floor":26,"key":"Mango"},{"floor":28,"key":"DataDisk"}],"event_choices":[{"cards_removed":["Strike_B"],"damage_healed":0,"gold_gain":0,"player_choice":"Card Removal","damage_taken":0,"max_hp_gain":0,"max_hp_loss":0,"event_name":"The Cleric","floor":5,"gold_loss":75},{"damage_healed":0,"gold_gain":0,"player_choice":"Got Potions","damage_taken":0,"max_hp_gain":0,"max_hp_loss":0,"event_name":"Lab","floor":11,"gold_loss":0},{"damage_healed":0,"gold_gain":0,"player_choice":"Fought Mushrooms","damage_taken":0,"max_hp_gain":0,"max_hp_loss":0,"event_name":"Mushrooms","floor":13,"gold_loss":0},{"damage_healed":0,"gold_gain":0,"player_choice":"Ignored","damage_taken":0,"max_hp_gain":0,"max_hp_loss":0,"event_name":"Shining Light","floor":14,"gold_loss":0},{"damage_healed":0,"gold_gain":0,"player_choice":"Became a Ghost","damage_taken":0,"max_hp_gain":0,"max_hp_loss":36,"event_name":"Ghosts","floor":19,"gold_loss":0,"cards_obtained":["Ghostly","Ghostly","Ghostly"]},{"damage_healed":0,"gold_gain":0,"player_choice":"Obtained Book","damage_taken":21,"max_hp_gain":0,"max_hp_loss":0,"event_name":"Cursed Tome","floor":25,"gold_loss":0},{"cards_removed":["Defend_B"],"damage_healed":0,"gold_gain":0,"player_choice":"Gave Gold","damage_taken":0,"max_hp_gain":0,"max_hp_loss":0,"event_name":"Beggar","floor":27,"gold_loss":75}],"is_beta":false,"boss_relics":[{"not_picked":["Runic Dome","Tiny House"],"picked":"Astrolabe"}],"items_purged_floors":[22],"is_endless":false,"potions_floor_spawned":[1,4,8,12,20,21,28],"killed_by":"Book of Stabbing","ascension_level":19}}