{"host":"z8k0b1oqxoiri7b9","time":1613204565,"event":{"mods":["AchievementEnabler","BaseMod","Downfall","Minty Spire (QoL Compilation)","StSLib"],"gold_per_floor":[99,109,126,141,51,70,70,145,145,145,30,40,67,79,92,92,92,92],"floor_reached":16,"language":"ENG","playtime":1351,"items_purged":["Slimebound:CorrosiveSpit","downfall:Haunted"],"score":108,"play_id":"a31e2f88-f04a-4511-9f64-519ef7459810","local_time":"20210213162245","is_ascension_mode":true,"campfire_choices":[{"data":"Slimebound:Split","floor":1.0,"key":"SMITH"},{"data":"Slimebound:PressTheAttack","floor":10,"key":"SMITH"}],"circlet_count":0,"master_deck":["Slimebound:Strike_Slimebound","Slimebound:Tackle","Slimebound:Defend_Slimebound+1","Slimebound:Defend_Slimebound+1","Slimebound:Defend_Slimebound","Slimebound:Defend_Slimebound","Slimebound:Split+1","Slimebound:SplitBruiser","Slimebound:PressTheAttack+1","Slimebound:Repurpose"],"relics":["Slimebound:AbsorbEndCombat","Bronze Scales","War Paint"],"acts_visited":["Exordium"],"potions_floor_usage":[],"damage_taken":[{"damage":1.0,"enemies":"Cultist","floor":2.0,"turns":4.0},{"damage":8.0,"enemies":"Jaw Worm","floor":3.0,"turns":4.0},{"damage":0.0,"enemies":"2 Louse","floor":4.0,"turns":3.0},{"damage":3.0,"enemies":"downfall:FleeingMerchant","floor":5.0,"turns":4.0},{"damage":24.0,"enemies":"Lots of Slimes","floor":6.0,"turns":3.0},{"damage":10,"enemies":"downfall:FleeingMerchant","floor":11,"turns":4},{"damage":13,"enemies":"3 Louse","floor":12,"turns":2},{"damage":8,"enemies":"Exordium Wildlife","floor":14,"turns":3},{"damage":9,"enemies":"Exordium Thugs","floor":15,"turns":3},{"damage":23,"enemies":"IC_STATUS_ARCHETYPE","floor":16,"turns":4}],"seed_played":"-1728786311870896684","potions_obtained":[{"floor":2.0,"key":"Ancient Potion"},{"floor":6.0,"key":"SteroidPotion"}],"is_trial":false,"path_per_floor":["R","M","M","M","$","M","T","?","?","R","$","M","T","M","M","B"],"character_chosen":"SLIMEBOUND","items_purchased":[],"campfire_rested":0,"item_purchase_floors":[],"current_hp_per_floor":[71,71,67,69,70,46,46,46,46,46,40,27,27,21,16,0,0,0],"gold":92,"neow_bonus":"TEN_PERCENT_HP_BONUS","is_daily":false,"chose_seed":false,"campfire_upgraded":2,"win_rate":0.0,"timestamp":1613204565,"path_taken":["R","M","M","M","$","M","T","?","?","R","$","?","?","?","M","BOSS"],"items_purchased_type":[],"build_version":"2020-12-22","purchased_purges":2,"victory":false,"max_hp_per_floor":[71,71,71,71,71,71,71,71,71,71,71,71,71,71,71,71,71,71],"card_choices":[{"not_picked":["Slimebound:RejuvenatingLick","Slimebound:LeechEnergy","Slimebound:ServeAndProtect"],"picked":"SKIP","floor":2.0},{"not_picked":["Slimebound:SlimeSpikes","Slimebound:LeechingTouch"],"picked":"Slimebound:Gluttony","floor":3.0},{"not_picked":["Slimebound:PressTheAttack","Slimebound:ViciousTackle"],"picked":"Slimebound:SplitBruiser","floor":4.0},{"not_picked":["Slimebound:SplitLeeching","Slimebound:ForwardTackle"],"picked":"Slimebound:PressTheAttack","floor":5.0},{"not_picked":["Slimebound:HauntingLick","Slimebound:GoopTackle","Slimebound:ServeAndProtect"],"picked":"SKIP","floor":6.0},{"not_picked":["Slimebound:FinishingTackle","Slimebound:ComboTackle","Slimebound:GrowthPunch"],"picked":"SKIP","floor":11},{"not_picked":["Slimebound:SlimeSpikes","Slimebound:Dissolve","Slimebound:RejuvenatingLick"],"picked":"SKIP","floor":12},{"not_picked":["Slimebound:SlimeSpikes","Slimebound:MegaLick","Slimebound:LeechEnergy"],"picked":"SKIP","floor":14},{"not_picked":["Slimebound:DisruptingSlam","Slimebound:ItLooksTasty"],"picked":"Slimebound:Repurpose","floor":15}],"player_experience":211881,"relics_obtained":[{"floor":7.0,"key":"Bronze Scales"},{"floor":13,"key":"War Paint"}],"event_choices":[],"is_beta":false,"boss_relics":[],"items_purged_floors":[5,11],"is_endless":false,"potions_floor_spawned":[2,6],"killed_by":"IC_STATUS_ARCHETYPE","ascension_level":3}}