{"host":"q387i5o1hp66091u","time":1613197183,"event":{"mods":["2.2 Compatiblity","BaseMod","Minty Spire (QoL Compilation)","Rare Cards Sparkle"],"gold_per_floor":[119,129,129,304,318,318,345,362,387,421,439,464,464,478,478,582,582,592,602,602,612,623,653,653,680,680,186,226,226,46,65,65,179,206,235,235,235],"floor_reached":36,"language":"JPN","playtime":2170,"items_purged":["Strike_G","Strike_G"],"score":545,"play_id":"bc2923e6-7119-4cef-b6e5-0c46e4a5e43b","local_time":"20210213151943","is_ascension_mode":true,"campfire_choices":[{"data":"Terror","floor":6.0,"key":"SMITH"},{"floor":13.0,"key":"REST"},{"floor":15.0,"key":"REST"},{"floor":24,"key":"REST"},{"floor":29,"key":"REST"},{"floor":32,"key":"REST"}],"circlet_count":0,"master_deck":["Defend_G","Defend_G","Defend_G","Defend_G","Defend_G","Survivor","Neutralize","Dagger Throw","Underhanded Strike","Terror+1","Poisoned Stab","Dagger Throw","Poisoned Stab","Leg Sweep","Underhanded Strike","Prepared","Unload","CurseOfTheBell","Dagger Throw","Eviscerate","Prepared","Footwork","Calculated Gamble","Calculated Gamble","Eviscerate","Bouncing Flask+1","Panacea","Underhanded Strike","Envenom","Cloak And Dagger+1","Dagger Throw+1","Injury","Bane"],"relics":["Ring of the Snake","Bag of Marbles","Oddly Smooth Stone","Juzu Bracelet","Blood Vial","Odd Mushroom","Calling Bell","Potion Belt","Singing Bowl","TungstenRod","CeramicFish","Anchor","Lantern","Toolbox","Snake Skull","Astrolabe"],"acts_visited":["Exordium","TheCity","TheBeyond"],"potions_floor_usage":[23,23,28,33,36],"damage_taken":[{"damage":7.0,"enemies":"Jaw Worm","floor":1.0,"turns":7.0},{"damage":0.0,"enemies":"2 Louse","floor":2.0,"turns":2.0},{"damage":0.0,"enemies":"Small Slimes","floor":5.0,"turns":2.0},{"damage":23.0,"enemies":"Gremlin Nob","floor":7.0,"turns":4.0},{"damage":3.0,"enemies":"Blue Slaver","floor":8.0,"turns":2.0},{"damage":13.0,"enemies":"Lagavulin","floor":10.0,"turns":6.0},{"damage":9.0,"enemies":"Large Slime","floor":11.0,"turns":3.0},{"damage":14.0,"enemies":"The Mushroom Lair","floor":12.0,"turns":4.0},{"damage":0.0,"enemies":"Gremlin Gang","floor":14.0,"turns":4.0},{"damage":45.0,"enemies":"Hexaghost","floor":16.0,"turns":10.0},{"damage":1.0,"enemies":"Chosen","floor":18.0,"turns":4.0},{"damage":10.0,"enemies":"Spheric Guardian","floor":19.0,"turns":6.0},{"damage":6.0,"enemies":"Snecko","floor":21.0,"turns":3.0},{"damage":38,"enemies":"Sentry and Sphere","floor":22,"turns":6},{"damage":12,"enemies":"Gremlin Leader","floor":23,"turns":6},{"damage":16,"enemies":"Snake Plant","floor":25,"turns":4},{"damage":8,"enemies":"Book of Stabbing","floor":28,"turns":6},{"damage":8,"enemies":"Chosen and Byrds","floor":31,"turns":5},{"damage":47,"enemies":"Champ","floor":33,"turns":11},{"damage":41,"enemies":"3 Darklings","floor":35,"turns":7},{"damage":29,"enemies":"2 Orb Walkers","floor":36,"turns":4}],"seed_played":"-7633555556257768203","potions_obtained":[{"floor":7.0,"key":"Regen Potion"},{"floor":8.0,"key":"ColorlessPotion"},{"floor":10.0,"key":"CultistPotion"},{"floor":12.0,"key":"GamblersBrew"},{"floor":22,"key":"DistilledChaos"},{"floor":25,"key":"SkillPotion"},{"floor":31,"key":"DuplicationPotion"},{"floor":35,"key":"FearPotion"}],"is_trial":false,"path_per_floor":["M","M","?","?","M","R","E","M","T","E","M","?","R","M","R","B",null,"M","M","?","M","M","E","R","M","T","$","E","R","$","M","R","B",null,"M","?"],"character_chosen":"THE_SILENT","items_purchased":["Lantern","Calculated Gamble","Eviscerate","Toolbox","Panacea"],"campfire_rested":5,"item_purchase_floors":[27,27,27,27,30],"current_hp_per_floor":[70,70,67,67,67,67,44,41,41,28,21,9,32,34,57,14,61,62,56,56,52,16,23,47,33,33,33,27,51,51,45,69,24,65,26,0,0],"gold":235,"neow_bonus":"TEN_PERCENT_HP_BONUS","is_daily":false,"chose_seed":false,"campfire_upgraded":1,"win_rate":0.0,"timestamp":1613197183,"path_taken":["M","M","?","?","M","R","E","M","T","E","M","?","R","M","R","BOSS","M","M","?","M","M","E","R","M","T","$","E","R","$","M","R","BOSS","M","?"],"items_purchased_type":["Relic","Card","Card","Relic","Card"],"build_version":"2020-12-22","purchased_purges":2,"victory":false,"max_hp_per_floor":[77,77,77,77,77,77,77,77,77,77,77,77,77,77,77,77,77,77,79,79,79,79,81,81,81,81,81,81,81,81,81,81,81,78,78,78,78],"card_choices":[{"not_picked":["Slice","Blade Dance"],"picked":"Dagger Throw","floor":1.0},{"not_picked":["Flying Knee","Blade Dance"],"picked":"Underhanded Strike","floor":2.0},{"not_picked":["Dagger Spray","Cloak And Dagger"],"picked":"Terror","floor":5.0},{"not_picked":["Deadly Poison","Grand Finale"],"picked":"Poisoned Stab","floor":7.0},{"not_picked":["Outmaneuver","Masterful Stab"],"picked":"Dagger Throw","floor":8.0},{"not_picked":["Endless Agony","Deflect"],"picked":"Poisoned Stab","floor":10.0},{"not_picked":["Endless Agony","Infinite Blades"],"picked":"Leg Sweep","floor":11.0},{"not_picked":["Catalyst","Bane"],"picked":"Underhanded Strike","floor":12.0},{"not_picked":["Skewer","Concentrate"],"picked":"Prepared","floor":14.0},{"not_picked":["Corpse Explosion","Grand Finale"],"picked":"Unload","floor":16.0},{"not_picked":["Well Laid Plans","Deadly Poison"],"picked":"Dagger Throw","floor":18.0},{"not_picked":["Catalyst+1","Finisher","Slice"],"picked":"Singing Bowl","floor":19.0},{"not_picked":["Bane+1","Dodge and Roll"],"picked":"Prepared","floor":21.0},{"not_picked":["Slice+1","Outmaneuver"],"picked":"Footwork","floor":22},{"not_picked":["Malaise","Flying Knee","Deadly Poison+1"],"picked":"Singing Bowl","floor":23},{"not_picked":["Bouncing Flask","Backflip+1"],"picked":"Calculated Gamble","floor":25},{"not_picked":["Acrobatics","Masterful Stab"],"picked":"Bouncing Flask+1","floor":28},{"not_picked":["Outmaneuver","Calculated Gamble"],"picked":"Underhanded Strike","floor":31},{"not_picked":["Glass Knife","Venomology"],"picked":"Envenom","floor":33},{"not_picked":["Deflect","Sucker Punch+1"],"picked":"Bane","floor":35}],"player_experience":611040,"relics_obtained":[{"floor":7.0,"key":"Oddly Smooth Stone"},{"floor":9.0,"key":"Juzu Bracelet"},{"floor":10.0,"key":"Blood Vial"},{"floor":12.0,"key":"Odd Mushroom"},{"floor":17.0,"key":"Potion Belt"},{"floor":17.0,"key":"Singing Bowl"},{"floor":17.0,"key":"TungstenRod"},{"floor":23,"key":"CeramicFish"},{"floor":26,"key":"Anchor"},{"floor":28,"key":"Snake Skull"}],"event_choices":[{"damage_healed":0.0,"max_hp_gain":0.0,"max_hp_loss":0.0,"gold_gain":0.0,"event_name":"Scrap Ooze","player_choice":"Success","floor":3.0,"gold_loss":0.0,"damage_taken":3.0,"relics_obtained":["Bag of Marbles"]},{"damage_healed":0.0,"max_hp_gain":0.0,"max_hp_loss":0.0,"gold_gain":175.0,"event_name":"Liars Game","player_choice":"AGREE","floor":4.0,"gold_loss":0.0,"damage_taken":0.0,"cards_obtained":["Doubt"]},{"damage_healed":0.0,"max_hp_gain":0.0,"max_hp_loss":0.0,"gold_gain":0.0,"event_name":"Mushrooms","player_choice":"Fought Mushrooms","floor":12.0,"gold_loss":0.0,"damage_taken":0.0},{"damage_healed":0.0,"max_hp_gain":0.0,"max_hp_loss":0.0,"gold_gain":0.0,"cards_transformed":["Doubt","Strike_G"],"event_name":"Drug Dealer","player_choice":"Became Test Subject","floor":20.0,"gold_loss":0.0,"damage_taken":0.0,"cards_obtained":["Parasite","Eviscerate"]},{"damage_healed":0,"gold_gain":0,"player_choice":"Fight","damage_taken":0,"max_hp_gain":0,"max_hp_loss":0,"event_name":"Mysterious Sphere","floor":36,"gold_loss":0}],"is_beta":false,"boss_relics":[{"not_picked":["Empty Cage","Coffee Dripper"],"picked":"Calling Bell"},{"not_picked":["SacredBark","Pandora\u0027s Box"],"picked":"Astrolabe"}],"items_purged_floors":[27,30],"is_endless":false,"potions_floor_spawned":[7,8,10,12,16,22,25,31,35],"killed_by":"2 Orb Walkers","ascension_level":5}}