{"host":"2zt55z1m1j8q763w","time":1613222674,"event":{"mods":["AchievementEnabler","BaseMod","Highlight Path","Minty Spire (QoL Compilation)","Relic Stats"],"gold_per_floor":[115,115,135,19,39,39,54,54,54,54,84,99,119,132,132,230,230,247,72,82,98,98,110,156,184,273,94,94,112,147,162,162,261,261,261],"floor_reached":34,"language":"ENG","playtime":2693,"items_purged":["Strike_R","Strike_R"],"score":396,"play_id":"3e320fbd-21f9-4246-a8ab-c2c638fa525c","local_time":"20210213142434","is_ascension_mode":false,"campfire_choices":[{"data":"Bludgeon","floor":6.0,"key":"SMITH"},{"data":"Thunderclap","floor":8.0,"key":"SMITH"},{"data":"Cleave","floor":10.0,"key":"SMITH"},{"data":"Infernal Blade","floor":15.0,"key":"SMITH"},{"data":"Good Instincts","floor":23,"key":"SMITH"},{"floor":28,"key":"REST"},{"data":"Flame Barrier","floor":32,"key":"SMITH"}],"circlet_count":0,"master_deck":["Defend_R","Defend_R","Defend_R","Bash","Bludgeon+1","Bloodletting","Warcry","Good Instincts+1","Cleave+1","Ghostly Armor","Pommel Strike","Thunderclap+1","Infernal Blade+1","Shrug It Off","Shrug It Off","Battle Trance","Reaper+1","Hemokinesis+1","Shockwave","Iron Wave+1","Writhe","Shrug It Off","Flame Barrier+1","Iron Wave+1","Thunderclap+1","Immolate+1","CurseOfTheBell"],"relics":["Burning Blood","Molten Egg 2","Kunai","Empty Cage","MawBank","Question Card","Sundial","Red Skull","Charon\u0027s Ashes","Calling Bell","Strawberry","Eternal Feather","Girya"],"acts_visited":["Exordium","TheCity","TheBeyond"],"potions_floor_usage":[29],"damage_taken":[{"damage":1.0,"enemies":"Jaw Worm","floor":1.0,"turns":3.0},{"damage":1.0,"enemies":"Cultist","floor":3.0,"turns":4.0},{"damage":0.0,"enemies":"2 Louse","floor":5.0,"turns":3.0},{"damage":1.0,"enemies":"2 Fungi Beasts","floor":7.0,"turns":3.0},{"damage":32.0,"enemies":"Gremlin Nob","floor":11.0,"turns":4.0},{"damage":0.0,"enemies":"Looter","floor":12.0,"turns":3.0},{"damage":3.0,"enemies":"3 Louse","floor":13.0,"turns":2.0},{"damage":2.0,"enemies":"2 Fungi Beasts","floor":14.0,"turns":2.0},{"damage":39.0,"enemies":"Slime Boss","floor":16.0,"turns":14.0},{"damage":20,"enemies":"Spheric Guardian","floor":18,"turns":6},{"damage":6,"enemies":"Chosen","floor":20,"turns":4},{"damage":29,"enemies":"Centurion and Healer","floor":21,"turns":5},{"damage":44,"enemies":"Slavers","floor":24,"turns":8},{"damage":14,"enemies":"Snecko","floor":25,"turns":6},{"damage":21,"enemies":"3 Cultists","floor":29,"turns":5},{"damage":10,"enemies":"Book of Stabbing","floor":30,"turns":6},{"damage":7,"enemies":"Snake Plant","floor":31,"turns":3},{"damage":70,"enemies":"Collector","floor":33,"turns":11}],"seed_played":"-29311906868097163","potions_obtained":[{"floor":1.0,"key":"DistilledChaos"},{"floor":5.0,"key":"Explosive Potion"},{"floor":11.0,"key":"Regen Potion"},{"floor":14.0,"key":"FairyPotion"},{"floor":21,"key":"EssenceOfSteel"},{"floor":24,"key":"Swift Potion"},{"floor":25,"key":"AttackPotion"},{"floor":33,"key":"ColorlessPotion"}],"is_trial":false,"path_per_floor":["M","?","M","$","M","R","M","R","T","R","E","M","M","M","R","B",null,"M","$","M","M","?","R","E","M","T","$","R","M","E","M","R","B",null],"character_chosen":"IRONCLAD","items_purchased":["Ghostly Armor","Shockwave","Red Skull","Flame Barrier"],"campfire_rested":1,"item_purchase_floors":[4,19,27,27],"current_hp_per_floor":[72,72,72,72,72,72,72,72,72,72,46,52,55,59,59,26,72,63,63,63,45,45,45,12,9,9,9,30,31,27,26,26,16,79,79],"gold":261,"neow_bonus":"TRANSFORM_TWO_CARDS","is_daily":false,"chose_seed":false,"campfire_upgraded":6,"win_rate":0.0,"timestamp":1613222674,"path_taken":["M","?","M","$","M","R","M","R","T","R","E","M","M","M","R","BOSS","M","?","M","M","?","R","E","M","T","$","R","M","E","M","R","BOSS"],"items_purchased_type":["Card","Card","Relic","Card"],"build_version":"2020-12-22","purchased_purges":2,"victory":false,"max_hp_per_floor":[72,72,72,72,72,72,72,72,72,72,72,72,72,72,72,72,72,72,72,72,72,72,72,72,72,72,72,72,72,72,72,72,72,79,79],"relic_stats":{"counters":[18,92],"Sundial":[2],"Eternal Feather":0,"Charon\u0027s Ashes":[42],"Kunai":[7],"MawBank":60,"Question Card":6,"obtain_stats":[{"Girya":34,"Eternal Feather":34,"Charon\u0027s Ashes":30,"Empty Cage":17,"MawBank":22,"Question Card":24,"Burning Blood":0,"Calling Bell":34,"Sundial":26,"Strawberry":34,"Molten Egg 2":9,"Kunai":11,"Red Skull":27},{"Girya":18,"Eternal Feather":18,"Charon\u0027s Ashes":16,"Empty Cage":9,"MawBank":12,"Question Card":13,"Burning Blood":0,"Calling Bell":18,"Sundial":14,"Strawberry":18,"Molten Egg 2":4,"Kunai":5,"Red Skull":14},{"Girya":92,"Eternal Feather":92,"Charon\u0027s Ashes":78,"Empty Cage":38,"MawBank":53,"Question Card":61,"Burning Blood":0,"Calling Bell":92,"Sundial":67,"Strawberry":92,"Molten Egg 2":13,"Kunai":17,"Red Skull":67}],"Burning Blood":87},"card_choices":[{"not_picked":["Rupture","Carnage"],"picked":"Warcry","floor":1.0},{"not_picked":["Shockwave","Searing Blow"],"picked":"Cleave","floor":3.0},{"not_picked":["Clash","Seeing Red"],"picked":"Pommel Strike","floor":5.0},{"not_picked":["Headbutt","Bloodletting"],"picked":"Thunderclap","floor":7.0},{"not_picked":["Fiend Fire+1","Bludgeon+1"],"picked":"Infernal Blade","floor":11.0},{"not_picked":["Wild Strike+1","Blood for Blood+1"],"picked":"Shrug It Off","floor":12.0},{"not_picked":["Evolve","Wild Strike+1"],"picked":"Shrug It Off","floor":13.0},{"not_picked":["Twin Strike+1","Armaments"],"picked":"Battle Trance","floor":14.0},{"not_picked":["Corruption","Juggernaut"],"picked":"Reaper+1","floor":16.0},{"not_picked":["Combust","Headbutt+1"],"picked":"Hemokinesis+1","floor":18},{"not_picked":["Clash+1","Perfected Strike+1","Wild Strike+1"],"picked":"SKIP","floor":20},{"not_picked":["Body Slam+1","Intimidate"],"picked":"Iron Wave+1","floor":21},{"not_picked":["Evolve","Shockwave","Anger+1"],"picked":"SKIP","floor":24},{"not_picked":["Body Slam+1","Wild Strike+1","Pommel Strike+1"],"picked":"Shrug It Off","floor":25},{"not_picked":["Clothesline+1","Whirlwind+1","Ghostly Armor"],"picked":"Iron Wave+1","floor":29},{"not_picked":["Intimidate","Shrug It Off","Twin Strike+1"],"picked":"Thunderclap+1","floor":30},{"not_picked":["Shockwave","Searing Blow+1","Anger+1","Entrench"],"picked":"SKIP","floor":31},{"not_picked":["Double Tap","Bludgeon+1","Impervious"],"picked":"Immolate+1","floor":33}],"player_experience":84264,"relics_obtained":[{"floor":9.0,"key":"Molten Egg 2"},{"floor":11.0,"key":"Kunai"},{"floor":24,"key":"Question Card"},{"floor":26,"key":"Sundial"},{"floor":30,"key":"Charon\u0027s Ashes"},{"floor":34,"key":"Strawberry"},{"floor":34,"key":"Eternal Feather"},{"floor":34,"key":"Girya"}],"event_choices":[{"damage_healed":0.0,"max_hp_gain":0.0,"max_hp_loss":0.0,"gold_gain":0.0,"event_name":"Match and Keep!","player_choice":"1 cards matched","floor":2.0,"gold_loss":0.0,"damage_taken":0.0,"cards_obtained":["Good Instincts"]},{"damage_healed":0,"gold_gain":0,"player_choice":"Opened","damage_taken":0,"relics_obtained":["MawBank"],"max_hp_gain":0,"max_hp_loss":0,"event_name":"The Mausoleum","floor":22,"gold_loss":0,"cards_obtained":["Writhe"]}],"is_beta":false,"boss_relics":[{"not_picked":["Velvet Choker","Mark of Pain"],"picked":"Empty Cage"},{"not_picked":["Black Star","SacredBark"],"picked":"Calling Bell"}],"items_purged_floors":[4,19],"is_endless":false,"potions_floor_spawned":[1,5,11,14,21,24,25,33],"ascension_level":0}}